1839 3186
221 182 303 222 226
745 189 978 222 LIBELLUS
1014 191 1079 221 DE
1116 191 1232 221 VITA

220 294 527 349 ¹computabat.
591 293 750 346 Quibus
781 293 968 348 precibus
999 293 1176 347 expletis
1197 293 1420 348 sigillatim,
1453 292 1548 346 quia
1578 291 1750 348 alicujus

221 365 338 401 erant
362 360 618 414 quantitatis,
642 374 802 413 semper
832 359 957 399 tertio
979 364 1123 414 peetus
1145 374 1265 400 suum
1289 359 1485 409 ²tutudit,
1508 363 1550 400 et
1573 359 1630 400 sic
1655 373 1749 400 con-

222 427 294 467 scii
323 431 462 468 reatus
482 426 665 468 facinora
686 440 823 466 coram
848 424 1028 466 Domino
1051 424 1270 480 3expiavit.

219 714 306 739 CAP.
328 713 410 739 CIX.
489 713 680 741 QUOMODO
723 714 959 740 MONACHUM
1009 714 1089 738 lLLI
1139 712 1292 739 MISSAM
1338 713 1547 739 DICTURUM
1598 713 1750 738 PRAEVI-

279 779 410 813 DERIT,
457 778 505 803 ET
554 779 756 808 QUALITER
806 780 959 804 LAICUM
1012 780 1054 805 SE
1105 779 1342 805 FINGENTEM
1383 779 1618 805 LITERATUM
1661 779 1750 805 ESSE

280 824 545 870 DETEXERIT.4

281 946 302 1000 ξ
330 947 427 986 214.
462 945 637 997 QUIDAM
667 941 863 985 ⁵clerieus
894 949 935 985 et
971 944 1160 986 literatus
1189 945 1231 985 in
1261 944 1383 985 domo
1417 938 1667 985 6Bertranni
1699 944 1749 986 de

220 1011 415 1052 Bulemer
433 1011 487 1052 ad
504 1011 680 1051 militare
694 1010 967 1052 ministerium
984 1025 1025 1050 se
1047 1010 1237 1060 contulit,
1260 1015 1302 1051 et
1324 1025 1473 1051 corona
1497 1025 1591 1051 cum
1610 1005 1752 1052 ⁷coma

221 1082 428 1118 crescente
465 1077 662 1131 deposita,
697 1076 824 1117 laicus
855 1077 992 1131 potius
1025 1092 1148 1130 quam
1181 1077 1350 1117 clericus
1383 1076 1513 1117 videri
1542 1081 1582 1117 et
1613 1077 1750 1118 vocari

221 1144 385 1198 sat-egit.
448 1143 533 1183 Hie
564 1157 617 1183 ex
649 1142 789 1183 domni
820 1143 882 1183 sui
913 1142 1123 1191 mandato,
1157 1148 1198 1183 et
1229 1143 1334 1183 forte
1366 1158 1439 1197 pro
1471 1142 1651 1196 quodam
1686 1143 1748 1184 sui

220 1209 348 1264 ipsius
380 1209 558 1263 negotio,
598 1208 652 1249 ad
692 1209 826 1249 virum
863 1208 942 1248 Dei
974 1209 1190 1257 ascendit3
1229 1209 1301 1250 sed
1333 1209 1398 1249 die
1430 1209 1651 1249 Dominica
1681 1208 1750 1249 illo

219 1290 341 1316 mane
375 1274 609 1324 adveniens,
641 1274 752 1328 loqui
777 1289 870 1314 eum
893 1289 940 1314 eo
964 1279 1011 1315 ut
1036 1279 1267 1329 optaverat,
1305 1290 1427 1329 quam
1458 1275 1540 1315 cito
1570 1275 1751 1329 intemp-

219 1346 395 1391 taverat,
427 1339 616 1395 8prorsus
646 1355 727 1381 non
755 1340 933 1381 valebat.
997 1340 1158 1395 Nempe
1189 1339 1301 1382 91nos
1332 1341 1368 1382 ei
1404 1341 1456 1382 ab
1487 1341 1657 1395 antiquo
1689 1341 1750 1382 111-

266 1467 275 1487 ¹
299 1465 548 1512 computabat]
577 1464 799 1511 Supputabat,
821 1465 868 1498 H.

266 1524 279 1543 ²
301 1522 470 1569 Tutudit]
506 1523 569 1556 See
595 1522 611 1567 ξ
639 1525 706 1556 262
736 1522 802 1555 and
829 1522 951 1555 Libell.
976 1522 1017 1555 de
1043 1523 1076 1556 S.
1094 1522 1218 1556 Cuthb.
1244 1534 1277 1567 p.
1296 1525 1365 1564 653
1395 1522 1465 1556 also
1491 1522 1669 1556 Maldonat
1686 1522 1752 1555 and

221 1569 354 1603 Cornel.
371 1581 390 1602 a
409 1569 538 1614 Lapide
562 1581 653 1614 upon
679 1569 727 1602 St.
747 1568 853 1610 Luke,
872 1568 968 1601 xviii.
982 1571 1037 1602 23.
1087 1569 1161 1601 The
1185 1568 1356 1613 following
1381 1568 1526 1613 couplet,
1545 1568 1753 1602 transcribed

218 1617 305 1649 from
323 1627 343 1649 a
366 1616 442 1649 MS.
468 1621 547 1648 note
574 1615 606 1648 in
633 1626 652 1648 a
678 1626 764 1659 copy
781 1614 819 1647 of
832 1614 1043 1648 Jansenius's
1070 1614 1313 1660 Commentary
1336 1627 1427 1660 upon
1453 1615 1506 1649 his
1534 1614 1752 1660 Evangelical

221 1662 410 1707 Harmony,
428 1662 612 1695 illustrates
629 1661 687 1693 the
704 1666 789 1693 text.

561 1724 582 1741 (ι
597 1722 781 1764 Confiteor,
798 1722 916 1766 tundo,
933 1735 1096 1768 aspersor,
1115 1729 1262 1767 contero,
1280 1735 1348 1767 oro,

594 1769 725 1813 Signor,
743 1768 818 1810 edo,
838 1768 924 1802 dono
942 1782 950 1811 3
975 1781 1034 1814 per
1050 1769 1123 1803 haee
1141 1770 1285 1803 venialia
1302 1769 1420 1805 tollo.”

266 1833 280 1853 ³
301 1831 490 1878 Expiavit]
519 1833 541 1850 ‘⁴
553 1831 737 1876 Postquam
762 1831 852 1865 hune
869 1831 982 1865 locum
1000 1831 1189 1865 inhabitare
1214 1832 1326 1877 coepit,
1345 1832 1452 1866 tribus
1469 1836 1602 1865 tantum
1620 1831 1750 1865 vicibus

219 1878 305 1911 fines
323 1878 414 1911 illius
440 1878 556 1911 exivit.
607 1878 720 1912 Primo
747 1877 884 1922 quidem
909 1890 997 1911 anno
1023 1878 1224 1911 Nativitatis
1249 1884 1349 1912 nocte
1366 1879 1458 1912 venit
1475 1877 1696 1921 Dunelmum,
1714 1883 1752 1910 ut

221 1925 267 1957 ibi
294 1924 418 1957 Divino
444 1924 621 1957 interesset
648 1924 780 1957 Officio.
830 1924 912 1957 Erat
938 1930 1052 1957 autem
1076 1924 1202 1968 glacies
1228 1924 1310 1957 dura
1336 1931 1368 1958 et
1393 1925 1454 1958 nix
1478 1924 1656 1969 profunda,
1675 1935 1751 1968 quae

220 1970 344 2003 alieubi
359 1970 401 2003 ad
415 1970 588 2014 cingulum
605 1970 800 2014 gradientis,
813 1970 938 2014 ubique
953 1982 1031 2002 vero
1045 1970 1087 2003 ad
1100 1982 1210 2014 genua
1220 1971 1430 2016 pertingebat
1445 1983 1453 2012 3
1479 1970 1538 2003 sed
1555 1970 1612 2003 ille
1630 1970 1752 2003 nihilo-

221 2017 334 2049 minus
360 2016 459 2049 nudis
484 2015 627 2060 pedibus
653 2016 722 2049 ibat
747 2021 779 2048 et
803 2015 907 2049 solus.
957 2016 1113 2060 Vestigia
1137 2017 1273 2060 quidem
1300 2017 1405 2061 ipsius
1431 2017 1485 2050 die
1511 2016 1663 2060 sequenti
1682 2016 1753 2049 visa

222 2068 301 2095 sunt
318 2065 481 2106 sanguine
499 2066 683 2095 cruentata.
732 2061 850 2094 Altera
867 2062 940 2095 vice
957 2062 1080 2094 Sancto
1099 2062 1253 2095 Paschali
1273 2062 1481 2095 Dunelmum
1501 2062 1751 2095 Eucharistiam

221 2113 440 2153 percepturus
458 2108 604 2141 advenit.
656 2107 771 2140 Tertia
788 2119 865 2140 vero
891 2107 997 2152 ipsius
1018 2108 1118 2150 jussu
1136 2108 1227 2140 venit
1244 2108 1336 2151 illue,
1355 2108 1502 2142 Ranulfo
1520 2108 1678 2141 Pontifici
1702 2108 1751 2141 lo-

221 2160 372 2187 cuturus.
439 2153 626 2197 Nunquam
651 2153 739 2186 horti
765 2153 816 2186 sui
841 2153 938 2196 fines,
965 2152 1155 2199 excepti[s]
1184 2154 1291 2187 tribus
1317 2155 1370 2188 his
1397 2155 1538 2197 vicibus,
1556 2159 1627 2187 tam
1650 2154 1752 2199 longo

221 2207 372 2244 tempore
389 2199 615 2244 pertransivit.
666 2199 824 2232 Habebat
842 2200 978 2243 quidem
996 2199 1140 2244 lapillos,
1159 2200 1281 2244 quibus
1300 2201 1488 2234 orationum
1506 2212 1588 2245 quas
1607 2200 1751 2234 faciebat

221 2245 476 2278 multitudinem
505 2244 714 2288 numerabat,
745 2250 777 2278 et
806 2256 938 2290 semper
966 2257 1146 2278 numerans
1173 2252 1292 2290 pectus
1319 2258 1418 2281 suum
1448 2247 1547 2281 tertio
1576 2245 1752 2280 fe1·iebat.'’

221 2292 334 2325 Anon.
354 2291 450 2324 Harl.
470 2291 618 2335 Legend.

268 2349 280 2368 ⁴¹
306 2348 347 2381 In
364 2348 421 2380 the
440 2347 536 2381 Harl.
555 2347 631 2381 MS.
650 2348 789 2392 chapter
809 2347 1062 2381 LXXXVIII.

266 2406 279 2424 ⁵
300 2403 473 2450 Clericus]
511 2404 661 2437 Clericus
688 2404 840 2437 literatus
866 2416 902 2437 se
928 2405 962 2437 in
990 2404 1089 2438 domo
1118 2405 1272 2439 Bertram
1298 2406 1339 2439 de
1367 2406 1538 2448 Bulemer,
1569 2405 1751 2439 Mauritius

220 2452 368 2494 nomine,
386 2451 429 2483 ad
446 2450 592 2483 militare
610 2450 864 2494 monasterium,
888 2450 934 2484 Η.

266 2508 279 2527 ⁶
300 2508 485 2541 Bertrcmni
501 2508 539 2539 de
559 2506 742 2551 Bulcmmu]
768 2506 902 2545 Emma,
921 2507 979 2539 the
1004 2507 1168 2552 daughter
1191 2508 1258 2541 and
1283 2509 1353 2542 sole
1378 2508 1450 2542 heir
1468 2508 1506 2541 of
1526 2508 1681 2541 Bertram
1708 2509 1749 2541 de

221 2554 373 2594 Bulmer,
399 2552 543 2586 married
562 2553 722 2596 Geoffrey
740 2552 780 2584 de
799 2552 948 2594 Neville,
968 2554 987 2571 “
999 2553 1045 2597 by
1062 2553 1172 2587 which
1197 2555 1360 2599 marriage
1377 2555 1435 2587 the
1452 2555 1515 2587 fair
1538 2554 1688 2599 lordship
1714 2554 1752 2587 of

221 2599 410 2644 Branspeth
441 2599 475 2631 in
505 2598 561 2631 the
595 2604 720 2642 eounty
749 2597 897 2642 palatine
926 2599 964 2631 of
996 2599 1148 2633 Durhani
1175 2612 1270 2633 came
1298 2600 1372 2633 first
1401 2606 1435 2633 to
1464 2600 1522 2633 the
1556 2600 1745 2634 Nevilles.'’

220 2645 405 2690 Dugdale's
423 2645 608 2689 Bal-onage,
627 2644 649 2677 i.
668 2646 747 2677 592.

264 2703 277 2726 7
298 2702 398 2737 Coma
414 2700 602 2746 crescente]
631 2700 687 2733 Du
706 2700 832 2744 Gange,
853 2700 966 2735 Gloss.
983 2701 1019 2734 ii.
1038 2703 1116 2745 241,
1134 2702 1194 2735 has
1220 2702 1384 2736 collected
1408 2703 1509 2737 much
1528 2703 1744 2737 information

218 2761 308 2794 upon
325 2748 382 2781 the
400 2754 531 2781 eustom
550 2752 584 2780 to
601 2746 711 2779 which
725 2746 869 2779 allusion
887 2747 915 2779 is
932 2746 1011 2780 here
1028 2748 1139 2781 made.

263 2807 277 2826 8
296 2804 466 2850 Prorsus]
494 2804 560 2837 Sed
577 2815 723 2849 prorsus,
746 2803 792 2836 H.

263 2863 275 2881 ⁹
294 2860 402 2907 IMos]
432 2861 515 2894 This
534 2866 665 2894 custom
683 2860 743 2893 has
761 2860 874 2893 before
892 2860 975 2893 been
995 2860 1130 2894 alluded
1148 2867 1204 2903 to;
1230 2873 1285 2895 see
1304 2862 1320 2906 ξ
1342 2865 1417 2896 128.
