1839 3186
545 168 603 199 ET
638 167 901 199 MIRACULIs
939 166 971 197 s.
998 165 1212 197 GODRICI.
1562 151 1645 196 277

104 367 189 392 CAP.
222 367 353 391 CXLVI.
417 367 581 396 QUANTA
613 367 888 393 SIMULATIONE
919 366 1006 391 EUM
1033 365 1233 391 DAEMONES
1260 364 1560 400 ADORAVERINT,
1592 367 1638 390 ET

314 433 506 462 QUOMODO
542 434 633 460 EJUS
666 434 757 458 FIDE
789 434 837 458 ET
869 433 1078 458 PRAECEPTO
1110 432 1257 458 FUGATI
1290 415 1424 456 SUNT.1

162 533 303 587 §262
341 534 447 575 Posr
479 534 569 574 haec
600 534 769 587 antiquo
804 535 968 586 pectore
999 545 1107 571 nova
1137 528 1335 585 figmenta
1366 546 1630 586 componens,

100 599 181 640 alia
203 614 244 640 se
265 599 399 654 specie
421 600 568 650 induit,
607 604 649 640 et
679 600 732 640 ad
753 597 1028 653 aquilonalem
1059 596 1199 651 anguli
1236 596 1432 639 Ecclesiae
1455 603 1629 652 partem,

100 665 214 718 quasi
247 665 297 706 de
319 666 421 707 duro
443 666 612 721 pariete,
638 679 918 721 prorumpens,
952 663 993 704 in
1027 668 1203 717 quatuor
1232 663 1447 704 hominum
1478 663 1630 718 effigies

100 745 141 772 se
164 731 332 781 divisit3
367 748 456 786 quae
487 733 552 774 vel
579 747 684 774 unus
715 732 882 786 spiritus
917 745 988 771 seu
1019 730 1156 784 plures
1190 730 1297 770 tanti
1328 745 1498 771 numero
1531 735 1630 784 quot

100 803 195 838 sunt
233 797 331 839 2visi
370 799 537 848 fuerint,
578 799 782 840 incertum
818 801 893 847 est,
930 795 1020 836 Deo
1051 810 1147 837 vero
1184 795 1269 836 Soli
1305 797 1516 851 cognitum
1553 801 1628 839 est.

101 863 181 915 Qui
202 870 299 905 ante
321 864 470 906 Altare
493 865 564 906 diu
584 880 719 919 genua
739 862 952 904 flectentes
971 867 1011 903 et
1034 867 1203 916 pectora
1222 863 1371 917 pugnis
1392 863 1627 913 tundentes,

99 930 353 972 orationibus
375 946 416 972 se
441 931 654 972 intendere
686 930 947 972 simulabant.
1011 928 1094 969 Sed
1124 932 1217 983 post
1245 929 1332 969 haec
1355 930 1506 980 omnia,
1533 944 1631 984 erga

98 1010 259 1037 servum
282 996 361 1037 Dei
387 997 585 1047 conversi,
609 997 723 1051 quasi
755 995 812 1036 illi
846 1010 919 1050 pro
951 1010 1026 1035 sua
1056 994 1278 1035 sanctitate
1309 995 1482 1049 gloriam
1514 995 1628 1036 diffe-

97 1067 245 1112 rentes,
270 1064 416 1118 saepius
438 1063 649 1105 submissis
673 1062 715 1103 in
737 1067 891 1103 terram
913 1061 1118 1115 capitibus
1148 1076 1286 1101 coram
1311 1061 1379 1101 illo
1406 1076 1492 1103 sese
1515 1062 1627 1115 geni-

95 1127 172 1169 bus
220 1130 549 1183 procurvabant3
594 1129 743 1170 exinde
792 1143 890 1182 erga
936 1127 1085 1168 Altare
1132 1128 1248 1181 quasi
1300 1133 1476 1177 orantes,
1525 1142 1628 1182 opus

96 1194 314 1248 pristinum
335 1196 555 1246 iterabant,
583 1201 623 1237 et
646 1197 796 1236 iterum
816 1199 940 1248 atque
962 1193 1113 1234 iterum
1144 1198 1242 1234 ante
1274 1208 1438 1235 servum
1472 1193 1552 1234 Dei
1586 1209 1628 1235 se

96 1275 244 1302 cernuo
265 1262 420 1317 poplite
440 1262 757 1317 procurvabant.
805 1260 906 1313 Quae
928 1259 1128 1314 prolixius
1148 1265 1330 1314 agentes,
1354 1260 1426 1301 sed
1448 1260 1527 1301 Dei
1548 1276 1627 1302 ser-

94 1342 191 1367 vum
216 1328 258 1368 in
274 1328 337 1369 his
358 1344 440 1369 non
472 1328 689 1370 seductum
710 1328 847 1369 animo
881 1326 1193 1381 perpendentes,
1231 1326 1402 1367 taudem
1422 1326 1464 1367 in
1486 1326 1626 1367 altitu-

95 1392 233 1434 dinem
269 1394 496 1435 maximam
533 1394 752 1436 crescendo
785 1408 858 1435 sua
894 1408 1064 1447 corpora
1100 1392 1381 1447 subrigebant,
1416 1397 1457 1434 et
1490 1393 1628 1448 capita

92 1459 355 1513 phantastica
376 1476 479 1515 pene
499 1476 627 1515 usque
649 1461 703 1502 ad
724 1459 987 1501 altitudinem
1010 1459 1191 1500 trabium
1226 1458 1425 1500 Ecclesiae
1460 1464 1626 1514 proten·-

93 1525 258 1569 debant.
323 1527 439 1568 Tunc
461 1527 677 1569 manifeste
702 1541 817 1568 servo
843 1525 923 1566 Dei
945 1525 1123 1566 innotuit
1145 1524 1253 1579 quod
1288 1525 1376 1566 haec
1404 1525 1624 1567 adversan-

91 1591 196 1633 tium
239 1592 315 1634 sibi
362 1594 599 1634 daemonum
644 1593 776 1634 illusio
819 1591 1082 1647 phantastica
1128 1590 1281 1639 fuerit3
1334 1596 1375 1632 et
1416 1591 1623 1633 advocans

90 1657 337 1708 ministrum,
375 1660 573 1714 praecepit
609 1664 655 1700 ut
691 1674 774 1707 eos,
810 1673 917 1712 aqua
957 1657 1176 1698 benedicta
1210 1672 1388 1712 aspersa,
1426 1658 1617 1712 fugaret3

90 1739 213 1777 quam
254 1725 502 1780 refugientes
543 1725 742 1780 comperit
783 1724 893 1779 quod
935 1738 1009 1764 nec
1049 1723 1138 1764 illos
1175 1722 1231 1764 sic
1266 1723 1431 1778 abigere
1469 1729 1619 1778 posset.

89 1790 289 1845 Denique,
314 1792 442 1832 securi
472 1797 649 1846 arrepta,
674 1790 799 1846 jussit
831 1790 984 1831 famulo
1017 1789 1059 1829 in
1090 1790 1199 1844 ipsos
1233 1789 1412 1837 irrue1·e;
1448 1790 1558 1843 quod
1580 1796 1621 1832 et

88 1856 155 1897 ille
192 1872 430 1911 exsequens,
468 1858 574 1899 ictus
608 1857 840 1913 pervalidos
877 1857 997 1910 coepit
1034 1856 1181 1910 saepius
1217 1855 1257 1895 in
1297 1855 1385 1895 illos
1418 1856 1618 1897 vibrando

79 1921 295 1978 jaculare3
335 1924 403 1978 qui
430 1925 599 1965 tandem
627 1923 723 1965 fidei
757 1923 904 1964 merito
926 1922 1003 1964 viri
1030 1922 1110 1962 Dei
1142 1921 1305 1972 devicti,
1333 1921 1544 1976 diffiigere,
1578 1928 1620 1964 et

87 1988 369 2031 inanescentes
390 2006 463 2045 per
486 2006 581 2031 aera
602 2006 804 2044 nusquam
827 2003 1103 2043 comparuere.

147 2055 256 2096 Haec
282 2056 368 2110 ipse
390 2057 552 2098 cuidam
575 2057 693 2098 fratri
720 2061 860 2097 nostro
882 2054 1037 2104 retulit,
1068 2060 1108 2095 et
1134 2055 1241 2095 inter
1266 2053 1347 2095 alia
1369 2060 1614 2108 conquestus

88 2121 208 2171 dixit,
243 2126 267 2143 “
290 2122 433 2174 Vides,
458 2122 527 2172 fili,
552 2128 650 2177 quot
680 2123 839 2163 dolores
869 2123 910 2163 in
941 2121 1018 2162 hoc
1041 2122 1220 2176 corporis
1250 2119 1490 2161 infirmitate
1526 2136 1611 2163 sus-

84 2188 219 2236 tineo;
246 2189 318 2230 sed
339 2193 479 2230 tamen
498 2188 735 2245 hujusmodi
755 2189 883 2230 moles
900 2187 1097 2229 molestiae
1117 2189 1158 2229 in
1180 2187 1325 2241 spiritu
1346 2187 1609 2242 gravissimas

75 2252 233 2310 jugiter
255 2253 478 2309 ³perfero.''

129 2364 139 2384 ¹
166 2364 241 2398 Nor
258 2365 338 2399 does
356 2366 423 2399 this
440 2365 577 2410 chapter
594 2376 694 2398 occur
711 2366 744 2398 in
762 2365 818 2397 the
839 2364 933 2397 Harl.
953 2364 1028 2397 Ms.

129 2411 141 2430 ²
166 2411 402 2458 Visiflterint]
424 2412 572 2445 Vincent
591 2411 631 2444 (lc
650 2411 827 2454 Beauvais,
846 2411 943 2455 Spec.
961 2410 1094 2454 Moral„
1107 2422 1138 2455 p.
1155 2413 1231 2453 893,
1249 2410 1417 2444 discusses
1435 2410 1491 2444 the
1509 2410 1609 2444 mode

82 2457 127 2502 by
144 2457 254 2491 which
272 2458 336 2492 evil
355 2459 467 2504 spirits
483 2457 629 2504 produce
647 2457 742 2491 these
760 2457 940 2490 delusions.

127 2504 140 2524 3
159 2504 326 2550 Pessima]
349 2507 370 2523 ‘⁴
385 2506 416 2538 A
433 2511 526 2550 parte
544 2504 728 2548 aquilonari
749 2503 912 2537 Ecclesiae
928 2502 1122 2548 prodierunt
1140 2503 1234 2547 quasi
1253 2509 1320 2536 tres
1335 2503 1394 2535 viri
1410 2503 1451 2536 de
1469 2503 1606 2547 pariete,

83 2549 140 2594 qui
159 2550 248 2583 velut
267 2558 398 2584 orantes
416 2563 527 2584 eoram
546 2551 654 2583 Altari
680 2562 790 2595 genua
814 2550 995 2583 flectebant
1012 2555 1214 2594 pectoraque
1240 2549 1426 2582 tundebant
1444 2562 1451 2590 3
1478 2556 1509 2581 et
1527 2559 1606 2581 con-

84 2596 167 2628 versi
182 2596 361 2641 aliquando
373 2597 414 2630 ad
427 2598 587 2630 Sanctum
596 2597 839 2641 Dei,tanquam
854 2602 1050 2629 venerantes
1063 2595 1169 2638 illum,
1181 2595 1323 2640 genibus
1337 2595 1483 2628 curvatis
1496 2595 1607 2639 capita

81 2642 299 2677 inclinabant.
351 2644 437 2676 Cum
455 2644 503 2677 sic
518 2643 645 2676 diutius
663 2650 809 2687 agentes,
825 2640 1111 2687 a[d]vertere[n]t
1128 2642 1223 2674 illum
1242 2653 1306 2674 non
1325 2653 1398 2674 esse
1417 2641 1606 2685 deceptum,

83 2696 316 2722 excrescentes
329 2691 361 2722 in
376 2690 481 2722 altum
501 2702 600 2734 super
617 2689 728 2722 trabes
746 2689 856 2734 capita
867 2688 1061 2721 efferebant.
1113 2688 1293 2720 Advocans
1311 2698 1387 2731 ergo
1406 2687 1607 2728 ministrum,

82 2733 158 2767 illos
176 2747 260 2780 aqua
287 2735 464 2769 benedicta
490 2736 569 2769 feeit
587 2735 717 2780 aspergi
736 2749 742 2776 ;
769 2743 799 2768 et
819 2747 895 2768 cun}
922 2747 987 2767 non
1015 2735 1062 2767 sie
1090 2733 1401 2777 eff11ge1·e1]t‚jussit
1421 2739 1456 2766 ut
1476 2733 1509 2766 in
1533 2732 1608 2766 illos

84 2781 222 2815 irrueret
241 2794 317 2815 cuni
336 2782 454 2825 securi,
475 2788 505 2815 ct
525 2782 572 2815 sic
592 2782 735 2826 denique
754 2781 1003 2827 profugerunt.”
1029 2782 1141 2814 Anon.
1163 2779 1258 2813 Harl.
1281 2778 1426 2823 Legend,
