1839 3186
518 233 577 264 ET
613 232 884 266 MIRAcums
917 233 952 264 s.
972 232 1191 264 GonmcI.
1537 223 1617 264 109

145 339 285 394 §102
318 338 484 390 Quanto
515 336 690 391 denique
722 336 875 378 talibus
905 335 1093 390 alloquiis
1122 335 1331 391 replicatis
1364 334 1511 391 saepius
1542 336 1620 377 iste

84 405 252 454 institit,
285 409 403 446 tanto
427 403 681 458 pertinacius
705 403 811 444 alter
834 403 874 443 in
897 402 1114 443 renitendo
1137 407 1178 443 et
1203 403 1513 458 tergiversando
1549 418 1622 458 per

86 471 248 513 diversa
275 470 495 513 verborum
518 470 791 511 deliramenta
812 468 1050 524 respondit3
1085 468 1257 509 tandem
1286 484 1379 509 cum
1401 469 1458 509 nil
1479 469 1620 525 hujus-

84 538 197 579 modi
221 537 467 592 respondere
488 536 697 586 voluisset,
721 536 785 577 vir
807 535 888 576 Dei
917 535 1126 577 100111111115
1148 535 1202 576 ad
1227 550 1321 576 eum
1349 536 1542 584 accessit3
1578 540 1620 576 et

85 604 100 626 ²
116 604 253 645 libello
276 604 325 644 de
348 603 440 644 sinu
461 602 537 644 sibi
559 607 781 657 protracto,
815 602 1038 657 imaginem
1071 601 1311 652 Salvatoris,
1347 617 1441 643 cum
1473 601 1619 643 Beatae

88 670 238 711 Mariae
259 669 449 724 imaginis
475 669 754 719 similitudine,
794 674 835 710 et
870 668 1014 709 Sancti
1036 668 1066 709 J
1070 668 1242 709 ohannis
1263 667 1426 723 pictura
1449 668 1620 709 honeste

85 737 128 778 in
148 737 245 778 folio
267 737 444 791 depicta,
467 735 654 791 protulit,
690 740 731 776 et
762 750 857 776 cum
886 735 1046 790 impetu
1081 734 1357 776 festinationis
1380 735 1435 775 ad
1456 750 1500 776 os
1534 733 1622 790 ejus

85 803 292 859 apposuit.
356 807 380 825 ‘⁶
404 802 554 851 Εο06,”
593 801 739 856 inquit,
774 806 799 824 ‘⁶
822 802 855 843 si
891 802 933 842 in
965 801 1129 843 Christo
1161 801 1306 852 credis,
1340 801 1404 842 his
1434 816 1623 842 reveren-

86 870 189 911 tiam
222 869 399 918 adhibe3
435 874 476 910 et
503 868 714 910 Christum
737 867 945 923 profitens,
984 869 1065 909 ista
1100 867 1311 909 adorando
1344 867 1620 909 deosculare.''

88 936 150 977 At
170 936 238 977 1116
261 936 416 977 diutius
434 950 516 976 non
537 950 681 989 passus
710 935 811 976 talia
832 935 1045 985 sustinere,
1072 934 1236 990 proprio
1258 934 1450 975 confusus
1471 934 1623 976 scelere

85 1003 201 1057 quasi
225 1007 440 1057 sputorum
471 1001 669 1042 libamina
698 1001 740 1042 in
770 1001 915 1042 folium
946 1001 1150 1056 protulit3
1187 1005 1228 1041 et
1253 1001 1544 1042 subsannando
1577 1001 1619 1042 in

85 1084 228 1110 auram
251 1083 423 1110 vacuam
456 1067 708 1122 diffugiendo
741 1068 955 1122 disparuit.
1019 1067 1191 1108 Terram
1212 1082 1308 1108 vero
1344 1067 1471 1116 illam,
1496 1082 1621 1121 quam

87 1135 298 1186 effoderat,
331 1150 403 1189 per
435 1149 564 1181 annos
599 1134 753 1175 multos
791 1139 936 1189 postea
969 1149 1045 1175 nec
1083 1134 1188 1175 sevit
1218 1148 1294 1174 nec
1328 1133 1515 1188 contigit,
1550 1133 1624 1175 sed

88 1217 195 1257 aqua
213 1201 432 1243 benedicta
462 1200 614 1256 saepius
650 1201 902 1256 conspersit3
940 1205 981 1241 et
1016 1200 1183 1241 demum
1205 1200 1418 1256 septennio
1441 1201 1621 1256 expleto,

89 1284 241 1320 rursus,
264 1267 534 1324 praecipiente
559 1267 783 1319 sacerdote,
804 1283 895 1309 eam
924 1266 939 1288 ³
948 1267 1143 1309 excoluit.

136 1375 143 1393 ¹
168 1373 349 1420 Cominus]
378 1373 453 1407 MS.
468 1372 670 1407 comminus.

135 1421 148 1440 ²
166 1420 325 1467 Libello]
355 1421 457 1453 From
476 1420 533 1453 the
551 1425 695 1452 account
714 1418 751 1451 of
765 1418 822 1452 the
844 1420 998 1465 painting
1016 1419 1128 1453 which
1147 1419 1214 1453 this
1233 1419 1367 1454 volume
1386 1420 1577 1464 contained,
1597 1421 1623 1454 it

89 1479 169 1513 may
186 1467 227 1501 be
244 1466 425 1513 presumed
444 1467 516 1499 that
534 1467 560 1499 it
578 1478 646 1499 was
664 1478 682 1498 a
702 1465 823 1499 Missal
840 1479 848 1507 3
863 1478 905 1499 an
925 1466 1153 1500 illumination
1180 1468 1412 1512 representing
1429 1467 1486 1500 the
1506 1467 1624 1500 Cruci-

88 1514 208 1557 fixion,
226 1514 308 1547 with
325 1513 383 1546 the
402 1513 526 1558 figures
548 1512 586 1546 of
599 1512 656 1545 the
683 1512 826 1546 Blessed
847 1513 967 1558 Virgin
990 1513 1056 1547 and
1083 1514 1132 1547 St.
1145 1513 1248 1557 John,
1273 1514 1375 1559 being
1396 1513 1531 1559 usually
1548 1526 1623 1560 pre--

90 1560 184 1594 fixed
202 1567 236 1594 to
254 1560 311 1593 the
331 1560 448 1593 Canon
466 1560 503 1593 of
517 1559 573 1593 the
592 1559 700 1593 Mass.

135 1608 149 1629 ³
169 1606 355 1653 Excolait]
384 1608 406 1625 “
425 1606 488 1640 Ille
520 1606 702 1639 fossorium
740 1605 940 1639 festinanter
975 1606 1158 1652 accipiens,
1193 1612 1316 1640 terram
1356 1606 1488 1640 fortiter
1522 1608 1625 1653 coepit

90 1660 250 1688 evertere.
301 1653 454 1687 Perfecto
473 1653 642 1686 Godricus
660 1653 781 1695 officio,
807 1653 981 1695 remeavit,
1000 1659 1033 1686 et
1050 1653 1126 1698 plus
1152 1653 1262 1698 operis
1289 1653 1417 1686 invenit
1435 1654 1623 1699 expletum,

91 1713 192 1746 quam
222 1701 294 1746 ipse
312 1700 346 1733 in
365 1707 440 1733 octo
459 1699 578 1733 diebus
600 1699 774 1732 consuevit
793 1700 935 1733 efficere.
987 1700 1084 1733 Tunc
1102 1700 1149 1733 ait
1167 1700 1245 1734 ille:
1273 1701 1282 1718 ⁶
1297 1700 1351 1733 Sic
1370 1706 1403 1734 et
1421 1706 1457 1733 tu
1476 1701 1625 1735 debuisti

90 1748 233 1781 Patrum
251 1747 408 1792 exempla
424 1747 532 1791 inagis
551 1745 730 1779 sudoribus
751 1745 927 1780 aemulari.'
979 1746 1055 1780 Hoc
1074 1746 1201 1790 videns,
1221 1746 1271 1780 vir
1289 1753 1426 1780 sanctus
1445 1747 1622 1792 inhorruit,

91 1794 182 1839 quod
207 1794 318 1839 ipsum
344 1805 411 1826 non
437 1805 510 1826 6556
528 1804 642 1825 verum
669 1792 843 1825 hominem
868 1793 1051 1827 intellexit.
1103 1793 1185 1826 Erat
1203 1792 1340 1838 quidem
1358 1799 1449 1827 totus
1475 1794 1570 1838 niger
1591 1800 1625 1828 et

90 1840 257 1886 hispidus,
277 1845 310 1873 et
327 1846 455 1873 statura
479 1850 648 1884 procemS,
668 1845 701 1872 et
717 1851 777 1883 pro
794 1844 887 1872 tanto
905 1839 1055 1872 fodiendi
1073 1851 1172 1884 opere
1198 1839 1328 1873 nullum
1354 1840 1490 1885 penitus
1519 1841 1554 1874 in
1585 1853 1624 1874 eo

93 1887 227 1932 signum
245 1886 377 1919 sudoris
395 1892 452 1919 aut
469 1885 593 1919 laboris
611 1886 776 1930 apparuit.
827 1885 891 1918 Vir
909 1885 973 1919 Dei
992 1886 1034 1919 ad
1052 1886 1173 1919 cellam
1190 1886 1388 1931 regreditur,
1403 1892 1436 1919 et
1450 1894 1624 1933 assumpto

93 1934 128 1966 in
146 1934 223 1967 sinu
247 1932 375 1975 libello,
404 1944 484 1966 mox
515 1944 680 1972 reversus,
704 1931 769 1965 hoc
794 1931 862 1966 ait:
898 1933 907 1950 ⁴
922 1932 987 1966 Dic
1012 1932 1095 1966 mihi
1123 1933 1197 1977 quis
1215 1939 1253 1965 tu
1271 1933 1327 1976 sis,
1347 1938 1380 1966 61
1397 1933 1440 1966 ad
1458 1933 1539 1978 quid
1556 1934 1624 1968 huc

94 1980 224 2013 veneris
240 1979 265 2013 l’
316 1979 360 2012 Et
379 1979 457 2013 ille:
484 1979 634 2012 ‘Nonne
652 1984 689 2011 tu
707 1978 800 2011 vides
827 1978 916 2023 quod
940 1978 1042 2012 homo
1068 1990 1144 2012 sum
1169 1979 1219 2012 tui
1246 1979 1408 2013 similis?'
1461 1980 1557 2013 Tunc
1576 1981 1626 2014 vir

93 2033 230 2060 sanctus
247 2038 254 2060 :
281 2028 290 2045 ⁶
305 2026 339 2059 Si
357 2026 458 2059 homo
477 2026 536 2069 es,'
555 2025 612 2069 ait,
631 2028 643 2044 ‘
655 2025 708 2058 dic
726 2037 768 2058 an
792 2025 901 2058 credis
919 2025 953 2058 in
973 2026 1121 2068 Patrem,
1139 2037 1181 2058 an
1198 2026 1233 2059 111
1252 2025 1391 2069 Filium,
1410 2032 1444 2059 et
1462 2026 1625 2072 Spiritum

94 2073 267 2116 Sanctum,
294 2078 326 2106 et
346 2078 490 2105 matrem
520 2072 659 2105 Domini
688 2072 756 2105 mei
787 2083 922 2105 mecum
952 2071 1077 2105 adora-³
1127 2072 1173 2106 Et
1194 2072 1273 2106 ille:
1300 2076 1308 2092 ‘
1325 2072 1382 2106 Ne
1410 2073 1456 2106 sis
1483 2073 1524 2106 de
1548 2085 1626 2107 mea

95 2119 294 2154 credulitate
320 2119 497 2163 sollicitus,
523 2130 586 2152 nec
611 2119 677 2152 ista
702 2119 877 2163 inquisitio
903 2118 945 2152 ad
970 2124 1004 2152 te
1027 2118 1181 2164 spectat.'
1233 2118 1320 2152 Cum
1340 2119 1482 2153 versutis
1505 2119 1625 2164 hujus-

94 2166 187 2200 modi
209 2166 483 2211 responsionibus
510 2165 761 2210 tergiversando
780 2165 888 2198 virum
915 2165 980 2199 Dei
1004 2165 1201 2211 aliquandiu
1218 2166 1396 2208 tenuisset,
1422 2167 1565 2200 accessit
1583 2167 1626 2201 ad

95 2225 174 2247 eum
192 2213 358 2255 cominus,
377 2218 410 2245 et
427 2218 579 2246 extracto
598 2212 638 2245 de
657 2212 734 2246 sinu
757 2211 884 2256 libello,
903 2212 1085 2246 Salvatoris
1104 2219 1138 2245 et
1155 2212 1272 2246 Beatae
1290 2212 1443 2257 Virginis
1460 2219 1493 2246 et
1511 2213 1626 2247 Sancti

96 2259 264 2293 Johannis
289 2259 453 2303 imagines
479 2259 630 2305 depictas
655 2258 698 2292 ad
723 2270 760 2292 os
786 2258 877 2292 illius
902 2259 1101 2292 festinanter
1123 2259 1292 2305 apposuit.
1343 2259 1479 2303 ‘Ecce,’
1505 2260 1627 2305 inquit,

98 2308 107 2325 ‘
121 2307 148 2340 si
168 2305 276 2340 credis
294 2306 328 2339 in
347 2305 545 2350 Dominum,
563 2305 624 2339 has
643 2305 783 2339 devotus
801 2305 966 2350 imagines
984 2306 1159 2340 osculare)
1188 2305 1251 2339 Ille
1269 2317 1347 2338 vero
1364 2305 1452 2339 ultra
1468 2318 1535 2339 non
1554 2318 1629 2340 sus-

96 2353 221 2395 tinens,
246 2353 341 2397 quasi
367 2358 504 2397 sputum
528 2352 669 2397 protulit
693 2352 728 2385 in
751 2351 918 2395 libellum,
944 2357 978 2385 et
995 2351 1234 2386 subsannando
1261 2352 1436 2397 disparuit.
1488 2353 1628 2387 Terram

97 2405 212 2433 autem
229 2410 330 2444 quam
349 2398 522 2442 effoderat,
541 2405 671 2444 septem
687 2398 784 2432 annis
810 2398 940 2432 dimisit
959 2398 1129 2433 Godricus
1148 2398 1322 2442 incultam,
1341 2398 1401 2432 sed
1418 2411 1506 2445 aqua
1523 2399 1627 2433 bene-

99 2446 190 2480 dicta
207 2457 296 2491 saepe
322 2445 509 2490 conspersit
523 2458 532 2488 3
558 2452 591 2479 et
608 2450 685 2491 post
702 2445 916 2491 septennium
940 2456 1014 2479 eam
1039 2452 1208 2492 praecepto
1232 2445 1417 2480 sacerdotis
1441 2446 1629 2481 excoluit.”

99 2493 211 2526 Anon.
230 2491 325 2526 Harl.
343 2491 493 2537 Legend.
