1839 3186
317 625 683 672 APPENDIX
719 625 802 671 TO
840 624 976 670 THE
1014 624 1339 671 PREFACE.

818 903 852 944 I.

127 1037 360 1078 SERVIERAT
385 1037 541 1091 aliquot
563 1037 680 1078 annis
702 1037 870 1091 quidam
896 1037 1133 1079 adolescens
1155 1038 1276 1079 beato
1299 1037 1398 1087 seni,
1422 1038 1490 1092 qui
1515 1037 1603 1079 ani-

67 1119 136 1145 mo
169 1105 316 1146 statuit
338 1109 379 1145 et
412 1110 507 1145 voto
541 1102 801 1145 confirmavit
825 1104 1163 1160 Hierosolymam
1196 1103 1411 1159 proficisci.
1475 1104 1604 1160 Cujus

69 1187 164 1213 cum
184 1171 296 1213 idem
320 1177 439 1227 pater
456 1171 704 1213 desiderium
726 1172 974 1226 agnovisset,
993 1171 1047 1212 ad
1067 1172 1443 1227 peregrinationem
1464 1172 1603 1213 horta-

68 1239 221 1287 batur3
255 1239 358 1280 nihil
383 1253 567 1280 asserens
597 1239 640 1279 in
668 1238 747 1279 hac
769 1238 856 1280 vita
887 1238 1050 1280 beatius
1083 1254 1207 1293 quam
1236 1238 1467 1280 Auctorem
1492 1239 1605 1280 Vitae

69 1306 152 1347 illic
174 1321 353 1360 quaerere
375 1306 446 1347 ubi
466 1321 541 1361 pro
562 1305 649 1347 vita
669 1305 884 1347 hominum
905 1305 1037 1348 vitam
1061 1305 1190 1347 Suam
1215 1306 1410 1361 dignatus
1432 1312 1493 1348 est
1516 1322 1605 1362 pre-

68 1373 175 1414 tium
192 1372 416 1414 exhibere,
466 1373 669 1414 Monebat
690 1378 832 1414 autem
848 1373 1106 1415 sacerdotem
1129 1373 1354 1427 quemlibet
1377 1374 1604 1423 consulere,

71 1446 112 1481 et
133 1441 175 1481 in
207 1440 371 1482 lavacro
393 1440 660 1491 confessionis
687 1440 981 1482 conscientiam
1012 1441 1064 1482 ab
1087 1440 1278 1496 operibus
1299 1441 1473 1482 mortuis
1491 1441 1605 1482 ablu-

70 1523 164 1556 ere;
202 1513 227 1530 ‘⁴
247 1507 424 1557 Labor,”
444 1507 644 1562 inquiens,
671 1511 695 1529 “
716 1508 801 1549 sine
823 1507 961 1548 fructu
983 1513 1058 1558 est,
1083 1507 1256 1563 pedibus
1278 1508 1382 1549 velle
1410 1507 1605 1563 proficere

70 1580 112 1616 et
141 1590 283 1630 gressu
314 1575 448 1616 cordis
480 1574 751 1616 claudica1·e.”
814 1574 933 1615 Fecit
955 1575 1094 1629 itaque
1123 1590 1264 1616 servus
1293 1580 1414 1630 prout
1428 1573 1607 1630 jubebat

71 1642 275 1691 dom11us3
339 1657 607 1696 reversusque
643 1642 697 1683 ad
737 1647 899 1697 patrem
941 1642 1152 1683 licentiam
1193 1657 1288 1683 cum
1321 1642 1607 1683 benedic-tione

70 1709 323 1764 postulabat.
386 1708 463 1751 Oui
486 1708 702 1758 Groclricus,
729 1713 753 1731 ‘⁶
773 1709 909 1762 Quare
941 1724 1022 1750 non
1053 1709 1186 1750 fecisti
1218 1709 1324 1751 sicut
1345 1709 1545 1764 imperavi
1562 1710 1607 1751 3³³

71 1776 134 1817 At
155 1777 237 1824 ille,
267 1780 291 1798 “
310 1775 421 1817 Vere
453 1776 545 1826 feci,
571 1781 703 1817 totam
735 1776 870 1817 cordis
895 1777 975 1817 mei
1008 1777 1177 1817 domum
1209 1777 1340 1817 everri
1373 1776 1604 1831 diligenter,

72 1849 113 1884 et
135 1843 273 1884 omnia
294 1842 447 1883 delicta
460 1841 698 1898 juventutis
726 1848 767 1883 et
789 1843 1042 1897 ignorantias
1074 1858 1174 1897 quas
1206 1858 1377 1884 accensa
1398 1844 1606 1884 memoriae

70 1910 238 1951 lucerna
259 1910 433 1951 scrutari
454 1916 656 1964 poteram,
680 1925 752 1964 per
772 1909 1038 1952 confessionis
1063 1911 1215 1951 ostium
1243 1908 1384 1965 ejeci.”
1426 1910 1498 1950 Ad
1520 1911 1608 1951 haec

73 1977 263 2026 Sanctus,
287 1980 311 1998 ‘⁶
328 1977 424 2018 Non
445 1977 577 2018 fecisti
597 1994 606 2024 ;
632 1976 767 2017 adhuc
790 1982 920 2018 restat
942 1992 1083 2018 unum.
1146 1976 1252 2018 Cum
1274 1978 1382 2018 enim
1405 1977 1446 2018 in
1468 1977 1607 2019 multi-

71 2044 215 2085 tudine
246 2043 361 2099 gravi
392 2059 466 2085 rex
505 2043 745 2085 Scottorum
776 2044 964 2086 hostibus
995 2045 1079 2087 suis
1112 2049 1356 2094 occurreret,
1380 2049 1426 2085 tu
1465 2044 1607 2099 tuique

72 2111 291 2166 complices
311 2111 449 2166 fruges
481 2109 696 2166 cujusdam
718 2111 909 2165 pauperis
937 2112 1117 2152 eremitae
1140 2111 1342 2152 violenter
1364 2111 1604 2166 diripuistis„

72 2183 113 2218 et
135 2177 281 2219 coaevis
302 2177 461 2227 vestris,
485 2178 632 2232 quibus
664 2178 802 2218 media
833 2177 1083 2227 defecerant,
1111 2178 1308 2233 pabulum
1340 2178 1605 2233 praestitistis.

73 2244 259 2299 Cumque
280 2245 347 2286 ille
373 2260 495 2300 super
514 2244 579 2286 his
600 2259 738 2285 coram
766 2259 860 2299 rege
883 2245 1091 2299 querelam
1123 2244 1391 2300 deposuisset,
1416 2246 1608 2286 turbatus

71 2327 146 2353 rex
160 2311 285 2367 jussit
302 2327 370 2353 eos
392 2327 464 2366 per
482 2312 691 2353 ministros
712 2311 860 2365 inquiri
883 2317 924 2352 et
944 2313 1260 2367 comprehensos
1277 2327 1359 2353 suae
1379 2313 1606 2366 praesentiae

73 2379 271 2419 exhiberi.
335 2378 468 2420 Vobis
499 2394 608 2433 ergo,
633 2379 736 2419 duce
776 2378 948 2420 eremita
981 2384 1021 2419 et
1053 2378 1200 2428 indice,
1232 2379 1407 2433 repertis
1438 2385 1479 2420 et
1511 2385 1607 2420 ante

73 2460 211 2500 regem
233 2445 484 2494 constitutis,
502 2460 631 2486 unum
655 2460 676 2486 e
700 2445 860 2486 duobus
881 2445 1093 2500 proposuit
1110 2445 1361 2500 eligendum,
1381 2452 1454 2486 aut
1476 2446 1606 2501 impo-

74 2511 198 2553 sitam
232 2512 411 2553 infamiae
449 2517 593 2553 notam
619 2511 859 2567 juramento
893 2528 1082 2567 purgare,
1116 2517 1188 2553 aut
1220 2512 1411 2553 abscissis
1448 2512 1608 2554 dextris

73 2594 235 2633 posnam
270 2584 402 2620 tantae
433 2579 663 2633 iniquitatis
695 2578 896 2633 excipere.
960 2579 1050 2620 Vos
1085 2584 1226 2620 autem
1258 2578 1439 2633 elegistis
1469 2579 1607 2634 potius

72 2644 251 2700 perjurio
273 2645 513 2687 Creatorem
531 2650 715 2687 vestrum
736 2645 942 2687 offendere
962 2661 1085 2700 quam
1108 2646 1148 2686 in
1170 2645 1436 2700 opprobrium
1459 2645 1606 2700 sempi-

74 2717 239 2753 ternum
261 2712 564 2753 mutilationem
589 2712 867 2753 membrorum
899 2712 1127 2760 sustinere3
1162 2717 1203 2753 et
1226 2712 1268 2752 in
1291 2712 1368 2751 hoc
1391 2711 1472 2752 duo
1497 2713 1608 2753 mala

75 2779 349 2828 commisistis,
382 2779 478 2833 quia
513 2784 682 2834 peccato
714 2779 917 2820 latrocinii
950 2784 1168 2834 peccatum
1202 2778 1387 2819 sociastis
1423 2777 1605 2834 perjurii.

77 2844 173 2885 Hoc
204 2850 264 2886 est
287 2845 388 2886 illud
410 2861 537 2886 unum
560 2846 669 2899 quod
703 2846 879 2886 necdum
914 2845 1047 2886 cordis
1080 2845 1281 2886 excitavit
1304 2844 1509 2893 contritio,
1534 2861 1609 2885 nec

76 2911 156 2951 oris
179 2911 324 2952 eduxit
348 2912 589 2953 confessi0.”

1392 2992 1413 3033 b
