1839 3186
185 205 268 245 204
690 211 932 244 LIBELLUS
969 213 1032 243 DE
1069 213 1185 244 VITA

183 317 279 372 quia
300 332 348 358 ea
368 331 451 357 11011
476 316 554 365 vis,
588 321 630 357 et
667 317 854 371 quamvis
877 316 1002 358 velles
1030 315 1224 358 'voluisse
1255 331 1336 357 non
1368 316 1577 358 deberes.''
1639 317 1715 358 Ille

184 400 280 439 ergo
302 398 464 425 mecum
486 383 638 424 tacitus
660 384 900 433 mirabatur,
924 399 970 424 eo
999 383 1107 437 quod
1131 398 1341 437 nunquam
1362 391 1459 424 ante
1481 384 1555 425 tali
1576 384 1717 438 lingua

182 451 430 505 loqueretur.
494 450 653 490 Iterum
685 450 739 490 ad
772 465 838 491 me
874 465 1094 491 conversus
1129 450 1250 499 dixit,
1294 455 1317 472 ‘⁶
1339 449 1485 505 Scalpe
1509 451 1716 505 unguibus

185 518 410 572 digitorum
438 517 746 570 superciliorum
777 532 962 557 meorum
990 521 1031 557 et
1060 516 1206 558 frontis
1228 521 1269 557 et
1292 516 1549 572 ‘²temporum
1572 532 1716 571 super-

184 583 331 634 ficiem,
375 583 471 637 quia
500 583 556 624 ibi
588 583 719 624 sentio
757 583 872 637 quasi
903 581 1119 638 cujusdam
1159 583 1386 625 mordentis
1423 583 1716 624 edacitateln.”

188 651 343 691 Postea
376 664 473 692 vero
510 649 629 699 dixit,
671 654 696 672 ‘⁶
720 649 884 690 Sanctae
922 648 1138 690 Trinitatis
1183 649 1513 691 benedictionem
1549 649 1716 699 habeas,

186 717 281 772 quia
304 721 422 758 tanto
447 731 568 770 opere
593 716 700 757 cirea
722 731 788 756 me
811 716 1045 769 frequentas
1072 720 1112 756 et
1141 715 1316 757 laboras.
1375 716 1476 757 Jam
1499 731 1595 770 ergo
1616 716 1718 757 mihi

190 784 365 825 Missam
398 787 521 823 canta
553 797 642 835 quee
679 783 732 824 sit
770 782 820 822 de
853 781 980 822 Sacra
1009 781 1196 836 Virgine,
1226 782 1360 823 Beata
1390 783 1469 823 Dei
1509 782 1718 823 Genitrice

190 850 341 891 Maria.
413 849 591 903 Spiritus
613 848 721 889 enim
744 847 922 889 Sanctus
944 849 985 888 in
1008 863 1055 889 ea
1076 848 1288 902 requievit,
1317 856 1357 890 et
1378 864 1451 904 per
1473 864 1564 890 eam
1586 849 1718 890 omnis

188 917 306 958 nobis
327 915 444 970 copia
467 915 764 956 benedictionis
786 914 994 956 advenit.''

247 983 264 1035 ξ
289 985 384 1025 194.
419 981 527 1022 Haec
549 982 686 1022 omnia
706 982 847 1036 lingua
870 981 1060 1022 Romana
1087 981 1315 1036 peroptime
1339 981 1543 1032 disseruit,
1565 996 1719 1036 nosque

188 1049 432 1091 admirando
474 1052 640 1102 stupore
677 1048 888 1103 perfudit,
924 1052 1012 1089 erat
1044 1048 1152 1089 enim
1184 1048 1392 1101 quondam
1422 1046 1543 1103 hujus
1571 1048 1720 1103 linguae

190 1116 356 1171 penitus
393 1115 572 1170 ignarus,
622 1119 768 1169 utpote
816 1114 1056 1169 simpliciter
1110 1114 1252 1169 lingua
1291 1120 1481 1155 materna
1522 1114 1717 1163 edoctus;

190 1183 349 1237 quoties
372 1186 513 1223 autem
534 1186 677 1236 postea
698 1180 739 1221 in
774 1196 823 1222 ea
854 1180 1115 1221 hebdomada
1143 1181 1212 1221 1110
1235 1181 1393 1231 deveni,
1417 1181 1594 1236 plurima
1615 1179 1720 1236 ejus-

191 1249 286 1290 dem
303 1249 452 1303 linguae
473 1247 600 1288 verba
623 1248 743 1289 simul
761 1253 801 1288 et
823 1247 982 1288 monita
1004 1262 1056 1288 ex
1078 1262 1146 1288 ore
1168 1245 1254 1302 ejus
1277 1248 1454 1303 percepi.
1503 1248 1721 1300 Quaerente

190 1331 256 1356 me
286 1315 319 1357 si
343 1313 564 1368 aliquando
595 1314 637 1355 in
669 1314 805 1356 seculo
837 1314 943 1355 hanc
970 1314 1175 1367 loquelam
1207 1313 1431 1364 didicisset,
1470 1314 1577 1355 dixit
1614 1314 1723 1368 quod

193 1381 280 1438 ejus
301 1382 494 1423 notitiam
524 1395 606 1421 11011
637 1381 860 1430 habuisset,
894 1381 965 1421 sed
1003 1380 1182 1435 Spiritus
1214 1379 1405 1430 Sanctus,
1444 1380 1524 1433 Qui
1560 1380 1722 1435 linguas

195 1448 369 1490 disertas
391 1447 520 1498 ³facit,
546 1447 641 1502 Ipse
673 1448 751 1488 hoc
775 1452 857 1488 tem
862 1462 959 1502 pore
982 1447 1196 1501 Apostolis
1220 1448 1302 1488 suis
1324 1447 1508 1488 omnium
1529 1447 1723 1488 notitiam

194 1515 427 1570 linguarum
471 1518 595 1567 atque
631 1529 865 1555 sermonum
906 1513 1094 1554 tradidit.
1157 1513 1273 1554 Tunc
1314 1513 1356 1554 in
1389 1529 1455 1554 me
1491 1528 1723 1563 conversus,

194 1583 337 1623 statim
358 1581 518 1622 adverti
541 1581 635 1634 quia
658 1580 837 1635 Spiritus
857 1580 1035 1621 Sanctus
1056 1595 1128 1635 per
1149 1595 1193 1621 os
1214 1578 1301 1635 ejus
1322 1581 1578 1634 loquebatur,
1597 1578 1725 1635 Cujus

194 1648 398 1690 festivitas
423 1652 522 1688 tunc
554 1648 595 1687 in
625 1648 872 1689 Pentecoste
897 1646 1072 1698 exstitit,
1097 1646 1138 1687 in
1161 1662 1241 1701 qua
1262 1662 1424 1688 mecum
1447 1646 1626 1702 primum
1646 1646 1724 1687 hac

194 1715 335 1770 lingua
353 1713 486 1768 4loqui
509 1714 641 1768 coepit.

241 1826 249 1845 ¹
276 1825 450 1869 Voluisse]
478 1825 651 1868 Noluisse,
674 1824 720 1859 H.

239 1873 252 1892 ²
276 1871 496 1919 Tennworumss
525 1872 585 1914 H.;
611 1872 805 1917 timporum,
827 1870 884 1911 B.;
911 1870 1001 1916 see§
1023 1873 1099 1903 110.

241 1920 254 1939 ³
277 1918 399 1965 Facit]
427 1916 588 1965 Supplied
605 1919 690 1951 fron]
713 1918 759 1952 H.

243 1968 255 1985 ⁴¹
275 1966 384 2011 Loqui
404 1965 524 2012 erepit]
553 1965 704 1998 “Altera
727 1964 800 1997 viee
827 1975 904 1997 011111
923 1963 1089 1996 venissem
1115 1962 1207 2006 illuc,
1226 1969 1259 1997 et
1286 1963 1406 1997 sedens
1430 1974 1507 1997 cum
1534 1975 1573 1997 eo
1591 1965 1728 2008 jacente

195 2013 413 2057 colloquerer,
431 2013 502 2058 ipse
521 2012 643 2046 clausis
662 2010 835 2044 oculorum
853 2009 1021 2054 palpebris
1039 2009 1072 2042 in
1090 2021 1145 2042 1110
1164 2010 1293 2043 vultum
1317 2017 1513 2043 convertens
1532 2011 1578 2043 ita
1596 2011 1728 2044 Gallice

195 2060 285 2104 loqui
305 2059 427 2104 coepit:
457 2059 575 2092 ‘Tolle
593 2058 633 2091 de
657 2057 762 2091 oeulis
787 2056 872 2089 meis
899 2056 1002 2100 digito
1021 2062 1079 2088 tuo
1105 2056 1233 2089 saniem
1260 2068 1435 2101 perquam
1465 2057 1604 2101 pupillae
1621 2057 1728 2102 impe-

197 2106 286 2138 ditur
304 2111 460 2150 aspectus
474 2106 495 2147 3'
521 2111 554 2138 et
572 2116 633 2149 ego
649 2103 794 2137 libenter
817 2103 881 2135 1100
898 2102 973 2146 feei,
993 2102 1051 2135 sed
1070 2102 1158 2146 quod
1183 2102 1246 2135 hae
1271 2103 1385 2147 lingua
1409 2103 1602 2147 loqueretur
1626 2104 1728 2136 nimis

196 2152 366 2197 obstupui.
418 2151 457 2184 ln
475 2152 566 2185 brevi
593 2150 690 2183 affuit
707 2150 861 2182 minister
879 2160 979 2191 unus,
997 2149 1050 2181 0111
1070 2148 1240 2181 Gallicum
1260 2155 1309 2182 est
1328 2149 1473 2190 loeutus,
1491 2150 1547 2194 qui
1572 2150 1728 2183 similiter

196 2198 433 2241 admirabatur,
453 2198 611 2242 quoniam
629 2196 691 2229 hac
708 2196 823 2240 lingua
840 2206 1011 2239 nunquam
1030 2201 1128 2227 antea
1146 2195 1209 2228 suit
1228 2207 1319 2229 usus.
1371 2195 1498 2228 Iterum
1517 2196 1559 2229 ad
1576 2208 1631 2229 me
1649 2208 1727 2230 eon-

196 2257 311 2278 versus
329 2244 375 2277 ait
392 2257 398 2278 :
426 2244 565 2289 ‘Sealpe
587 2242 670 2276 mihi
692 2242 947 2287 superciliorum
965 2247 997 2273 et
1014 2241 1133 2274 frontis
1152 2247 1184 2274 et
1203 2247 1392 2287 temporum
1415 2242 1507 2287 [MS.
1525 2241 1725 2289 timporum]

197 2291 422 2336 superficiem,
441 2291 519 2335 quia
537 2289 645 2323 sentio
667 2289 713 2322 ibi
740 2288 853 2321 neseio
871 2299 970 2332 quem
989 2288 1152 2332 pruritum
1173 2287 1192 2329 3'
1212 2295 1245 2321 et
1263 2288 1460 2332 subjunxit:
1489 2290 1497 2306 ‘
1512 2289 1728 2322 Benedictio-

197 2350 274 2371 nem
303 2338 436 2370 Sanctae
461 2336 636 2369 Trinitatis
661 2335 797 2375 habeas,
824 2334 902 2378 quia
927 2340 1100 2379 tantopere
1126 2334 1214 2367 circa
1238 2347 1293 2368 me
1319 2336 1511 2380 frequentas
1530 2342 1562 2368 et
1585 2335 1727 2369 laboras.

198 2384 302 2417 Nune
322 2395 398 2428 ergo
417 2383 558 2417 Missam
579 2382 710 2415 celebra
728 2381 768 2414 de
785 2381 929 2425 gloriosa
948 2380 1011 2413 Dei
1031 2380 1218 2422 Genitrice,
1236 2393 1295 2426 per
1313 2393 1412 2426 quam
1434 2382 1530 2415 nobis
1556 2382 1653 2427 eopia
1669 2382 1728 2415 be-

197 2430 400 2463 nedictionis
414 2429 573 2463 advenit?
622 2428 706 2461 Haee
725 2428 837 2461 omnia
855 2433 944 2460 recte
963 2426 1095 2459 Gallico
1113 2427 1272 2461 idiomate
1289 2427 1499 2472 loquebatur,
1514 2440 1591 2461 eum
1608 2428 1728 2461 fuisset

196 2477 298 2521 hujus
315 2476 441 2521 lingum
459 2476 595 2509 omnino
613 2486 744 2520 semper
762 2475 906 2518 ignarus
959 2473 1022 2506 Illa
1039 2474 1227 2518 septimana
1242 2474 1368 2518 linguae
1385 2474 1483 2507 istius
1501 2475 1601 2508 verba
1616 2486 1658 2507 cx
1673 2486 1729 2507 ore

199 2525 272 2567 ejus
297 2523 404 2556 multa
421 2522 566 2568 percepi,
585 2528 617 2554 et
635 2521 769 2554 tandem
790 2520 928 2564 quaesivi
951 2526 1064 2552 utrum
1089 2519 1262 2553 didicisset
1280 2520 1391 2565 aliquo
1408 2526 1559 2565 tempore
1576 2520 1662 2554 hane
1680 2521 1729 2554 lo-

200 2570 346 2615 quelam.
397 2569 463 2611 Qui
491 2568 695 2613 respondens
726 2567 812 2599 dixit
830 2578 865 2599 se
891 2565 981 2599 illius
1007 2566 1132 2610 linguae
1158 2579 1328 2611 nunquam
1355 2566 1513 2599 habuisse
1539 2567 1728 2610 scientiam,

199 2621 209 2636 ‘
221 2616 279 2649 sed
292 2616 435 2661 Spiritus
450 2616 616 2656 sanctus-,⁵
632 2614 750 2658 inquit,
770 2617 777 2631 ‘
789 2613 852 2646 hoe
867 2619 1017 2657 tempore
1032 2612 1169 2645 tradidit
1181 2613 1354 2657 Apostolis
1370 2612 1561 2659 notitia[1n]
1578 2614 1729 2646 omnium

199 2663 388 2706 linguarum
411 2669 443 2695 et
461 2663 678 2695 sermonum!
738 2660 834 2693 Tunc
852 2659 885 2691 in
904 2670 957 2691 me
976 2670 1155 2692 conversus
1173 2659 1299 2692 adverti
1319 2659 1407 2703 quod
1426 2659 1569 2703 Spiritus
1588 2660 1731 2692 Sanctus

200 2709 400 2754 loquebatur
430 2709 463 2741 in
498 2720 548 2747 eo,
575 2707 733 2752 quoniam
763 2707 797 2739 in
826 2705 1038 2738 hebdomada
1069 2705 1286 2739 pentecostes
1321 2705 1491 2750 inceperat
1525 2705 1572 2739 ita
1600 2706 1729 2751 loqui.’'

200 2756 313 2790 Anon.
334 2755 428 2789 Harl.
450 2754 596 2799 Legend.
