1839 3186
520 239 579 271 ET
614 238 881 271 MIRACULIS
917 239 952 270 s.
985 239 1201 271 GODRICI.
1548 226 1630 270 367

96 347 233 389 subito
256 345 457 388 memoria
478 344 631 400 tetigit,
657 349 698 386 et
720 344 991 399 quaestionum
1011 343 1127 386 varia
1147 359 1269 399 super
1289 344 1353 386 his
1374 359 1443 386 eos
1466 359 1631 386 movere

96 414 207 454 fecit.
307 413 515 453 Dicebant
562 411 731 466 quidam
772 411 841 460 sic,
886 415 911 433 ‘⁶
930 410 1052 461 Ecce,
1096 426 1220 464 quam
1271 411 1409 452 subito
1455 411 1634 452 Sanctus

98 480 279 521 Thomas
298 479 478 520 coelestia
499 478 737 533 promeruit,
761 483 802 518 et
826 476 918 532 jam
941 478 1130 519 Christus
1157 493 1229 532 pro
1252 493 1300 518 eo
1330 477 1492 519 infinita
1512 478 1635 518 mira-

97 547 189 587 cula
219 546 348 594 facit,
383 546 585 586 heremita
611 558 705 585 vero
741 544 945 585 Godrieus
983 548 1070 585 tam
1093 544 1184 585 dira
1218 559 1243 585 a
1276 544 1474 599 primaeva
1509 550 1633 585 aetate

96 628 224 666 usque
245 612 299 653 ad
318 612 512 653 ultimum
534 612 629 653 vitae
652 626 725 666 pro
749 610 912 653 Christo
935 610 1144 661 sustinuit,
1168 615 1209 651 et
1230 610 1420 652 Christus
1441 626 1514 666 pro
1546 609 1633 666 ejus

97 679 261 719 nomine
283 680 348 720 vel
369 678 516 719 merito
538 678 640 718 1111111
672 677 837 718 omnino
859 677 1025 719 virtutis
1056 678 1099 718 in
1126 677 1247 718 terris
1274 678 1468 719 ostendit.
1532 678 1633 731 Quis

97 745 267 800 igitur,''
288 745 493 800 inquiunt,
515 749 540 767 ‘⁶
559 744 639 785 Dei
660 744 879 799 perpendit
894 742 1065 799 judicia,
1097 759 1185 798 quae
1208 749 1303 785 sunt
1323 744 1497 800 abyssus
1528 744 1633 785 mul-

99 811 210 853 ta?”
277 812 395 853 Talia
427 812 485 853 eis
519 811 674 852 diutius
716 811 1016 866 perorantibus,
1045 811 1150 852 alter
1183 826 1325 852 eorum
1361 811 1525 852 dicebat
1564 810 1634 860 sie,

100 878 204 920 alius
225 894 322 920 vero
354 879 439 926 sic;
475 878 644 933 quidam
679 878 810 919 vitam
839 877 1009 918 Godrici
1042 877 1159 933 parvi
1193 878 1413 928 ducebant,
1438 878 1506 919 alii
1540 892 1637 920 vero

102 945 246 986 Sancti
272 945 442 986 Thomae
478 945 627 986 merita
661 944 703 985 111
729 944 871 986 multis
906 944 1144 995 efferebant,
1169 960 1244 985 nec
1267 944 1366 986 dum
1391 945 1490 999 quid
1522 945 1637 985 Deus

102 1012 240 1067 palam
262 1018 354 1067 post
389 1012 502 1053 beati
537 1011 705 1052 Godrici
726 1011 885 1052 obitum
913 1011 1112 1052 miracula
1133 1011 1271 1065 aliqua
1301 1011 1342 1053 in
1367 1012 1522 1053 mundo
1545 1012 1639 1053 effe-

102 1084 229 1130 cerat,
248 1084 289 1119 et
304 1077 395 1134 jam
417 1078 601 1133 quotidie
617 1078 806 1120 Christus
827 1093 900 1133 pro
917 1077 1060 1119 Sancti
1084 1078 1254 1119 Thomae
1271 1079 1403 1134 gloria
1418 1078 1637 1134 magnifica

104 1146 364 1195 declaranda,
390 1145 596 1186 mirabilia
616 1143 778 1185 infinita
798 1144 991 1185 faciebat.

162 1212 180 1264 ἕ
204 1215 301 1255 349.
335 1212 468 1253 Nocte
490 1212 617 1267 igitur
636 1211 835 1265 sequenti,
859 1226 965 1262 ecce,
991 1211 1191 1266 magistro
1214 1210 1434 1252 dormienti
1459 1212 1637 1254 Sanctus

104 1278 308 1320 Godricus
339 1279 485 1330 astitit,
510 1284 550 1319 et
571 1278 673 1319 talia
706 1282 961 1332 protestatus
983 1277 1103 1327 dixit,
1138 1277 1390 1319 “Hesterna
1422 1279 1487 1320 die
1520 1280 1640 1334 plura

107 1346 158 1386 de
179 1361 245 1386 me
267 1345 309 1386 in
325 1346 473 1387 scholis
495 1345 750 1400 disputastis,
767 1350 808 1386 et
829 1344 1121 1385 admirandum
1142 1344 1292 1386 ducitis
1313 1345 1424 1399 quod
1450 1346 1639 1387 Christus

104 1428 178 1468 pro
209 1413 365 1467 collega
386 1427 478 1453 meo
505 1412 659 1453 Sancto
685 1411 847 1452 Thoma
877 1411 995 1466 plura
1019 1412 1061 1451 111
1097 1411 1218 1453 terris
1254 1411 1453 1453 miracula
1484 1412 1636 1460 efficit3

104 1494 176 1534 pro
199 1494 265 1520 me
286 1494 382 1520 vero
414 1478 591 1519 Godrico
613 1478 714 1519 nihil
738 1478 981 1519 admirabile
1012 1478 1207 1519 ostendit.
1271 1478 1330 1519 Et
1361 1494 1404 1519 re
1429 1494 1539 1530 vera,
1563 1480 1641 1520 hoc

103 1546 205 1587 item
230 1544 344 1601 juste
366 1544 426 1596 fit,
451 1551 492 1587 et
516 1544 603 1586 fieri
626 1544 776 1596 decuit,
798 1545 893 1599 quia
914 1545 1030 1587 Deus
1050 1545 1185 1600 ipsum
1212 1545 1567 1601 archiepiscopum
1589 1546 1642 1587 ad

104 1613 183 1653 hoc
205 1612 353 1663 effecit,
375 1617 423 1654 ut
460 1612 626 1653 creditis
661 1611 738 1653 sibi
777 1612 994 1653 animabus
1024 1612 1250 1653 multorum
1280 1611 1463 1653 fidelium
1496 1613 1641 1663 forma,

106 1680 343 1734 exemplum
366 1684 407 1720 et
443 1678 654 1734 speculum
689 1677 817 1731 fieret,
841 1684 882 1719 et
914 1694 982 1720 eos
1004 1677 1099 1719 fidei
1126 1679 1274 1720 merito
1296 1678 1338 1719 in
1362 1679 1527 1721 Christo
1549 1680 1641 1722 soli-

108 1746 255 1798 daret3
297 1751 338 1786 et
374 1746 479 1787 sicut
510 1746 736 1786 multorum
772 1752 914 1800 pastor
935 1745 1110 1796 exstitit,
1145 1746 1202 1787 sic
1239 1746 1429 1787 omnibus
1460 1762 1580 1802 opem
1602 1753 1643 1788 et

108 1813 282 1854 salutem
305 1812 488 1853 conferre
519 1812 754 1866 praeclarius
776 1812 933 1853 debuit.
986 1812 1190 1854 Godricus
1208 1827 1304 1854 vero
1326 1812 1476 1854 nullius
1497 1814 1644 1855 animae

111 1884 249 1920 custos
270 1879 347 1920 nisi
370 1879 431 1920 sui
465 1879 590 1920 solius
623 1878 798 1929 exstitit,
824 1883 865 1919 et
889 1894 999 1920 nunc
1032 1879 1068 1919 ei
1102 1878 1251 1920 sufficit
1268 1879 1376 1933 quod
1397 1880 1533 1921 anima
1557 1879 1644 1936 ejus

112 1961 206 1986 cum
231 1945 395 1987 Christo
429 1946 471 1986 in
496 1945 604 1986 coelis
640 1945 762 1993 vivit3
803 1960 900 1986 nam
921 1946 1021 1986 satis
1055 1945 1091 1986 ei
1118 1946 1296 1987 habetur
1331 1961 1404 2001 pro
1438 1947 1646 1989 miraculis

113 2013 244 2053 vitam
281 2017 478 2053 aeternam
512 2011 719 2067 possidere
757 2027 851 2052 cum
885 2012 1072 2067 Angelis.
1136 2012 1194 2053 Et
1230 2013 1299 2067 qui
1321 2013 1511 2055 omnibus
1541 2029 1644 2068 pene

112 2079 279 2133 ignotus
299 2078 341 2119 in
363 2079 557 2133 spelunca
578 2078 814 2134 permodica
836 2093 995 2133 semper
1017 2078 1193 2129 delituit,
1213 2094 1288 2120 nec
1309 2079 1478 2121 alterius
1499 2081 1646 2121 animae

114 2160 255 2186 curam
277 2145 353 2187 sibi
376 2145 610 2201 delegatam
634 2145 793 2196 habuit,
829 2160 919 2200 quae
941 2145 1161 2187 necessitas
1189 2146 1348 2201 expetit
1374 2147 1483 2200 quod
1514 2162 1555 2188 se
1577 2163 1649 2202 per

115 2212 313 2253 miracula
332 2212 488 2253 mundo
519 2212 720 2253 celebrem
742 2212 957 2267 propalare
983 2212 1200 2254 debuerit?
1232 2217 1276 2253 at
1298 2218 1439 2254 tamen
1463 2213 1504 2254 in
1524 2230 1646 2269 prox-

115 2279 198 2319 imo
224 2284 284 2320 est
307 2278 416 2332 quod
436 2278 614 2320 Sanctus
637 2279 831 2329 Thomas,
856 2279 986 2320 frater
1005 2295 1138 2328 meus,
1160 2295 1322 2320 mecum
1344 2279 1386 2320 in
1403 2280 1513 2322 coelis
1535 2296 1646 2322 coro-

116 2349 252 2395 natus,
280 2350 321 2385 et
339 2346 486 2386 beatus
507 2350 625 2400 pater
644 2345 912 2394 Cuthbertus,
930 2346 1076 2387 unicus
1095 2361 1255 2401 semper
1275 2346 1501 2388 advocatus
1517 2363 1646 2398 meus,

117 2417 159 2452 et
181 2427 269 2466 ego,
293 2411 335 2452 in
358 2411 555 2452 Finchale
584 2412 819 2461 veniemus3
854 2417 901 2453 ut
922 2412 979 2453 ibi
1004 2411 1255 2454 infirmitatis
1288 2413 1537 2468 postulanda
1558 2415 1652 2456 sub-

118 2478 224 2520 sidia
260 2478 529 2529 conferamus,
572 2478 708 2532 sicque
744 2494 819 2520 nos
853 2494 938 2520 una
973 2494 1066 2520 cum
1110 2479 1276 2521 Christo
1318 2480 1454 2522 vivere
1494 2482 1650 2522 mundo

119 2545 457 2586 declarabimus.”
513 2545 671 2597 Quibus
699 2545 831 2595 dictis,
855 2551 1020 2587 sanctus
1050 2552 1170 2601 pater
1192 2546 1396 2589 Godricus
1421 2547 1649 2602 disparuit;

121 2612 320 2667 magister
332 2627 442 2662 vero,
465 2627 586 2652 mane
605 2611 727 2663 facto,
751 2612 839 2653 haec
870 2613 1008 2654 omnia
1043 2628 1181 2654 coram
1215 2614 1404 2655 omnibus
1441 2614 1651 2669 discipulis

123 2678 206 2719 suis
230 2677 271 2719 in
294 2679 432 2720 schola
452 2678 614 2733 publice
635 2679 848 2720 referendo
870 2679 1117 2734 propalavit.
1157 2681 1261 2733 Quae
1287 2680 1425 2721 omnia
1448 2680 1508 2721 ita
1528 2680 1652 2723 fuisse

121 2744 318 2799 magister
341 2745 452 2785 idem
472 2745 677 2787 veridicus
709 2751 884 2787 assertor
905 2746 1041 2787 adhuc
1065 2752 1335 2796 contestatur,
1358 2762 1406 2787 ac
1442 2748 1653 2802 perplures

120 2826 172 2852 ex
197 2811 316 2852 sociis
336 2811 432 2861 suis,
455 2812 524 2866 qui
554 2812 619 2853 his
648 2811 921 2854 interfuerant
944 2818 984 2853 et
1007 2812 1075 2867 qui
1096 2814 1183 2854 haec
1203 2814 1347 2854 eadem
1365 2812 1653 2865 testificantur,

121 2878 272 2919 habere
295 2878 534 2920 dinoscitur.
607 2879 762 2921 Postea
777 2894 874 2921 vero
895 2879 953 2920 rei
975 2879 1146 2921 effectus
1166 2880 1311 2922 visioni
1334 2880 1434 2921 satis
1455 2879 1654 2922 sufficien-
