1839 3186
213 164 298 204 254
743 173 974 205 LIBELLUS
1011 174 1074 205 DE
1111 174 1227 205 VITA

209 374 298 399 CAP.
323 373 467 399 CXXIX.
526 374 578 399 DE
606 374 742 400 FORMA
763 374 1043 401 PHANTASTICA
1064 374 1182 405 QUAM
1203 373 1327 410 VIDIT,
1354 374 1432 400 VEL
1453 374 1620 404 QUANDO
1641 375 1741 401 ORA-

269 440 410 465 TIONEs
441 440 538 467 SUAS
570 441 801 467 EXAUDITAS
832 441 1048 478 ADVERTIT,
1082 441 1131 467 ET
1161 441 1213 466 DE
1244 440 1404 466 LUMINE
1434 441 1605 467 CORUSCO
1635 442 1744 472 QUOD

269 507 400 532 ILLUM
431 507 578 533 SAEPIUS
608 492 924 533 CIRCUMDEDIT.1

267 605 286 658 ᾧ
309 607 406 648 239.
443 605 580 646 N1M1A
598 604 838 647 infirmitate
859 620 1023 647 servum
1047 606 1127 647 Dei
1150 606 1407 661 corripiente,
1427 607 1596 661 quidam
1614 607 1742 649 frater

210 687 348 713 coram
378 672 448 713 illo
479 672 700 722 resederat,
724 673 792 726 qui
815 670 901 727 ejus
932 672 1130 713 eustodiae
1162 673 1393 727 specialiter
1418 673 1642 728 deputatus
1670 690 1741 716 ex-

209 738 386 780 stiterat.
458 738 606 779 Subito
637 738 764 793 igitur
799 738 989 780 obductis
1022 739 1242 793 palpebris,
1273 739 1389 793 quasi
1415 739 1457 780 in
1488 740 1638 781 mentis
1669 756 1740 782 ex-

208 819 324 846 cessu
355 805 489 846 factus
521 809 597 854 est,
634 810 758 859 atque
798 804 1001 845 luminum
1037 805 1145 846 acies
1186 805 1334 859 saepius
1366 805 1421 846 ad
1456 806 1656 860 parietem
1686 822 1740 848 ex

208 870 381 912 adverso
413 871 648 926 oppositum
671 871 864 925 dirigens,
886 871 1115 912 diutissime
1148 872 1205 912 sic
1235 872 1527 921 conticescens,
1551 872 1621 913 illo
1646 888 1740 914 con-

207 937 341 978 tuitus
372 942 447 978 est.
510 937 627 978 Tunc
658 952 877 979 conversus
908 936 962 978 ad
992 938 1290 989 considentem,
1319 937 1392 987 ait,
1433 938 1661 980 “Videsne
1692 954 1741 981 ea

209 1018 302 1057 quae
335 1018 409 1058 ego
441 1003 644 1058 conspicio
663 1004 702 1045 Ψ
764 1004 845 1056 Qui
867 1004 967 1044 dum
998 1018 1040 1045 se
1071 1005 1128 1045 nil
1149 1004 1288 1045 videre
1319 1003 1595 1059 profiteretur,
1619 1005 1741 1055 dixit,

211 1074 236 1091 “
255 1069 338 1118 En,
373 1070 455 1111 illic
486 1070 671 1124 nequitia
701 1069 925 1125 spiritualis
947 1070 1136 1124 quaedam
1168 1071 1244 1112 sub
1265 1070 1398 1111 forma
1418 1071 1596 1112 feminea
1626 1071 1741 1113 inex—

207 1135 389 1190 plicabili
411 1136 568 1177 decoris
590 1137 724 1191 specie
747 1140 968 1191 perornata
990 1136 1189 1186 consistit,
1208 1152 1298 1191 quae
1320 1137 1375 1177 ad
1397 1142 1539 1192 turpes
1559 1153 1657 1180 usus
1674 1153 1741 1179 me

209 1217 431 1257 provocare
466 1202 709 1251 contendit;
748 1202 821 1244 sed
850 1202 1048 1244 frustrato
1080 1203 1218 1244 labore
1241 1201 1333 1257 jam
1361 1203 1616 1258 pudabunda
1646 1204 1741 1245 hinc

209 1268 470 1323 effugabitur,
494 1269 590 1322 quia
610 1284 677 1310 me
702 1273 857 1319 orante,
880 1273 971 1310 tota
991 1268 1124 1310 virtus
1153 1268 1262 1310 illius
1290 1269 1471 1311 eliditur.
1533 1269 1660 1311 Unde
1681 1270 1740 1311 lo-

210 1349 305 1375 cum
332 1335 448 1375 illum
477 1350 585 1389 aqua
614 1335 833 1376 benedicta
864 1334 1150 1390 conspergite3
1186 1335 1281 1389 quia
1302 1351 1400 1376 mox
1428 1336 1516 1390 ipso
1547 1341 1742 1378 contactu

208 1400 353 1455 incipit
388 1401 649 1456 depereundo
683 1400 965 1443 evanescere.''
1036 1401 1127 1453 Quo
1159 1401 1283 1451 facto,
1312 1401 1575 1444 exsecrabilis
1609 1402 1742 1444 forma

207 1467 278 1508 illa
298 1467 353 1508 ad
373 1467 454 1508 Dei
475 1467 551 1509 viri
572 1472 825 1523 praeceptum
847 1467 1027 1518 evanuit,
1048 1472 1089 1509 et
1106 1473 1366 1510 monstruosa
1386 1468 1502 1511 larva
1521 1468 1611 1524 ipsa
1631 1468 1673 1510 in
1697 1484 1740 1511 se

214 1533 386 1575 confusa
408 1533 590 1575 recessit.

270 1600 292 1653 ᾗ
316 1602 412 1641 240.
450 1599 540 1641 Nec
562 1600 693 1641 solum
713 1598 951 1655 hujusmodi
972 1600 1140 1642 virtutis
1170 1600 1357 1655 potentia
1385 1599 1427 1641 in
1448 1601 1637 1656 malignis
1659 1602 1739 1657 spi-

208 1665 357 1707 ritibus
376 1665 606 1722 effugandis
628 1666 788 1717 claruit,
812 1666 884 1708 sed
904 1667 1070 1721 insuper
1092 1666 1190 1707 dum
1211 1666 1402 1708 devotius
1428 1667 1604 1708 orationi
1625 1668 1738 1709 incu-

209 1731 316 1781 buit,
355 1733 502 1787 saepius
535 1732 740 1787 Angelica
774 1733 932 1774 visione
973 1738 1014 1774 et
1055 1733 1302 1774 allocutione
1336 1734 1460 1787 potiri
1499 1735 1739 1788 promeruit.

211 1798 372 1853 Nempe
395 1798 494 1840 dum
524 1804 661 1840 oraret
691 1799 898 1840 solitarius
932 1799 975 1840 in
999 1799 1171 1840 obscuro
1206 1798 1403 1840 Ecclesiae
1433 1815 1516 1841 suae
1546 1800 1737 1849 latibulo,

208 1869 329 1905 tanta
355 1865 429 1906 lux
451 1865 609 1907 coelitus
637 1870 824 1906 orantem
852 1865 1140 1914 circumdedit,
1163 1865 1273 1919 quod
1302 1865 1345 1906 in
1369 1880 1460 1906 eam
1493 1866 1601 1907 acies
1620 1867 1740 1908 lumi-

208 1945 308 1971 num
340 1930 516 1986 defigere
547 1946 629 1972 non
664 1931 894 1986 praevaluit.
957 1931 1097 1979 Unde,
1127 1936 1175 1972 ut
1207 1931 1325 1972 nobis
1357 1932 1552 1973 secretius
1581 1933 1738 1983 retulit,

207 1997 369 2050 quoties
404 1997 481 2038 hoc
506 1998 668 2052 signum
700 1998 737 2038 ei
760 1997 874 2039 Deus
895 1997 1070 2052 aperuit,
1100 2002 1200 2038 tunc
1221 2012 1263 2039 se
1291 1996 1510 2039 efficaciter
1529 1999 1740 2053 postulata

210 2062 451 2117 impetrasse
474 2063 680 2118 cognovit.
751 2062 1069 2105 Considentibus
1091 2063 1216 2104 etiam
1243 2063 1280 2104 ei
1309 2063 1522 2105 multoties
1550 2069 1591 2105 et
1612 2080 1739 2119 quan-

213 2129 347 2182 doque
368 2129 713 2179 ministrantibus,
732 2129 877 2170 solitus
901 2134 963 2170 est
989 2129 1208 2183 diligenter
1230 2144 1502 2180 commonere,
1526 2135 1567 2171 et
1590 2130 1739 2181 dicere,

211 2199 238 2219 ‘⁶
256 2194 384 2236 Orate
398 2210 562 2236 mecum
580 2200 620 2236 et
639 2195 866 2235 Dominum
888 2194 1135 2245 collaudate,
1154 2200 1195 2236 et
1216 2194 1269 2235 ad
1291 2210 1340 2236 ea
1357 2211 1446 2249 quae
1461 2196 1581 2237 video
1602 2197 1741 2238 oculos

211 2261 363 2302 mentis
398 2260 571 2315 erigite3
610 2276 706 2301 nam
733 2276 841 2309 ecce,
866 2260 1012 2302 domus
1045 2261 1137 2301 haec
1170 2266 1261 2302 tota
1296 2276 1464 2303 corusco
1492 2262 1647 2303 lumine
1677 2277 1739 2303 re-

210 2327 413 2381 splendet,
450 2332 491 2367 et
528 2327 609 2367 Dei
644 2327 905 2381 praesentiam
946 2327 1012 2367 hic
1047 2326 1189 2368 adesse
1223 2342 1401 2382 superna
1441 2328 1630 2369 doctrina
1665 2344 1740 2370 nos

210 2392 397 2434 edocet.''
458 2393 559 2445 Quae
593 2393 818 2444 audientes,
852 2393 912 2434 1111
945 2408 1044 2434 mox
1072 2393 1127 2434 ad
1157 2393 1385 2434 orationem
1413 2394 1597 2436 conversi
1628 2399 1736 2445 sunt,

211 2464 252 2500 et
275 2458 444 2500 Domini
476 2473 570 2499 cum
599 2458 687 2513 ipso
711 2458 1022 2513 interpellantes
1053 2459 1328 2510 clementiam,
1350 2460 1574 2514 plurimum
1595 2460 1637 2501 in
1668 2475 1738 2515 spe

213 2525 503 2566 consolationis
523 2524 743 2565 confortati
765 2530 875 2565 sunt.

278 2592 360 2633 His
393 2596 436 2632 et
467 2590 746 2632 consimilibus
771 2590 973 2632 virtutum
1004 2591 1195 2645 operibus
1225 2591 1287 2632 vir
1318 2591 1398 2631 Dei
1421 2591 1625 2633 Godricus
1644 2593 1740 2634 vitae

212 2656 456 2699 venerabilis
477 2657 589 2712 apud
610 2656 837 2711 terrigenas
860 2656 1020 2705 claruit,
1044 2661 1084 2697 et
1105 2657 1258 2698 talibus
1279 2656 1606 2699 decertationum
1627 2658 1739 2699 labo-

210 2723 323 2765 ribus
344 2723 420 2765 sibi
441 2723 542 2765 vitae
565 2727 727 2764 aeternae
749 2722 999 2777 sempiterna
1020 2722 1172 2776 gaudia
1193 2722 1460 2776 “'comparuit.

261 2824 270 2843 ¹
298 2824 338 2856 In
356 2822 414 2856 thc
432 2821 528 2856 Harl.
547 2822 623 2855 MS.
642 2821 780 2867 chapter
799 2820 992 2855 CXXVII.

258 2870 271 2888 ²
290 2867 514 2914 CmnparuiL]
542 2868 616 2901 The
649 2874 716 2901 two
750 2867 918 2901 incidents
944 2866 1097 2900 narratcd
1115 2866 1149 2899 in
1184 2866 1250 2900 this
1268 2867 1406 2912 chapter
1431 2880 1486 2901 arc
1511 2867 1634 2912 widely
1651 2873 1745 2912 apart
