1839 3186
195 185 279 224 444
718 196 954 230 LIBELLUS
991 198 1055 229 DE
1092 199 1208 230 VITA

227 395 358 421 CXCIII.
401 396 452 420 DE
484 395 659 422 PASTORE
690 395 757 420 CUI
788 396 832 420 IN
865 396 932 421 DIE
964 396 1138 423 SANCTUS
1171 397 1320 423 DOMINI
1351 397 1557 422 APPARUIT
1588 397 1715 423 MANI·

618 461 753 495 FESTE,
787 462 907 491 QUASI
938 463 1157 489 CORPORALI
1189 464 1335 489 SPECIE-

266 562 284 614 ἓ
311 563 410 603 569.
438 561 637 602 PAsroars
661 560 792 602 officio
815 560 982 615 quidam
998 561 1246 602 naturaliter
1266 562 1389 602 homo
1411 562 1736 617 simplicissimus

202 634 243 669 et
260 628 392 669 idiota
407 627 449 668 in
471 627 593 668 domo
616 627 666 668 dc
684 627 884 668 Finchale
906 627 1169 682 fungebatur,
1194 628 1262 682 qui
1282 644 1355 683 pro
1376 643 1449 669 sua
1470 629 1599 670 nimia
1619 629 1733 670 inno-

202 694 338 735 centia
377 694 488 748 apud
528 693 727 748 plurimos
768 693 1032 748 insipientem
1073 694 1330 743 habebatur3
1375 695 1448 736 sed
1487 695 1583 750 quia
1620 695 1735 738 Deus

201 761 427 801 humilibus
449 760 522 800 dat
543 759 721 814 gratiam
744 765 784 800 et
819 760 949 802 elatos
983 760 1149 815 dispicit
1171 765 1212 802 et
1235 760 1442 815 deprimit,
1464 767 1632 817 propter
1653 777 1743 803 suae,

202 826 534 882 praesumptionis
569 826 770 868 insaniam
810 826 906 867 huic
930 826 1045 868 Deus
1072 827 1275 868 virtutum
1310 827 1511 869 Sanctum
1533 828 1736 869 visibilem

204 893 399 943 ostendit,
424 908 545 946 quem
569 893 742 934 terrenis
764 897 938 934 exutum
969 891 1175 934 neminem
1198 895 1464 948 corporaliter
1485 894 1624 945 videre
1648 901 1739 949 per—⁷

204 961 350 1001 mittit.
413 959 539 999 Unde
570 959 748 1013 quadam
772 959 837 1000 die
860 964 1025 1014 pastore
1053 960 1250 1014 praedicto
1283 975 1376 1001 cum
1411 961 1627 1016 pecoribus
1660 960 1736 1002 sibi

205 1026 431 1067 commissis
465 1025 572 1066 circa
607 1025 817 1080 pascualia
853 1031 1065 1081 occupatO,
1100 1027 1237 1068 subito
1259 1027 1427 1080 quidam
1466 1042 1592 1069 senex
1623 1032 1735 1069 vete-

203 1108 328 1134 ranus
350 1092 496 1133 baculo
518 1092 697 1141 innixus,
723 1092 889 1133 caesarie
911 1097 1025 1134 totus
1047 1093 1240 1134 candenti
1269 1094 1469 1147 perfusus,
1494 1094 1545 1135 de
1568 1093 1734 1135 interio-

204 1160 318 1201 ribus
342 1159 453 1200 silvae
472 1159 584 1200 visus
607 1163 668 1200 est
690 1158 744 1199 ad
767 1159 972 1200 exteriora
993 1160 1226 1213 procedere,
1251 1161 1319 1213 qui
1344 1160 1568 1201 moderatis
1588 1160 1735 1216 gressi-

205 1227 282 1267 bus
328 1240 401 1280 per
432 1240 641 1265 morarum
683 1224 950 1266 latitudinem
990 1226 1252 1280 procedebat,
1295 1232 1337 1267 et
1382 1227 1500 1267 oculo
1542 1225 1735 1267 dulcifluo

205 1293 345 1333 omnia
369 1291 686 1345 circumquaque
717 1291 797 1333 sita
817 1291 882 1332 vel
905 1292 1041 1347 posita
1065 1293 1131 1347 pie
1154 1292 1407 1347 explorando
1429 1293 1732 1348 perlustrabat;

204 1359 341 1412 sicque
372 1357 628 1413 pedetentim
668 1357 946 1412 progrediens,
974 1358 1141 1400 demum
1176 1359 1330 1413 pastori
1360 1359 1418 1400 illi
1460 1359 1734 1415 appropiavit,

204 1425 276 1466 sed
313 1424 604 1465 manu-baculo
642 1439 684 1465 se
718 1423 952 1466 suffulciens
982 1425 1221 1479 aliquandiu
1257 1441 1417 1467 morose
1448 1441 1611 1481 gressus
1640 1426 1733 1467 diri-

203 1491 338 1547 gendo
362 1491 420 1531 illi
442 1490 716 1545 appropiavit,
742 1495 782 1531 et
808 1490 964 1532 diutius
988 1497 1103 1533 stans
1138 1507 1260 1547 super
1280 1491 1397 1532 illum
1428 1492 1668 1548 diligentius
1694 1492 1737 1533 in

203 1558 339 1612 ipsum
381 1557 500 1598 orbes
542 1557 754 1597 oculorum
793 1555 1008 1599 dulcifluos
1048 1556 1256 1599 inflectere
1295 1559 1430 1613 coepit.
1505 1559 1578 1599 Ad
1613 1574 1736 1613 quam

204 1624 404 1666 visionem
425 1627 566 1678 pastor
579 1623 798 1663 timoratus
820 1624 1003 1678 expavit,
1021 1624 1094 1665 sed
1110 1629 1251 1665 tamen
1273 1625 1560 1666 obmutescens
1581 1626 1736 1666 nullam

205 1690 242 1731 ei
263 1690 466 1744 loquelam
489 1689 609 1730 edere
627 1704 750 1730 ausus
770 1690 863 1730 fuit.
927 1690 1044 1731 Tunc
1069 1691 1131 1732 vir
1150 1691 1230 1732 Dei
1252 1691 1313 1732 ita
1334 1706 1427 1732 eum
1450 1692 1737 1746 praeveniendo

206 1756 420 1798 consolans
458 1755 529 1805 ait,
570 1755 719 1805 “Noli,
758 1754 827 1805 fili,
861 1771 1159 1811 expavescere,
1199 1758 1282 1799 noli
1318 1773 1391 1813 pro
1424 1773 1516 1799 meo
1552 1758 1736 1806 adventu

204 1823 364 1873 timere,
388 1820 461 1864 sed
497 1822 540 1862 in
575 1836 642 1862 me
683 1821 821 1876 potius
854 1823 1003 1877 aspice,
1028 1828 1069 1864 ct
1108 1823 1198 1877 quis
1235 1839 1310 1879 ego
1345 1839 1435 1865 sum
1471 1824 1738 1879 providenter

204 1904 393 1944 agnosce.
473 1888 583 1928 Nam
618 1902 693 1942 ego
732 1903 824 1929 sum
861 1888 1039 1930 Sanctus
1062 1889 1267 1931 Godricus
1306 1890 1521 1941 heremita,
1561 1890 1736 1932 domnus

204 1960 314 2004 tuus,
346 1955 414 2009 qui
436 1954 527 1995 loca
547 1954 751 1995 incolatus
783 1955 864 1996 mei
896 1955 1020 1996 modo
1043 1956 1289 2010 perlustravi
1312 1961 1352 1997 et
1374 1957 1668 2011 perambulavi,
1696 1962 1737 1998 et

204 2036 358 2076 pascua
398 2035 584 2061 meorum
620 2035 814 2075 pecorum
853 2021 990 2063 videre
1037 2027 1078 2063 et
1110 2022 1285 2064 invisere
1322 2023 1584 2064 commodum
1621 2023 1735 2063 duxi.

208 2087 334 2128 Unde
373 2101 513 2141 quaeso
550 2101 719 2127 vaccam
761 2088 885 2128 istam
926 2088 1145 2129 candidam
1188 2088 1406 2142 diligenter
1446 2089 1654 2130 custodire
1696 2094 1737 2130 et

206 2154 344 2195 fovere
379 2157 534 2203 curato,
560 2167 636 2193 nec
662 2153 698 2193 ei
732 2153 773 2193 in
798 2153 934 2207 aliquo
955 2155 1153 2195 molestus
1176 2155 1242 2196 vel
1275 2154 1535 2209 importunus
1559 2155 1739 2196 minator

206 2219 356 2260 amodo
393 2224 509 2265 esto,
551 2233 698 2273 nempe
735 2219 835 2259 dum
871 2219 1091 2275 languidus
1128 2220 1236 2262 lecto
1279 2221 1471 2269 decubui,
1506 2236 1612 2276 saepe
1650 2220 1737 2277 ejus

205 2285 325 2327 lactis
346 2284 540 2326 alimonia
553 2283 683 2324 vitam
706 2300 929 2340 pauperem
949 2291 1173 2340 utcumque
1195 2287 1467 2330 sustentavi.”
1501 2287 1559 2328 Et
1581 2289 1739 2343 procul-

205 2352 329 2393 dubio
365 2351 435 2391 illa
473 2350 616 2391 eadem
653 2366 780 2392 vacca
813 2352 975 2393 exstitit
1012 2368 1101 2406 quae
1142 2353 1277 2407 ipsum
1308 2354 1442 2395 virum
1468 2353 1548 2394 Dei
1582 2354 1738 2395 diutius

207 2422 478 2472 aegrotantem
514 2416 633 2457 lactis
669 2431 751 2458 suae
789 2418 953 2472 pabulo,
976 2418 1072 2459 licet
1103 2419 1352 2474 permodico,
1380 2425 1610 2461 sustentare
1643 2435 1736 2460 con-

206 2484 355 2525 suevit.
428 2483 485 2523 Et
524 2480 689 2537 adjecit,
722 2483 1086 2538 “Ceterorumque
1121 2500 1314 2538 pecorum
1347 2501 1533 2527 meorum
1567 2486 1738 2540 diligen-

206 2551 353 2591 tiorem
391 2549 542 2590 habeto
576 2548 820 2599 custodiam,
854 2550 950 2603 quia
986 2566 1060 2605 ego
1085 2551 1161 2592 tibi
1199 2551 1325 2606 digna
1360 2567 1433 2606 pro
1471 2553 1549 2593 hac
1583 2552 1736 2593 vicissi-

204 2616 349 2657 tudine
397 2614 739 2657 remunerationis
785 2616 1107 2657 consolationem
1153 2617 1404 2671 impendam.
1477 2617 1619 2672 Atque
1662 2633 1738 2658 nec

205 2682 403 2723 molestus
436 2682 490 2723 sis
512 2680 621 2734 quod
653 2696 762 2721 nunc
793 2681 894 2722 nihil
925 2682 1106 2724 muneris
1128 2698 1152 2722 a
1183 2698 1248 2723 me
1271 2684 1513 2738 perceperis,
1541 2684 1636 2738 quia
1656 2684 1737 2724 alia

206 2748 294 2790 vice
328 2747 427 2789 dum
458 2747 616 2788 rediero
648 2747 793 2788 melius
818 2752 954 2788 tecum
985 2753 1152 2789 acturus
1175 2749 1284 2789 ero?q
1357 2750 1528 2791 Intuens
1549 2750 1675 2805 igitur
1695 2750 1737 2790 in

203 2815 317 2855 illum
345 2812 510 2868 juvenis
533 2814 665 2854 virum
693 2813 771 2853 Dei
811 2813 965 2868 optime
999 2829 1085 2855 esse
1126 2815 1332 2869 cognovit,
1372 2821 1412 2856 et
1445 2816 1581 2857 adhuc
1607 2815 1737 2870 qualis

200 2880 343 2921 fuisset
382 2879 420 2919 in
446 2879 530 2920 vita
571 2893 645 2920 sua
680 2880 877 2933 corporali
915 2880 1061 2933 specie,
1088 2879 1221 2935 ipsum
1256 2882 1596 2936 cognoscentibus
1634 2882 1734 2923 satis
