1839 3186
194 152 277 191 240
729 157 963 189 LIBELLUS
996 157 1060 188 DE
1093 157 1209 187 VITA

192 262 247 304 ad
270 277 422 311 meum,
445 266 568 316 prout
591 260 626 301 ei
649 260 762 311 libet,
791 260 945 315 poterit
968 260 1070 302 satis
1093 260 1232 301 venire
1255 259 1517 314 colloquium,
1540 259 1728 313 quamvis

193 329 351 369 nullum
382 328 484 368 mihi
515 343 588 382 pro
620 327 792 381 praemio
820 341 958 367 secum
988 326 1212 367 adduxerit
1236 325 1442 367 taurum.'''
1515 326 1620 366 Mox
1651 325 1727 365 mi-

194 394 323 435 nister
357 394 616 442 acceleravit,
655 392 816 434 mulieri
851 408 945 433 cum
977 392 1096 434 sociis
1127 397 1293 433 taurum
1330 392 1372 432 in
1408 406 1525 432 mora
1560 390 1727 431 ducenti

197 460 387 510 occurrit,
427 465 468 500 et
500 474 549 500 ea
580 474 669 513 quae
694 459 756 499 vir
788 458 891 498 1Dei
928 458 986 498 illi
1021 458 1230 513 praecepit,
1263 457 1469 513 injunxit3
1506 472 1594 511 quae
1630 471 1728 497 mox

197 526 333 575 rediit,
357 530 398 566 et
422 525 575 566 Sancto
599 524 830 566 Guthberto
852 524 892 564 in
919 524 1127 564 Dunelmo
1160 528 1326 565 taurum
1357 523 1524 570 obtulit,
1547 522 1729 563 rediens-

198 607 276 646 que
297 591 374 633 viri
406 591 486 632 Dei
523 590 737 645 colloquio,
768 594 968 643 quantum
990 590 1134 639 voluit,
1166 590 1291 644 potiri
1321 589 1561 644 promeruit.
1632 587 1729 628 2Sc-

199 657 314 698 denti
339 673 435 699 vero
458 671 573 698 secus
593 656 702 697 illius
726 656 852 710 pedes
872 655 1033 696 mulieri
1062 656 1121 695 ait
1143 655 1205 696 vir
1227 655 1320 705 Dei,
1345 660 1370 677 ⁴‘
1385 655 1552 695 Domna
1579 658 1727 703 mater,

197 723 348 764 mirum
379 728 441 764 est
466 722 575 776 quod
606 727 772 763 taurum
794 720 959 762 voluisti
990 720 1091 761 mihi
1123 721 1374 762 destinatum
1406 720 1625 770 adducere,
1649 735 1729 773 quo

198 804 338 844 posses
372 788 425 829 ad
447 803 541 828 mea
562 787 762 841 colloquia
786 787 1026 842 pervenire;
1061 802 1158 827 nam
1184 787 1283 828 satis
1313 786 1398 828 sine
1422 786 1533 827 omni
1560 800 1729 826 munere

199 855 264 896 vel
288 855 456 909 praemio
477 868 615 908 posses
636 853 717 894 huc
738 853 910 902 venisse,
934 858 976 894 et
998 868 1091 893 cum
1112 853 1260 894 misero
1282 852 1392 906 loqui
1411 852 1605 893 Godrico.
1646 851 1728 892 Gro-

199 920 335 961 dricus
371 920 537 974 quidem
569 918 723 960 nemini
761 919 823 960 sui
866 919 1113 973 colloquium
1150 918 1369 968 subtrahit,
1400 933 1521 972 quem
1555 917 1729 972 simplici

199 986 336 1027 animo
368 986 421 1026 ad
452 1001 494 1026 se
515 985 654 1026 venire
683 985 930 1040 perpendit;
964 985 1074 1025 unde
1106 984 1156 1025 de
1191 985 1436 1026 necessitate
1468 999 1540 1038 pro
1562 999 1642 1038 qua
1662 999 1730 1025 ve-

200 1053 297 1093 nisti
319 1051 570 1101 liberaberiS,
594 1056 634 1092 et
657 1051 737 1092 Dei
757 1051 1080 1092 misericordiam
1104 1050 1153 1091 de
1176 1051 1246 1091 illa
1267 1050 1564 1104 consequeris.”
1614 1049 1731 1090 Tune

200 1118 347 1159 mulier
369 1133 462 1158 cum
483 1117 635 1172 gaudio
656 1117 792 1166 rediit,
816 1122 857 1157 et
878 1132 951 1171 pro
975 1132 1053 1170 quo
1085 1116 1309 1158 advenerat
1335 1116 1560 1171 periculum
1583 1116 1728 1158 evasit.

269 1184 374 1224 Haec
395 1183 472 1224 viri
497 1183 664 1224 veridici
696 1187 979 1237 protestantur
1000 1183 1068 1237 qui
1100 1182 1164 1223 his
1191 1182 1423 1225 interfuisse
1454 1197 1546 1223 cum
1576 1181 1730 1224 eisdem

200 1248 287 1305 ejus
308 1249 507 1290 ministris
529 1248 804 1290 3meruerunt.
1684 1245 1687 1246 ⁷

200 1528 286 1553 OAP.
310 1528 451 1554 CXVIII.
513 1529 712 1557 QUALITER
748 1530 961 1554 MINISTROS
1003 1530 1055 1554 DE
1086 1530 1266 1554 PISCARIA
1299 1529 1451 1554 VACUOS
1483 1529 1728 1565 REDEUNTES,

258 1595 414 1619 ITERUM
445 1595 553 1619 ILLos
584 1595 632 1620 EO
662 1596 809 1620 REDIRE
839 1595 1043 1630 COEGERIT,
1078 1596 1126 1621 ET
1157 1596 1251 1620 TREs
1295 1596 1420 1621 PISCES
1461 1596 1504 1620 IN
1541 1596 1727 1622 VASCULls

256 1660 340 1686 SUIS
371 1661 561 1685 DETINERI
592 1645 889 1686 ΡΒᾹΞΒἘΧΕΗΙΤ.44

259 1758 280 1812 ξ
305 1757 401 1802 227.
437 1758 689 1800 HABITANTE
710 1775 849 1802 secum
874 1761 960 1802 viro
983 1760 1063 1800 Dei
1086 1775 1202 1801 rarus
1232 1760 1310 1801 loci
1331 1761 1439 1802 illius
1465 1761 1598 1802 incola
1629 1767 1728 1802 tunc

198 1824 395 1878 temporis
417 1825 736 1878 permittebatur
759 1826 970 1875 exsistere,
986 1826 1082 1880 quia
1103 1828 1433 1868 conversationes
1451 1827 1663 1868 hominum
1686 1832 1727 1868 et

198 1890 411 1943 colloquia,
436 1896 637 1943 quantum
671 1892 707 1932 ei
738 1892 929 1946 possibile
952 1892 1100 1942 fuerat,
1124 1898 1392 1933 consueverat
1421 1893 1615 1934 evitando
1636 1888 1728 1934 5de-

200 1955 363 1996 clinare.
435 1955 498 1997 At
520 1962 660 1997 tamen
681 1958 723 1998 in
746 1958 889 1999 diebus
910 1958 989 1998 illis
1012 1958 1092 1998 duo
1114 1958 1291 1999 ministri
1324 1957 1410 2013 ejus
1440 1959 1643 2013 obsequiis
1663 1960 1728 2001 vel

198 2021 407 2062 mandatis
451 2023 721 2076 exsequendis
757 2024 1019 2078 singulariter
1060 2024 1368 2071 inse1=vieba11t3
1414 2039 1586 2077 quorum
1623 2041 1729 2067 unus

201 2101 361 2140 semper
392 2087 565 2138 assidue,
599 2088 704 2128 alter
734 2103 894 2143 semper
923 2090 1166 2130 necessitate
1201 2090 1482 2143 compellente,
1506 2090 1633 2145 ipsius
1657 2107 1730 2132 ne-

199 2152 323 2206 gotiis
354 2153 566 2206 invigilare
598 2159 907 2195 consueverant.
981 2154 1331 2196 Convenientibus
1360 2155 1488 2210 igitur
1522 2157 1601 2198 illis
1631 2172 1728 2211 qua-

246 2258 256 2278 ¹
278 2258 373 2305 Det]
403 2259 486 2293 This
503 2261 605 2304 word,
624 2261 847 2307 accidentally
865 2263 1007 2296 omitted
1025 2264 1059 2297 iu
1084 2264 1136 2307 B,
1154 2265 1181 2297 is
1200 2265 1355 2310 supplied
1372 2265 1457 2298 from
1479 2266 1526 2300 H.

243 2304 257 2324 2
274 2304 433 2351 Sedenti]
462 2306 535 2339 The
552 2319 692 2351 passage
710 2309 895 2352 extending
912 2315 945 2342 to
963 2310 1019 2343 the
1038 2311 1128 2343 word
1147 2312 1167 2328 ‘⁴
1181 2312 1323 2352 evasit‚''
1342 2312 1370 2344 is
1388 2312 1529 2344 omitted
1547 2311 1582 2344 in
1603 2310 1650 2344 H.

224 2395 229 2401 η
247 2350 509 2402 {Meruerwth
551 2354 571 2370 ‘⁴
585 2353 825 2387 Residentibus
857 2367 967 2388 coram
998 2367 1037 2388 eo
1067 2356 1281 2400 quibusdam,
1311 2358 1442 2390 vocavit
1471 2357 1664 2390 ministrum
1693 2362 1726 2389 et

198 2395 285 2428 dunt
304 2408 333 2429 er
351 2409 357 2430 :
386 2401 397 2416 ¹
408 2398 571 2449 Accelerat
589 2404 624 2431 ut
643 2399 775 2432 mulieri
795 2400 835 2433 de
853 2401 1079 2445 Richemund‚
1098 2414 1174 2446 quae
1199 2403 1281 2435 mihi
1300 2403 1437 2436 adducit
1456 2409 1601 2445 taurum,
1619 2403 1727 2447 possis

198 2453 371 2475 occurrere
389 2455 477 2476 eirca
495 2444 625 2478 silvam.
676 2445 731 2478 Sic
751 2457 826 2478 vero
843 2446 988 2490 loqueris
1005 2447 1048 2480 ad
1066 2460 1138 2480 eam
1155 2461 1161 2483 ι
1190 2453 1199 2467 ‘
1216 2449 1363 2482 Taurum
1390 2449 1479 2494 quod
1503 2448 1670 2482 Godricus
1689 2460 1728 2482 eo

199 2499 266 2539 non
296 2488 423 2533 indiget
446 2490 596 2523 reducito
626 2490 668 2523 ad
694 2491 854 2524 Sanctum
879 2493 1115 2536 Cuthbertum‚
1142 2500 1175 2527 et
1203 2500 1330 2539 postea,
1357 2495 1384 2528 si
1414 2495 1507 2538 libet,
1533 2495 1658 2539 poteris
1686 2494 1728 2527 ad

197 2534 303 2578 ipsius
321 2535 433 2568 venire
452 2535 681 2580 eolloquium.’
697 2537 718 2550 ”
745 2537 879 2570 Domno
896 2538 1061 2583 minister,
1080 2546 1112 2572 et
1131 2540 1285 2573 ministro
1302 2541 1434 2582 mulier,
1453 2541 1612 2574 obedivit.
1640 2540 1726 2573 Cum

197 2585 315 2631 post-ea
331 2580 451 2614 mulier
463 2582 609 2615 venisset
627 2582 668 2614 ad
680 2594 769 2624 eum,
784 2586 805 2602 “
818 2584 897 2617 Sine
915 2585 1045 2627 omnis’
1063 2586 1121 2629 ait,
1141 2588 1313 2619 “munere
1331 2587 1372 2619 ad
1391 2586 1577 2619 Godricum
1595 2592 1727 2631 poteras

200 2636 324 2668 vcmre,
342 2627 399 2670 qui
418 2627 501 2660 nulli
526 2628 692 2661 subtrahit
709 2629 917 2673 adloquium,
937 2642 1036 2674 quem
1061 2632 1205 2676 simplici
1230 2632 1342 2664 anima
1360 2633 1472 2665 venire
1489 2632 1677 2677 perpendit,
1695 2638 1729 2665 et

198 2682 287 2704 nune
305 2683 363 2715 per
381 2672 444 2706 Dei
462 2673 604 2717 gratiam
623 2674 663 2707 de
681 2676 892 2718 necessitate,
911 2687 970 2720 pro
992 2689 1057 2721 qua
1075 2678 1206 2722 venisti,
1225 2678 1420 2712 liberaberis
1439 2684 1471 2711 et
1489 2677 1578 2723 quod
1597 2677 1726 2711 deside—

197 2728 249 2749 ras
268 2717 459 2751 obtinebis.’
475 2720 496 2734 '³
523 2720 634 2753 Anon.
655 2720 814 2753 Harleian
835 2721 981 2765 Legend.

244 2763 256 2782 ‘¹
284 2762 323 2795 Iu
341 2763 397 2796 the
417 2764 511 2798 Harl.
532 2765 606 2799 MS.
625 2766 762 2810 chapter
781 2766 973 2801 LXXXII.

243 2809 255 2826 ⁵
276 2808 483 2855 Declc'mzre]
509 2810 698 2855 Declarare,
721 2812 767 2846 H.
