1839 3186
195 161 279 207 370
724 176 957 209 LIBELLus
994 177 1058 208 DE
1092 177 1208 208 VITA

450 371 557 428 [CAP.
578 389 695 416 XX1V.
733 392 785 416 DE
806 392 988 418 MUL1ERE
1010 393 1258 418 INSANIENTE
1280 375 1476 431 SANATA]

267 470 404 524 ยง35L
449 471 577 513 INTER
612 473 693 515 alia
726 475 1018 517 miraculorum
1038 475 1216 531 insignia
1251 490 1339 530 quae
1374 490 1447 530 per
1479 473 1611 516 virum
1650 471 1731 513 Dei

200 535 428 579 Godricum
462 544 558 581 sunt
587 540 709 592 facta,
740 542 819 583 hoc
845 542 971 583 etiam
993 542 1243 597 stupendum
1265 541 1428 583 exstitit
1450 540 1560 595 quod
1589 538 1732 581 multis

194 602 252 644 ibi
289 603 526 647 videntibus
566 607 753 662 contigit.
840 608 970 650 Venit
1014 608 1181 663 quidem
1224 609 1279 649 ad
1319 607 1580 663 sepulchrum
1621 605 1729 646 illius

192 669 340 711 mulier
360 671 548 725 quaedam
582 673 632 714 de
665 673 867 725 Elmraeo,
891 690 980 729 quae
1016 691 1088 730 per
1123 690 1252 716 annos
1274 674 1437 715 circiter
1458 688 1531 715 sex
1562 687 1726 714 sensum

193 736 400 788 amiserat,
422 743 464 779 et
493 738 643 781 frenesi
673 741 887 782 cerebrum
908 740 995 797 ejus
1015 742 1163 797 saepius
1180 741 1352 783 interius
1372 744 1578 789 movente,
1602 743 1727 793 caput

187 801 348 857 jugiter
363 803 444 845 huc
460 809 501 846 et
522 804 619 847 illuc
633 804 795 862 jactare
813 808 985 850 solebat.
1019 809 1123 862 Quae
1146 808 1245 849 dum
1258 813 1380 849 nocte
1399 807 1454 848 ad
1469 806 1731 861 sepulchrum

195 869 273 910 viri
311 869 391 911 Dei
427 872 624 923 consedit,
658 880 828 929 repente
857 875 1073 929 procidens
1106 879 1148 916 et
1183 874 1339 916 diutius
1373 889 1415 916 se
1449 873 1724 926 distorquens,

191 940 336 990 postea
367 938 558 989 surrexit,
584 944 625 981 et
647 944 735 981 tam
757 941 810 982 ab
833 941 992 983 insania
1023 956 1147 996 quam
1171 956 1196 982 a
1220 941 1375 983 cerebri
1396 939 1572 995 permoti
1604 938 1727 980 incle-

191 1003 349 1044 mentia
369 1019 411 1045 se
431 1004 649 1047 liberatam
668 1008 881 1062 persensit.
928 1009 1050 1061 Quod
1071 1015 1112 1050 et
1137 1008 1306 1062 quidam
1329 1007 1397 1062 qui
1418 1008 1497 1048 hoc
1521 1009 1725 1047 noverunt

194 1070 338 1110 testati
373 1076 480 1121 sunt,
504 1077 545 1113 et
576 1073 626 1114 de
666 1074 855 1116 Eboraco
898 1075 1111 1117 venientes
1149 1076 1287 1130 plures
1324 1075 1402 1115 hoc
1433 1087 1577 1115 verum
1603 1072 1728 1114 fuisse

202 1137 468 1180 sacramentis
488 1138 812 1183 affirmaverunt.
