1839 3186
132 198 184 237 14
702 207 1065 241 ARGUMENTUM.

182 328 224 366 et
245 320 450 379 quomodo
480 337 522 365 se
554 322 662 365 solus
697 322 738 363 iu
774 321 880 363 lecto
908 321 1169 372 converterit,
1213 326 1253 363 et
1287 336 1381 363 cum
1411 337 1457 363 eo

181 390 337 432 diutius
357 390 519 431 Iocutus
540 389 593 431 sit

124 457 235 512 Quid
265 457 315 499 de
342 456 548 499 muliere
538 471 580 498 1n
607 456 753 512 spiritu
782 455 933 498 videiit
963 455 1025 498 vel
1059 455 1241 497 dixelit·
1232 473 1242 504 ;
1281 470 1330 497 ac
1359 470 1457 510 quo-

180 524 304 567 modo
331 529 459 566 coetus
481 523 706 579 Angelicos
741 522 1048 575 descendentes,
1084 528 1126 565 et
1161 526 1320 565 secieta
1354 522 1458 563 mul-

182 591 306 634 toties
325 591 536 642 rimantes,
560 591 819 646 conspexerit

124 659 299 714 Quando
341 659 404 701 vir
445 658 526 700 Dei
563 662 764 713 aegrotare
800 656 1012 712 inceperit,
1048 662 1092 698 et
1131 671 1233 711 quos
1270 655 1457 698 incursus

182 726 416 768 daemonum
451 740 524 767 seu
550 724 738 766 dolorum
772 724 814 766 in
853 724 941 780 ipso
978 722 1237 779 aegritudinis
1271 727 1458 779 tempore

183 807 397 849 perpessus
422 792 475 834 sit

126 860 262 914 Quam
281 859 371 901 dira
390 858 641 900 naturalium
662 857 942 899 membrorum
967 861 1174 898 tormenta
1201 855 1465 898 sustinuerit·

126 927 314 982 Qualiter
334 925 466 968 solum
488 926 595 966 lecto
617 924 934 966 decumbentem
959 923 1146 965 diabolus
1167 923 1390 972 invaserit;
1416 930 1458 965 et

184 994 235 1035 de
253 993 427 1049 grabato
452 991 675 1042 divulsum,
697 991 856 1033 nudum
886 991 929 1032 in
960 995 1071 1032 terra
1100 988 1319 1046 projecerit
1341 995 1382 1032 et
1402 990 1460 1032 al-

183 1060 312 1103 liserit
374 1091 383 1100 .
1235 1090 1244 1098 .

127 1126 344 1182 Quomodo
365 1126 550 1168 libellum
570 1090 679 1167 liunc
693 1125 785 1167 Deo
808 1091 1147 1167 commendatum
1167 1123 1454 1173 benedixerit;

184 1200 241 1245 et,
276 1209 369 1248 quae
402 1192 610 1248 scriptoris
646 1197 765 1234 ciant
799 1189 887 1248 ejus
924 1196 1083 1234 secreta
1117 1191 1327 1247 detegens,
1369 1205 1459 1246 quae

182 1261 325 1303 futura
344 1259 404 1302 illi
424 1259 597 1301 fuissent
617 1259 861 1315 praedixerit

129 1327 346 1382 Quomodo
378 1327 515 1369 exitus
550 1326 612 1369 sui
647 1325 758 1368 diem
785 1330 980 1369 octavum
1010 1323 1262 1381 praedixerit,
1285 1328 1327 1366 et
1349 1322 1460 1365 diem

185 1394 406 1452 sepulturae
441 1408 527 1435 suae
572 1397 670 1435 ante
709 1393 861 1435 festum
905 1392 1187 1434 Pentecosten
1233 1390 1460 1433 secundum

186 1460 513 1518 praesignaverit,
542 1465 584 1502 et
620 1459 672 1502 de
700 1460 839 1502 reditu
865 1459 921 1501 ad
954 1474 1050 1501 eum
1081 1457 1229 1501 nobilis
1254 1457 1333 1501 viri
1361 1456 1460 1512 quid

187 1528 341 1570 dixerit
373 1560 383 1570 .

129 1594 346 1651 Quomodo
367 1593 486 1636 fratri
507 1593 686 1644 cuidam,
715 1593 862 1649 saepius
885 1590 974 1648 ejus
1004 1592 1143 1635 videre
1170 1595 1361 1633 extrema
1389 1590 1459 1632 de-

185 1660 385 1705 sideranti
416 1665 457 1702 et
490 1660 689 1716 poscenti,
721 1660 1005 1716 responderit,
995 1676 1003 1684 ·
1045 1658 1195 1714 quidve
1226 1658 1285 1700 illi
1307 1657 1461 1700 dixerit

188 1734 230 1771 et
252 1727 499 1784 promiserit,
524 1727 590 1769 vel
614 1727 848 1768 exhibuerit

129 1796 321 1850 Qualiter
345 1794 513 1836 Domini
534 1809 677 1836 servus
699 1793 903 1836 Godricus
939 1793 990 1835 de
1018 1793 1096 1834 hoc
1125 1791 1283 1833 mundo
1309 1791 1461 1847 migra-

188 1862 308 1911 verit,
334 1866 376 1903 et
398 1877 470 1917 pro
491 1861 786 1917 temporalibus
807 1866 967 1902 aeterna
990 1858 1246 1915 perceperit.

130 1928 350 1984 Quomodo
371 1943 517 1983 corpus
537 1927 614 1969 viri
630 1927 710 1969 Dei
731 1928 938 1982 sepultum
959 1927 1027 1977 sit,
1052 1941 1100 1967 ac
1122 1940 1194 1981 pro
1215 1939 1352 1980 ungue
1374 1922 1461 1980 ejus

189 1996 317 2038 inciso
352 1994 517 2050 sanguis
544 1993 762 2046 effluxerit,
799 1995 865 2037 vel
896 1993 995 2050 quid
1022 1993 1064 2035 in
1096 1992 1250 2034 lamina
1283 2006 1378 2033 cum
1414 2005 1461 2032 eo

189 2062 325 2118 posita
344 2061 543 2117 scriptum
564 2061 618 2103 sit

1462 280 1657 303 CAPITULUM

1559 387 1657 444 clxj.

1543 586 1656 644 clxij.

1529 775 1656 844 clxiij.

1531 856 1656 898 clxiv.

1546 1055 1657 1098 clxv.

1532 1254 1657 1312 clxvj.

1448 1556 1458 1566 .
1518 1521 1659 1579 clxvij.

1446 1756 1455 1765 .
1503 1721 1658 1779 clxviij.

1532 1854 1659 1897 clxix.

1548 2055 1659 2096 clxx.
