1839 3186
172 168 255 207 412
697 175 933 207 LIBELLUS
968 175 1032 206 DE
1069 175 1185 206 VITA

172 282 281 322 fecto
302 281 421 336 plene
444 279 675 328 convaluit3
712 279 784 321 sed
800 284 936 320 mater
954 279 1110 320 Sancto
1133 279 1213 320 Dei
1233 284 1374 335 grates
1393 280 1583 332 referens,
1608 296 1708 322 eun-

173 347 267 389 dem
290 362 429 389 secum
451 361 596 388 sanum
618 361 666 387 ac
688 347 796 387 clare
812 345 1023 386 videntem
1042 345 1307 400 postmodum
1322 347 1375 387 ad
1390 346 1467 388 viri
1481 347 1560 388 Dei
1575 348 1708 402 sepul-

174 414 319 455 chrum
350 413 534 468 pertulit,
563 417 604 454 et
636 427 774 453 coram
806 411 949 453 multis
980 413 1158 453 testibus
1189 413 1395 467 quomodo
1426 429 1529 468 puer
1559 429 1707 455 conva-

173 480 316 522 luisset
339 479 567 535 1exp0suit.

176 610 287 636 CXXX.
322 610 373 634 DE
405 610 580 639 QUADAM
605 609 785 634 MULIERIS
816 608 907 637 QUAE
938 608 1130 634 TRIENNio
1161 609 1352 642 LANGUIT,
1388 611 1435 635 ET
1465 610 1517 635 DE
1548 610 1710 636 APOSTE-

423 676 536 701 MATE
568 675 710 709 RUPTO,
742 674 793 698 DE
823 674 970 703 QUIBUS
1001 674 1235 700 SANITATEM
1268 676 1469 704 PERCEPIT.

238 761 255 813 ᾗ
281 759 377 803 497.
413 759 531 799 ERAT
553 758 741 813 quaedam
766 757 925 807 mulier,
943 757 1086 812 Agnes
1108 758 1272 798 nomine
1288 759 1338 799 de
1363 758 1583 809 Karletun,
1607 774 1713 800 uxor

183 825 432 881 Gospatricii
460 824 644 880 ejusdem
672 823 779 865 villae
812 823 901 874 viri,
929 823 1036 864 inter
1070 823 1186 880 cujus
1221 824 1419 866 umbucili
1454 826 1637 866 medium
1670 829 1712 866 et

181 893 358 948 pectoris
383 891 575 946 quaedam
599 890 828 946 gibbositate
855 891 1096 945 pergrandis
1118 891 1353 941 exstiterat,
1373 907 1462 945 quae
1484 907 1587 946 pene
1608 891 1714 932 tholi

180 958 396 1014 cujusdam
416 957 750 1013 grossitudinem,
774 957 838 997 vel
861 965 970 997 certe
994 958 1111 1011 panis
1133 956 1348 1012 cujusdam
1369 958 1710 1013 magnitudinem,

181 1041 264 1068 suae
296 1024 555 1066 enormitatis
586 1023 862 1079 grossitudine
895 1023 1152 1077 praeferebat.
1226 1023 1330 1064 Haec
1362 1039 1434 1078 per
1458 1039 1586 1066 annos
1611 1024 1713 1065 duos

182 1106 421 1133 excrescens
442 1091 502 1132 ita
517 1092 785 1139 intumuerat,
805 1089 915 1142 quod
936 1090 1157 1143 aegrotanti
1175 1090 1334 1130 nullum
1350 1105 1516 1144 prorsus
1531 1092 1713 1145 requiem

182 1157 434 1212 quietudinis
454 1157 720 1198 admittebat.
792 1156 934 1196 Tertio
956 1171 1063 1196 anno
1085 1171 1193 1204 vero,
1219 1157 1332 1197 sanie
1353 1157 1587 1211 putrefacta
1610 1157 1715 1198 inte-

182 1225 279 1274 rius,
312 1224 354 1264 in
385 1224 501 1265 uleus
536 1223 716 1264 vulneris
753 1222 939 1276 prorupit
971 1222 1165 1273 exterius,
1203 1222 1314 1276 quod
1344 1223 1404 1264 ita
1434 1223 1567 1265 tribus
1597 1223 1715 1265 annis

183 1291 526 1344 subsequentibus
547 1288 800 1330 indeficienti
822 1289 909 1329 rivo
931 1289 1086 1329 saniem
1108 1304 1298 1330 emanare
1320 1303 1402 1330 non
1424 1289 1565 1338 desiit3
1606 1290 1716 1344 quod

186 1357 312 1398 etiam
344 1356 657 1411 panniculorum
688 1354 841 1396 fissuris
877 1355 1150 1409 perplurimis,
1184 1356 1226 1396 in
1268 1355 1581 1397 similitudinem
1622 1356 1715 1411 pilae

185 1424 382 1478 aggestis,
409 1428 449 1463 et
471 1423 513 1463 in
534 1422 669 1463 ulcere
690 1421 815 1462 latius
846 1421 990 1461 hiante
1012 1421 1195 1476 ingestis,
1214 1419 1328 1476 jugis
1354 1420 1492 1463 fluxus
1516 1422 1624 1464 illius
1647 1438 1717 1477 op-

185 1490 304 1545 pilari
335 1505 466 1543 neque
498 1488 696 1543 restingui
728 1487 958 1542 praevaluit.
1023 1487 1131 1528 Nam
1166 1488 1268 1528 adeo
1293 1488 1376 1529 late
1398 1488 1537 1530 hiatus
1569 1489 1718 1530 ulceris

185 1557 311 1611 ipsius
348 1555 530 1596 exterius
563 1554 712 1610 patuit,
751 1553 861 1607 quod
895 1569 920 1594 a
952 1554 1137 1595 cominus
1165 1554 1397 1595 contuentis
1429 1555 1546 1596 oculo
1580 1555 1720 1596 omnia

187 1622 412 1677 praecordia
452 1627 493 1662 et
529 1620 685 1662 ventris
725 1619 923 1661 intestina
952 1620 1097 1672 videri,
1135 1620 1345 1675 distingui,
1383 1626 1507 1675 atque
1543 1622 1720 1664 discerni

187 1689 501 1744 praevaluerant.
565 1686 691 1728 Unde
713 1687 845 1728 tribus
866 1686 983 1728 annis
1015 1687 1206 1728 continue
1227 1687 1424 1742 languida
1446 1688 1654 1738 decubuit,
1678 1693 1719 1730 et

186 1755 288 1795 nihil
314 1755 479 1795 omnino
502 1753 635 1809 operis
667 1768 856 1794 exercere
880 1752 1114 1807 praevaluit.
1182 1753 1286 1794 Haec
1307 1753 1361 1794 ad
1388 1754 1589 1795 Sanctum
1612 1755 1720 1796 Tho-

187 1837 299 1862 mam
328 1820 529 1876 proficisci
551 1819 775 1874 disposuit;
803 1819 876 1860 sed
900 1819 1052 1860 domna
1072 1820 1199 1874 ipsius
1221 1819 1327 1861 villae
1350 1835 1441 1860 eam
1462 1836 1720 1863 commovere

191 1888 302 1942 prius
327 1887 381 1928 ad
407 1887 550 1928 Sancti
576 1886 745 1927 Godrici
770 1886 1032 1940 sepulchrum
1056 1887 1190 1940 ipsum
1212 1886 1514 1940 postulaturam
1538 1887 1718 1929 divertit.

191 1954 369 1995 Dixerat
392 1954 501 1994 enim
523 1952 769 1994 deliberanti
805 1952 858 1992 ad
889 1952 1089 1993 Sanctum
1114 1952 1318 1993 Thomam
1347 1951 1548 2006 proficisci
1570 1954 1723 1994 domna

191 2020 318 2075 ipsius
343 2021 414 2067 sic,
440 2025 464 2042 “
481 2019 587 2061 Cum
609 2033 811 2073 nusquam
836 2019 894 2058 ire
916 2018 994 2059 nisi
1022 2018 1102 2058 alio
1124 2018 1446 2059 adminiculante
1468 2034 1549 2060 non
1572 2020 1721 2070 valeas,

192 2087 358 2127 consulo
384 2092 430 2127 ut
454 2086 655 2128 Sanctum
679 2084 770 2134 Dei,
799 2084 867 2137 qui
890 2084 966 2124 tibi
997 2084 1128 2138 lna-gis
1149 2084 1190 2124 in
1212 2084 1441 2138 propinquo
1463 2092 1525 2126 est
1550 2086 1721 2139 positus,

193 2153 344 2193 devota
375 2151 673 2206 supplicatione
705 2150 991 2204 praeveniend0
1022 2150 1224 2203 requiras3
1263 2165 1359 2190 nam
1381 2151 1534 2192 frustra
1564 2152 1724 2206 longius

193 2220 251 2259 ire
273 2218 480 2273 proponis,
504 2232 597 2257 cum
623 2217 749 2257 etiam
782 2231 853 2270 per
885 2216 975 2256 loca
1002 2214 1177 2257 finitima
1208 2216 1266 2257 ire
1290 2216 1354 2257 vel
1380 2221 1420 2257 te
1452 2232 1616 2259 movere
1646 2233 1728 2259 non

199 2284 370 2339 possis.”

254 2350 271 2402 ᾧ
298 2352 394 2392 498.
429 2349 611 2390 Credens
635 2347 761 2402 igitur
783 2348 944 2389 domnae
967 2363 1049 2389 suae
1079 2348 1246 2389 monitis
1272 2349 1368 2389 licet
1391 2349 1535 2391 diebus
1559 2351 1728 2405 singulis

195 2416 266 2457 vix
296 2415 453 2456 miliare
485 2429 625 2463 unum,
649 2414 721 2455 sed
745 2414 966 2468 aliquando
989 2414 1207 2455 dimidium
1238 2415 1358 2456 unius
1383 2414 1581 2457 conficere
1609 2421 1727 2471 potu-

195 2482 293 2523 isset
315 2480 485 2530 itineris,
509 2485 595 2521 tam
617 2481 729 2521 lento
750 2495 890 2535 gressu
914 2495 994 2534 quo
1025 2481 1173 2535 potuit,
1196 2481 1366 2521 tandem
1389 2481 1430 2521 in
1454 2481 1652 2523 Finchale
1674 2482 1728 2523 ad

197 2548 273 2589 viri
296 2547 375 2588 Dei
398 2547 660 2601 sepulchrum
682 2547 882 2600 pervenit.
946 2546 1046 2598 Quae
1068 2561 1167 2587 mox
1189 2546 1243 2587 ad
1265 2552 1503 2588 contactum
1524 2548 1729 2603 sepulchri

245 2662 252 2680 ¹
275 2657 465 2704 Exposuit]
495 2657 568 2690 The
593 2668 686 2690 sanie
711 2657 919 2701 manuscript
944 2656 1022 2689 thus
1044 2656 1227 2701 proceeds:
1270 2658 1291 2675 “
1306 2656 1379 2699 Vir,
1399 2656 1563 2690 Morellus
1581 2658 1737 2702 nornine,-

197 2704 306 2737 filium
327 2704 456 2747 habuit,
477 2705 573 2747 cujus
592 2703 680 2736 oculi
699 2703 849 2736 medium
867 2702 1003 2746 pustula
1021 2714 1284 2747 supcrenasccns
1311 2702 1454 2745 obsedit,
1482 2709 1515 2736 et
1537 2703 1652 2736 lumen
1670 2704 1728 2737 ob-

197 2750 336 2783 struxit.
384 2750 486 2783 Hunc
504 2755 597 2794 pater
614 2749 652 2782 ad
674 2749 864 2794 sepulcrum
884 2749 997 2781 Sancti
1016 2748 1155 2781 Godrici
1173 2748 1344 2793 pel-(luxit,
1359 2748 1563 2794 domumque
1581 2750 1729 2784 reduxit.

200 2797 322 2829 Postea
340 2808 416 2829 vero
435 2796 476 2829 de
496 2796 549 2828 die
567 2796 601 2828 in
620 2795 709 2828 diem
728 2795 864 2840 pustula
881 2795 984 2839 coepit
1002 2795 1157 2837 diminui,
1180 2801 1212 2827 et
1231 2794 1375 2838 (lenique
1393 2795 1571 2829 adnullari.
1622 2796 1730 2841 Igitur

198 2854 273 2875 cum
302 2853 383 2886 puer
409 2842 606 2875 invaluisset
631 2841 674 2874 ad
697 2841 846 2886 plenum,
873 2847 979 2874 mater
996 2841 1107 2886 ipsum
1125 2841 1244 2873 iterato
1263 2840 1399 2873 reduxit
1416 2841 1457 2874 ad
1476 2842 1636 2875 Sanctum
1656 2842 1730 2885 Dei,

199 2888 325 2931 gratias
344 2888 463 2921 devota
481 2887 710 2933 persolvens.’⁷
