1839 3186
524 250 583 281 ET
618 251 886 284 MIRACULIS
922 253 958 284 S.
987 252 1203 285 GODRICI.
1550 244 1625 282 421

97 355 324 398 ministerio
345 362 520 412 utraque
542 358 752 409 tibiarum,
775 374 969 414 genuum,
989 374 1038 400 ac
1059 359 1263 400 femorum
1281 358 1507 400 destitutus
1522 358 1601 399 fuit
1618 376 1628 406 ;

97 421 213 478 cujus
237 424 351 465 nervi
372 424 432 465 ita
462 424 504 465 in
535 425 761 479 poplitibus
792 430 955 467 arentes
987 426 1266 481 deriguerant,
1293 425 1403 479 quod
1435 425 1472 466 ei
1503 440 1630 479 prope

96 490 267 531 modum
306 491 538 532 immobiles
577 496 618 532 et
661 490 906 534 inflexibiles
946 498 1077 533 crant.
1159 492 1243 532 Hic
1279 492 1320 532 in
1356 496 1478 532 nocte
1519 491 1630 532 feriae

97 557 286 597 secundae
326 557 594 600 Pentecostes
636 573 774 599 coram
815 559 1031 614 sepulchro
1073 559 1150 601 viri
1191 558 1272 599 Dei
1304 557 1532 612 procidens,
1573 557 1629 598 ibi

96 623 252 664 diutius
273 624 490 675 laboravit,
520 625 629 666 unde
653 641 800 667 nervos
831 626 1060 667 extendens
1093 641 1202 666 1111110
1232 639 1467 680 percurvus,
1505 624 1629 664 modo

92 690 271 739 acclinis,
288 691 509 745 aliquando
525 692 741 747 resupinus
757 697 871 735 totus
884 691 1032 748 jacuit,
1051 693 1188 747 sicque
1207 691 1438 733 diutissimo
1452 690 1629 745 plurimo

96 772 190 797 cum
222 757 360 798 dolore
392 759 695 800 contractiones
729 775 948 801 nervorum
980 759 1148 801 dissolvi
1177 758 1392 814 persensit,
1426 772 1630 811 sanusque

96 838 322 879 exsurgens
343 825 396 866 ad
417 826 583 880 propria
604 841 698 867 cum
720 826 839 868 sociis
862 827 1048 882 gaudens
1069 826 1282 868 remeavit.

94 986 230 1013 CXLVI.
266 987 319 1013 DE
349 989 458 1015 CAECA
489 989 664 1019 QUADAM
695 988 766 1019 QUI
797 988 988 1014 SANCTUM
1019 988 1226 1015 GODRICUM
1252 988 1377 1024 VIDIT,
1403 989 1451 1014 ET
1481 988 1632 1015 SANARI

736 1055 983 1081 PROMERUIT.

166 1138 306 1192 §515
342 1138 539 1192 QUAEDAM
561 1138 612 1180 de
649 1138 803 1188 Herth,
842 1138 935 1179 Ede
973 1137 1200 1193 Peregrina
1232 1139 1410 1190 nomine,
1433 1139 1523 1181 visu
1558 1155 1631 1195 per

95 1219 226 1247 annos
260 1206 416 1260 aliquot
446 1206 623 1261 privata,
656 1205 752 1246 illuc
783 1205 1006 1247 adveniens
1040 1210 1161 1246 extra
1191 1206 1406 1247 ecclesiam
1437 1206 1628 1261 procidit,

96 1286 189 1325 quae
223 1272 429 1317 Sanctum
447 1273 673 1314 Godricum
709 1273 863 1313 atrium
895 1271 1074 1313 ecclesiae
1107 1272 1262 1313 circum
1292 1273 1630 1314 deambulantem

95 1340 332 1394 perspexit;
368 1339 437 1394 qui
459 1341 618 1394 quoties
645 1355 792 1381 manus
813 1340 855 1381 in
877 1339 1049 1380 sublime
1071 1339 1250 1390 sustulit,
1275 1339 1325 1381 de
1347 1345 1493 1381 contra
1513 1340 1629 1381 illum

93 1420 256 1461 semper
290 1407 378 1447 coeli
403 1406 537 1463 janua
570 1408 679 1448 ultro
712 1406 861 1461 aperiri
899 1405 986 1447 visa
1017 1405 1110 1446 fuit.
1182 1406 1283 1459 Quae
1320 1407 1479 1460 quoties
1514 1407 1632 1448 illum

92 1487 229 1527 genua
258 1471 427 1515 flectens
457 1473 660 1524 adoravit,
683 1474 807 1515 toties
828 1473 948 1514 vultu
969 1487 1119 1514 cernuo
1150 1472 1287 1528 ipsum
1315 1489 1412 1528 erga
1443 1489 1484 1515 se
1515 1474 1631 1515 recli-

94 1540 184 1581 nari
220 1540 443 1595 perspexit.
533 1540 721 1582 Tandem
759 1540 850 1582 visu
888 1539 1044 1581 donata
1084 1540 1299 1581 ecclesiam
1344 1540 1545 1589 introivit,
1589 1545 1630 1581 et

93 1605 416 1648 misericordiam
446 1607 488 1648 in
525 1622 567 1649 se
602 1607 757 1649 factam
791 1607 953 1662 publice
976 1621 1115 1647 coram
1149 1607 1338 1648 omnibus
1375 1608 1629 1662 praedicavit.

95 1671 224 1728 Cujus
244 1672 497 1715 infirmitatis
519 1679 560 1715 et
591 1674 782 1716 sanitatis
812 1674 934 1715 multi
966 1673 1017 1714 de
1038 1673 1203 1728 regione
1225 1674 1296 1715 illa
1315 1678 1443 1716 testes
1464 1674 1630 1726 affuere,

94 1740 162 1794 qui
185 1755 276 1782 eam
297 1741 429 1782 multo
450 1741 564 1796 prius
587 1745 770 1797 tempore
791 1755 1033 1796 cognovere.

313 1907 463 1932 CXLVII.
497 1906 549 1931 DE
580 1904 828 1930 FEBRICANTE
858 1904 906 1929 ET
937 1903 1184 1933 QUANDOQUE
1215 1904 1414 1929 FURENTE.

153 2009 170 2061 ξ
195 2010 291 2050 516.
325 2008 450 2056 Am,
474 2007 651 2048 ducente
673 2006 761 2047 viro
791 2020 876 2055 5110,
901 2004 997 2045 111110
1023 2004 1263 2054 advenerat,
1296 2019 1384 2057 quae
1407 2018 1479 2057 per
1500 2018 1630 2044 annos

93 2076 311 2117 duodecim
338 2076 486 2116 misero
519 2073 670 2114 doloris
690 2087 838 2127 genere
861 2071 1105 2126 deperierat.
1177 2071 1286 2112 Nam
1310 2069 1493 2124 quotidie
1522 2085 1630 2110 nunc

91 2147 210 2183 tanto
233 2142 437 2184 aestuabat
458 2141 616 2182 fervore
637 2145 684 2181 ut
706 2139 837 2180 instar
857 2138 1034 2180 fornacis
1058 2138 1217 2179 accensi
1237 2138 1422 2178 fumosus
1435 2151 1564 2191 vapor
1581 2136 1630 2177 de

92 2209 164 2250 illa
183 2209 349 2251 videtur
373 2223 605 2263 exsurgere,
629 2207 766 2260 sicque
806 2221 878 2260 per
912 2205 1034 2246 horas
1071 2205 1228 2259 aliquot
1259 2204 1505 2246 seminecem
1536 2203 1629 2244 fati-

93 2291 218 2331 gare;
252 2276 375 2317 modo
397 2290 494 2316 vero
527 2278 619 2329 post
649 2274 737 2313 haec
764 2277 885 2313 tanta
914 2271 1077 2326 frigoris
1099 2287 1190 2312 eam
1212 2272 1414 2326 asperitas
1435 2270 1630 2311 invadere

93 2343 320 2393 consuevit,
346 2341 456 2396 quod
486 2341 600 2381 illam
631 2340 895 2394 exstinguere
926 2338 1193 2379 nihilominus
1224 2336 1453 2392 praevaluit.
1525 2337 1631 2377 Haec

93 2408 150 2449 ibi
172 2408 370 2450 salutaria
390 2407 574 2449 remedia
602 2406 799 2462 percepit,
823 2420 1042 2460 sospesque
1065 2420 1159 2446 cum
1181 2405 1269 2446 viro
1291 2420 1364 2446 suo
1387 2407 1428 2444 et
1450 2408 1632 2445 consort-

94 2476 186 2517 ibus
208 2476 377 2516 domum
398 2474 536 2516 rediit.

511 2638 680 2664 CXLVIII.
718 2639 769 2663 DE
801 2638 907 2663 CAEOO
938 2637 1206 2663 ILLUMINATO.

151 2741 169 2792 ᾧ
193 2740 288 2784 517.
323 2740 410 2780 Vnz
441 2739 610 2793 quidam
640 2743 815 2779 maturae
840 2737 987 2786 aetatis,
1012 2735 1186 2777 Gamelo
1206 2736 1384 2783 nomine,
1407 2732 1515 2774 filius
1538 2733 1634 2774 Garl

93 2808 143 2848 de
167 2807 384 2862 Iggetune,
418 2821 490 2860 per
520 2821 648 2846 annos
680 2810 857 2859 quatuor
888 2819 1019 2844 caecus
1050 2803 1225 2852 exstitit,
1250 2801 1317 2855 qui
1349 2800 1427 2841 nisi
1458 2800 1538 2840 alio
1562 2800 1634 2840 du-

92 2879 210 2915 cente
252 2888 454 2927 nusquam
486 2872 543 2913 110
582 2872 812 2926 praevaluit.
876 2870 1003 2910 Unde
1038 2873 1146 2909 teste
1186 2867 1397 2909 sacerdote
1434 2881 1519 2917 suo,
1552 2865 1637 2906 filia

93 2941 272 2982 ducente
305 2945 345 2980 et
377 2953 586 2994 regressus
609 2936 696 2993 ejus
728 2937 944 2991 dirigente,
971 2935 1024 2976 ad
1056 2935 1270 2977 ecclesiam
1300 2933 1394 2974 duci
1417 2947 1636 2974 consueve-
