<?xml version="1.0" encoding="UTF-8"?>
<!DOCTYPE html PUBLIC "-//W3C//DTD XHTML 1.0 Transitional//EN"
    "http://www.w3.org/TR/xhtml1/DTD/xhtml1-transitional.dtd">
<html xmlns="http://www.w3.org/1999/xhtml" xml:lang="en" lang="en">
 <head>
  <title>
</title>
<meta http-equiv="Content-Type" content="text/html;charset=utf-8" />
  <meta name='ocr-system' content='tesseract 3.04.00' />
  <meta name='ocr-capabilities' content='ocr_page ocr_carea ocr_par ocr_line ocrx_word'/>
</head>
<body>
  <div class='ocr_page' id='page_1' title='image "./libellusdevitaet00regi/libellusdevitaet00regi_0374.png"; bbox 0 0 1839 3186; ppageno 0'>
   <div class='ocr_carea' id='block_1_1' title="bbox 177 141 1175 181">
    <p class='ocr_par' dir='ltr' id='par_1_1' title="bbox 177 141 1175 181">
     <span class='ocr_line' id='line_1_1' title="bbox 177 141 1175 181; baseline -0.002 -1"><span class='ocrx_word' id='word_1_1' title='bbox 177 141 259 180; x_wconf 76' lang='lat'>328</span> <span class='ocrx_word' id='word_1_2' title='bbox 687 148 920 181; x_wconf 81' lang='lat' dir='ltr'>LIBELLUS</span> <span class='ocrx_word' id='word_1_3' title='bbox 958 147 1021 179; x_wconf 87' lang='lat' dir='ltr'>DE</span> <span class='ocrx_word' id='word_1_4' title='bbox 1059 148 1175 179; x_wconf 87' lang='lat' dir='ltr'><strong>VITA</strong></span> 
     </span>
    </p>
   </div>
   <div class='ocr_carea' id='block_1_2' title="bbox 172 250 1714 2038">
    <p class='ocr_par' dir='ltr' id='par_1_2' title="bbox 175 250 1712 1237">
     <span class='ocr_line' id='line_1_2' title="bbox 176 250 1709 308; baseline 0.001 -15"><span class='ocrx_word' id='word_1_5' title='bbox 176 251 290 308; x_wconf 89' lang='lat' dir='ltr'>prius</span> <span class='ocrx_word' id='word_1_6' title='bbox 313 251 502 293; x_wconf 89' lang='lat' dir='ltr'>ablutum</span> <span class='ocrx_word' id='word_1_7' title='bbox 523 250 565 292; x_wconf 90' lang='lat' dir='ltr'>in</span> <span class='ocrx_word' id='word_1_8' title='bbox 597 252 775 293; x_wconf 86' lang='lat' dir='ltr'>stamina</span> <span class='ocrx_word' id='word_1_9' title='bbox 805 266 925 302; x_wconf 86' lang='lat' dir='ltr'>nova,</span> <span class='ocrx_word' id='word_1_10' title='bbox 949 250 1097 292; x_wconf 89' lang='lat' dir='ltr'>deinde</span> <span class='ocrx_word' id='word_1_11' title='bbox 1127 252 1171 292; x_wconf 88' lang='lat' dir='ltr'>in</span> <span class='ocrx_word' id='word_1_12' title='bbox 1202 251 1345 303; x_wconf 86' lang='lat' dir='ltr'>cilicio,</span> <span class='ocrx_word' id='word_1_13' title='bbox 1369 252 1589 295; x_wconf 89' lang='lat' dir='ltr'>novissime</span> <span class='ocrx_word' id='word_1_14' title='bbox 1612 267 1709 295; x_wconf 89' lang='lat' dir='ltr'>vero</span> 
     </span>
     <span class='ocr_line' id='line_1_3' title="bbox 180 317 1710 373; baseline 0.001 -14"><span class='ocrx_word' id='word_1_15' title='bbox 180 318 340 360; x_wconf 89' lang='lat' dir='ltr'>cuculla</span> <span class='ocrx_word' id='word_1_16' title='bbox 373 318 567 359; x_wconf 88' lang='lat' dir='ltr'>decenter</span> <span class='ocrx_word' id='word_1_17' title='bbox 598 323 852 373; x_wconf 88' lang='lat' dir='ltr'>coopertum,</span> <span class='ocrx_word' id='word_1_18' title='bbox 888 317 1092 372; x_wconf 80' lang='lat' dir='ltr'>¹undique</span> <span class='ocrx_word' id='word_1_19' title='bbox 1129 323 1391 359; x_wconf 89' lang='lat' dir='ltr'>consuerunt.</span> <span class='ocrx_word' id='word_1_20' title='bbox 1475 319 1636 360; x_wconf 84' lang='lat' dir='ltr'>Deinde</span> <span class='ocrx_word' id='word_1_21' title='bbox 1667 320 1710 360; x_wconf 91' lang='lat' dir='ltr'>in</span> 
     </span>
     <span class='ocr_line' id='line_1_4' title="bbox 179 384 1707 440; baseline 0.001 -15"><span class='ocrx_word' id='word_1_22' title='bbox 179 400 359 436; x_wconf 84' lang='lat' dir='ltr'>scamno,</span> <span class='ocrx_word' id='word_1_23' title='bbox 382 385 492 439; x_wconf 90' lang='lat' dir='ltr'>quod</span> <span class='ocrx_word' id='word_1_24' title='bbox 516 400 589 440; x_wconf 90' lang='lat' dir='ltr'>pro</span> <span class='ocrx_word' id='word_1_25' title='bbox 610 385 761 426; x_wconf 90' lang='lat' dir='ltr'>feretro</span> <span class='ocrx_word' id='word_1_26' title='bbox 784 384 1050 434; x_wconf 63' lang='lat' dir='ltr'>²⁷habuerant,</span> <span class='ocrx_word' id='word_1_27' title='bbox 1073 399 1220 440; x_wconf 88' lang='lat' dir='ltr'>corpus</span> <span class='ocrx_word' id='word_1_28' title='bbox 1240 385 1370 440; x_wconf 90' lang='lat' dir='ltr'>patris</span> <span class='ocrx_word' id='word_1_29' title='bbox 1392 386 1707 440; x_wconf 90' lang='lat' dir='ltr'>componebant,</span> 
     </span>
     <span class='ocr_line' id='line_1_5' title="bbox 179 451 1711 506; baseline 0 -14"><span class='ocrx_word' id='word_1_30' title='bbox 179 467 258 505; x_wconf 92' lang='lat' dir='ltr'>quo</span> <span class='ocrx_word' id='word_1_31' title='bbox 283 467 308 492; x_wconf 91' lang='lat' dir='ltr'>a</span> <span class='ocrx_word' id='word_1_32' title='bbox 328 456 445 506; x_wconf 86' lang='lat' dir='ltr'>parte</span> <span class='ocrx_word' id='word_1_33' title='bbox 467 456 641 506; x_wconf 86' lang='lat' dir='ltr'>utraque</span> <span class='ocrx_word' id='word_1_34' title='bbox 660 451 887 492; x_wconf 76' lang='lat' dir='ltr'>lateraliter</span> <span class='ocrx_word' id='word_1_35' title='bbox 904 451 1125 500; x_wconf 86' lang='lat' dir='ltr'>terebrato,</span> <span class='ocrx_word' id='word_1_36' title='bbox 1148 452 1350 506; x_wconf 77' lang='lat' dir='ltr'>virgultas</span> <span class='ocrx_word' id='word_1_37' title='bbox 1372 452 1711 493; x_wconf 89' lang='lat' dir='ltr'>semi-circulares</span> 
     </span>
     <span class='ocr_line' id='line_1_6' title="bbox 177 517 1711 573; baseline 0 -14"><span class='ocrx_word' id='word_1_38' title='bbox 177 533 339 560; x_wconf 88' lang='lat' dir='ltr'>sursum</span> <span class='ocrx_word' id='word_1_39' title='bbox 374 518 417 558; x_wconf 90' lang='lat' dir='ltr'>in</span> <span class='ocrx_word' id='word_1_40' title='bbox 451 518 625 560; x_wconf 86' lang='lat' dir='ltr'>sublime</span> <span class='ocrx_word' id='word_1_41' title='bbox 656 518 924 568; x_wconf 78' lang='lat' dir='ltr'>inseruerant,</span> <span class='ocrx_word' id='word_1_42' title='bbox 969 532 1016 557; x_wconf 86' lang='lat' dir='ltr'>ac</span> <span class='ocrx_word' id='word_1_43' title='bbox 1052 518 1109 558; x_wconf 92' lang='lat' dir='ltr'>sic</span> <span class='ocrx_word' id='word_1_44' title='bbox 1148 517 1363 573; x_wconf 84' lang='lat' dir='ltr'>cujusdam</span> <span class='ocrx_word' id='word_1_45' title='bbox 1399 518 1711 560; x_wconf 87' lang='lat' dir='ltr'>similitudinem</span> 
     </span>
     <span class='ocr_line' id='line_1_7' title="bbox 177 583 1710 639; baseline 0 -14"><span class='ocrx_word' id='word_1_46' title='bbox 177 584 318 626; x_wconf 88' lang='lat' dir='ltr'>feretri</span> <span class='ocrx_word' id='word_1_47' title='bbox 350 584 425 626; x_wconf 89' lang='lat' dir='ltr'>sibi</span> <span class='ocrx_word' id='word_1_48' title='bbox 458 584 508 625; x_wconf 91' lang='lat' dir='ltr'>de</span> <span class='ocrx_word' id='word_1_49' title='bbox 540 600 587 625; x_wconf 91' lang='lat' dir='ltr'>eo</span> <span class='ocrx_word' id='word_1_50' title='bbox 618 588 879 639; x_wconf 88' lang='lat' dir='ltr'>paraverant.</span> <span class='ocrx_word' id='word_1_51' title='bbox 952 583 1088 638; x_wconf 79' lang='lat' dir='ltr'>Caput</span> <span class='ocrx_word' id='word_1_52' title='bbox 1124 583 1251 638; x_wconf 87' lang='lat' dir='ltr'>ipsius</span> <span class='ocrx_word' id='word_1_53' title='bbox 1272 584 1437 625; x_wconf 89' lang='lat' dir='ltr'>sudario</span> <span class='ocrx_word' id='word_1_54' title='bbox 1459 585 1637 639; x_wconf 85' lang='lat' dir='ltr'>quodam</span> <span class='ocrx_word' id='word_1_55' title='bbox 1660 585 1710 626; x_wconf 89' lang='lat' dir='ltr'>de</span> 
     </span>
     <span class='ocr_line' id='line_1_8' title="bbox 177 649 1711 706; baseline 0 -14"><span class='ocrx_word' id='word_1_56' title='bbox 177 652 356 692; x_wconf 86' lang='lat' dir='ltr'>stamina</span> <span class='ocrx_word' id='word_1_57' title='bbox 378 651 488 692; x_wconf 87' lang='lat' dir='ltr'>facto</span> <span class='ocrx_word' id='word_1_58' title='bbox 510 655 756 706; x_wconf 87' lang='lat' dir='ltr'>operuerant</span> <span class='ocrx_word' id='word_1_59' title='bbox 774 668 784 699; x_wconf 88' lang='lat'>;</span> <span class='ocrx_word' id='word_1_60' title='bbox 824 654 865 691; x_wconf 91' lang='lat' dir='ltr'>et</span> <span class='ocrx_word' id='word_1_61' title='bbox 887 649 983 704; x_wconf 85' lang='lat' dir='ltr'>quia</span> <span class='ocrx_word' id='word_1_62' title='bbox 1015 650 1184 691; x_wconf 88' lang='lat' dir='ltr'>brachia</span> <span class='ocrx_word' id='word_1_63' title='bbox 1206 651 1429 706; x_wconf 79' lang='lat' dir='ltr'>constringi</span> <span class='ocrx_word' id='word_1_64' title='bbox 1452 651 1573 692; x_wconf 90' lang='lat' dir='ltr'>simul</span> <span class='ocrx_word' id='word_1_65' title='bbox 1601 652 1711 692; x_wconf 88' lang='lat' dir='ltr'>circa</span> 
     </span>
     <span class='ocr_line' id='line_1_9' title="bbox 179 716 1710 773; baseline 0 -15"><span class='ocrx_word' id='word_1_66' title='bbox 179 723 324 772; x_wconf 87' lang='lat' dir='ltr'>pectus</span> <span class='ocrx_word' id='word_1_67' title='bbox 345 732 427 758; x_wconf 91' lang='lat' dir='ltr'>non</span> <span class='ocrx_word' id='word_1_68' title='bbox 450 722 657 773; x_wconf 75' lang='lat' dir='ltr'>poterant,</span> <span class='ocrx_word' id='word_1_69' title='bbox 691 717 788 770; x_wconf 87' lang='lat' dir='ltr'>quia</span> <span class='ocrx_word' id='word_1_70' title='bbox 805 717 952 771; x_wconf 77' lang='lat' dir='ltr'>saepius</span> <span class='ocrx_word' id='word_1_71' title='bbox 977 716 1285 771; x_wconf 84' lang='lat' dir='ltr'>constringendi</span> <span class='ocrx_word' id='word_1_72' title='bbox 1308 717 1455 758; x_wconf 86' lang='lat' dir='ltr'>fascias</span> <span class='ocrx_word' id='word_1_73' title='bbox 1483 732 1710 772; x_wconf 86' lang='lat' dir='ltr'>manusque</span> 
     </span>
     <span class='ocr_line' id='line_1_10' title="bbox 178 782 1712 839; baseline 0.001 -15"><span class='ocrx_word' id='word_1_74' title='bbox 178 784 419 839; x_wconf 82' lang='lat' dir='ltr'>effugerant,</span> <span class='ocrx_word' id='word_1_75' title='bbox 473 784 656 825; x_wconf 90' lang='lat' dir='ltr'>manicas</span> <span class='ocrx_word' id='word_1_76' title='bbox 692 783 742 823; x_wconf 89' lang='lat' dir='ltr'>de</span> <span class='ocrx_word' id='word_1_77' title='bbox 778 783 957 824; x_wconf 88' lang='lat' dir='ltr'>stamina</span> <span class='ocrx_word' id='word_1_78' title='bbox 986 782 1299 837; x_wconf 79' lang='lat' dir='ltr'>preescidebant,</span> <span class='ocrx_word' id='word_1_79' title='bbox 1348 799 1395 824; x_wconf 88' lang='lat' dir='ltr'>ac</span> <span class='ocrx_word' id='word_1_80' title='bbox 1433 784 1490 825; x_wconf 89' lang='lat' dir='ltr'>sic</span> <span class='ocrx_word' id='word_1_81' title='bbox 1531 784 1712 826; x_wconf 80' lang='lat' dir='ltr'>strictius</span> 
     </span>
     <span class='ocr_line' id='line_1_11' title="bbox 178 846 1711 905; baseline 0 -14"><span class='ocrx_word' id='word_1_82' title='bbox 178 849 502 905; x_wconf 76' lang='lat' dir='ltr'>3circumpositis</span> <span class='ocrx_word' id='word_1_83' title='bbox 523 850 563 890; x_wconf 90' lang='lat' dir='ltr'>in</span> <span class='ocrx_word' id='word_1_84' title='bbox 586 854 752 905; x_wconf 84' lang='lat' dir='ltr'>pectore</span> <span class='ocrx_word' id='word_1_85' title='bbox 768 850 971 899; x_wconf 86' lang='lat' dir='ltr'>manibus,</span> <span class='ocrx_word' id='word_1_86' title='bbox 988 850 1122 904; x_wconf 88' lang='lat' dir='ltr'>ipsum</span> <span class='ocrx_word' id='word_1_87' title='bbox 1138 865 1285 904; x_wconf 85' lang='lat' dir='ltr'>corpus</span> <span class='ocrx_word' id='word_1_88' title='bbox 1301 851 1454 892; x_wconf 88' lang='lat' dir='ltr'>arctius</span> <span class='ocrx_word' id='word_1_89' title='bbox 1471 851 1512 891; x_wconf 88' lang='lat' dir='ltr'>in</span> <span class='ocrx_word' id='word_1_90' title='bbox 1532 846 1711 892; x_wconf 83' lang='lat' dir='ltr'>stamina</span> 
     </span>
     <span class='ocr_line' id='line_1_12' title="bbox 176 916 1710 972; baseline 0 -14"><span class='ocrx_word' id='word_1_91' title='bbox 176 918 468 958; x_wconf 57' lang='lat' dir='ltr'>³‘consuebant</span> <span class='ocrx_word' id='word_1_92' title='bbox 522 917 659 957; x_wconf 91' lang='lat' dir='ltr'>Pedes</span> <span class='ocrx_word' id='word_1_93' title='bbox 679 931 776 958; x_wconf 86' lang='lat' dir='ltr'>vero</span> <span class='ocrx_word' id='word_1_94' title='bbox 799 917 904 958; x_wconf 89' lang='lat' dir='ltr'>solos</span> <span class='ocrx_word' id='word_1_95' title='bbox 927 916 1159 957; x_wconf 88' lang='lat' dir='ltr'>denudatos</span> <span class='ocrx_word' id='word_1_96' title='bbox 1179 916 1445 970; x_wconf 88' lang='lat' dir='ltr'>reliquerunt,</span> <span class='ocrx_word' id='word_1_97' title='bbox 1469 918 1565 972; x_wconf 88' lang='lat' dir='ltr'>quia</span> <span class='ocrx_word' id='word_1_98' title='bbox 1585 917 1710 958; x_wconf 91' lang='lat' dir='ltr'>turba</span> 
     </span>
     <span class='ocr_line' id='line_1_13' title="bbox 176 981 1708 1038; baseline -0.001 -13"><span class='ocrx_word' id='word_1_99' title='bbox 176 985 366 1038; x_wconf 85' lang='lat' dir='ltr'>frequens</span> <span class='ocrx_word' id='word_1_100' title='bbox 407 999 495 1037; x_wconf 79' lang='lat' dir='ltr'>quae</span> <span class='ocrx_word' id='word_1_101' title='bbox 537 981 814 1032; x_wconf 81' lang='lat' dir='ltr'>5accurrebat,</span> <span class='ocrx_word' id='word_1_102' title='bbox 859 982 1048 1032; x_wconf 89' lang='lat' dir='ltr'>divitum,</span> <span class='ocrx_word' id='word_1_103' title='bbox 1090 983 1398 1034; x_wconf 88' lang='lat' dir='ltr'>monachorum,</span> <span class='ocrx_word' id='word_1_104' title='bbox 1457 984 1708 1034; x_wconf 84' lang='lat' dir='ltr'>clericorum,</span> 
     </span>
     <span class='ocr_line' id='line_1_14' title="bbox 177 1041 1711 1105; baseline -0.001 -13"><span class='ocrx_word' id='word_1_105' title='bbox 177 1056 500 1105; x_wconf 80' lang='lat' dir='ltr'>ceterorumque,</span> <span class='ocrx_word' id='word_1_106' title='bbox 539 1050 729 1091; x_wconf 86' lang='lat' dir='ltr'>certatim</span> <span class='ocrx_word' id='word_1_107' title='bbox 761 1049 852 1090; x_wconf 91' lang='lat' dir='ltr'>illos</span> <span class='ocrx_word' id='word_1_108' title='bbox 893 1041 1145 1090; x_wconf 76' lang='lat' dir='ltr'>6deosculari</span> <span class='ocrx_word' id='word_1_109' title='bbox 1176 1049 1448 1105; x_wconf 71' lang='lat' dir='ltr'>⁷satagebat3</span> <span class='ocrx_word' id='word_1_110' title='bbox 1484 1050 1551 1104; x_wconf 91' lang='lat' dir='ltr'>qui</span> <span class='ocrx_word' id='word_1_111' title='bbox 1584 1065 1711 1104; x_wconf 88' lang='lat' dir='ltr'>usque</span> 
     </span>
     <span class='ocr_line' id='line_1_15' title="bbox 175 1115 1712 1173; baseline -0.001 -15"><span class='ocrx_word' id='word_1_112' title='bbox 175 1118 229 1159; x_wconf 88' lang='lat' dir='ltr'>ad</span> <span class='ocrx_word' id='word_1_113' title='bbox 251 1117 471 1173; x_wconf 84' lang='lat' dir='ltr'>sepulturae</span> <span class='ocrx_word' id='word_1_114' title='bbox 501 1118 646 1158; x_wconf 85' lang='lat' dir='ltr'>horam</span> <span class='ocrx_word' id='word_1_115' title='bbox 678 1117 738 1157; x_wconf 91' lang='lat' dir='ltr'>ita</span> <span class='ocrx_word' id='word_1_116' title='bbox 768 1116 1015 1171; x_wconf 87' lang='lat' dir='ltr'>discooperti</span> <span class='ocrx_word' id='word_1_117' title='bbox 1037 1115 1301 1165; x_wconf 75' lang='lat' dir='ltr'>exstiterant,</span> <span class='ocrx_word' id='word_1_118' title='bbox 1328 1122 1368 1157; x_wconf 90' lang='lat' dir='ltr'>et</span> <span class='ocrx_word' id='word_1_119' title='bbox 1390 1116 1712 1158; x_wconf 85' lang='lat' dir='ltr'>teneritudinem</span> 
     </span>
     <span class='ocr_line' id='line_1_16' title="bbox 176 1180 1450 1237; baseline -0.001 -12"><span class='ocrx_word' id='word_1_120' title='bbox 176 1184 403 1225; x_wconf 78' lang='lat' dir='ltr'>maximam</span> <span class='ocrx_word' id='word_1_121' title='bbox 427 1199 474 1225; x_wconf 93' lang='lat' dir='ltr'>ac</span> <span class='ocrx_word' id='word_1_122' title='bbox 495 1184 726 1234; x_wconf 88' lang='lat' dir='ltr'>mollitiem,</span> <span class='ocrx_word' id='word_1_123' title='bbox 749 1187 796 1223; x_wconf 90' lang='lat' dir='ltr'>ut</span> <span class='ocrx_word' id='word_1_124' title='bbox 812 1180 989 1237; x_wconf 81' lang='lat' dir='ltr'>junioris</span> <span class='ocrx_word' id='word_1_125' title='bbox 1011 1182 1139 1237; x_wconf 88' lang='lat' dir='ltr'>pueri,</span> <span class='ocrx_word' id='word_1_126' title='bbox 1164 1182 1450 1237; x_wconf 74' lang='lat' dir='ltr'>praeferebant.</span> 
     </span>
    </p>

    <p class='ocr_par' dir='ltr' id='par_1_3' title="bbox 172 1250 1714 2038">
     <span class='ocr_line' id='line_1_17' title="bbox 236 1250 1710 1306; baseline -0.001 -13"><span class='ocrx_word' id='word_1_127' title='bbox 236 1252 384 1306; x_wconf 70' lang='lat'>§310.</span> <span class='ocrx_word' id='word_1_128' title='bbox 418 1250 659 1292; x_wconf 78' lang='lat' dir='ltr'>8Obvoluto</span> <span class='ocrx_word' id='word_1_129' title='bbox 699 1250 825 1305; x_wconf 89' lang='lat' dir='ltr'>igitur</span> <span class='ocrx_word' id='word_1_130' title='bbox 868 1254 958 1289; x_wconf 91' lang='lat' dir='ltr'>toto</span> <span class='ocrx_word' id='word_1_131' title='bbox 1003 1264 1171 1304; x_wconf 89' lang='lat' dir='ltr'>corpore</span> <span class='ocrx_word' id='word_1_132' title='bbox 1216 1264 1263 1290; x_wconf 87' lang='lat' dir='ltr'>ac</span> <span class='ocrx_word' id='word_1_133' title='bbox 1303 1250 1486 1292; x_wconf 87' lang='lat' dir='ltr'>strictius</span> <span class='ocrx_word' id='word_1_134' title='bbox 1527 1256 1710 1301; x_wconf 86' lang='lat' dir='ltr'>consuto,</span> 
     </span>
     <span class='ocr_line' id='line_1_18' title="bbox 174 1315 1713 1372; baseline 0 -14"><span class='ocrx_word' id='word_1_135' title='bbox 174 1324 273 1358; x_wconf 90' lang='lat' dir='ltr'>tunc</span> <span class='ocrx_word' id='word_1_136' title='bbox 296 1317 473 1372; x_wconf 88' lang='lat' dir='ltr'>primum</span> <span class='ocrx_word' id='word_1_137' title='bbox 506 1317 664 1358; x_wconf 88' lang='lat' dir='ltr'>animos</span> <span class='ocrx_word' id='word_1_138' title='bbox 695 1315 967 1370; x_wconf 88' lang='lat' dir='ltr'>quorumdam</span> <span class='ocrx_word' id='word_1_139' title='bbox 999 1315 1199 1356; x_wconf 89' lang='lat' dir='ltr'>nobilium</span> <span class='ocrx_word' id='word_1_140' title='bbox 1235 1331 1306 1357; x_wconf 91' lang='lat' dir='ltr'>seu</span> <span class='ocrx_word' id='word_1_141' title='bbox 1337 1315 1520 1358; x_wconf 85' lang='lat' dir='ltr'>fidelium</span> <span class='ocrx_word' id='word_1_142' title='bbox 1549 1316 1713 1358; x_wconf 88' lang='lat' dir='ltr'>devotio</span> 
     </span>
     <span class='ocr_line' id='line_1_19' title="bbox 174 1381 1712 1439; baseline -0.001 -14"><span class='ocrx_word' id='word_1_143' title='bbox 174 1385 243 1439; x_wconf 89' lang='lat' dir='ltr'>pia</span> <span class='ocrx_word' id='word_1_144' title='bbox 274 1384 500 1434; x_wconf 88' lang='lat' dir='ltr'>succendit,</span> <span class='ocrx_word' id='word_1_145' title='bbox 529 1382 598 1424; x_wconf 82' lang='lat' dir='ltr'>9ut</span> <span class='ocrx_word' id='word_1_146' title='bbox 620 1383 800 1437; x_wconf 85' lang='lat' dir='ltr'>aliquam</span> <span class='ocrx_word' id='word_1_147' title='bbox 822 1382 1128 1436; x_wconf 86' lang='lat' dir='ltr'>portiunculam</span> <span class='ocrx_word' id='word_1_148' title='bbox 1156 1382 1206 1423; x_wconf 90' lang='lat' dir='ltr'>de</span> <span class='ocrx_word' id='word_1_149' title='bbox 1238 1381 1325 1437; x_wconf 88' lang='lat' dir='ltr'>ejus</span> <span class='ocrx_word' id='word_1_150' title='bbox 1354 1383 1535 1437; x_wconf 89' lang='lat' dir='ltr'>reliquiis</span> <span class='ocrx_word' id='word_1_151' title='bbox 1566 1384 1712 1424; x_wconf 88' lang='lat' dir='ltr'>arden-</span> 
     </span>
     <span class='ocr_line' id='line_1_20' title="bbox 175 1448 1713 1504; baseline -0.001 -12"><span class='ocrx_word' id='word_1_152' title='bbox 175 1452 272 1492; x_wconf 89' lang='lat' dir='ltr'>tiori</span> <span class='ocrx_word' id='word_1_153' title='bbox 305 1450 568 1492; x_wconf 81' lang='lat' dir='ltr'>vehementia</span> <span class='ocrx_word' id='word_1_154' title='bbox 600 1465 625 1490; x_wconf 90' lang='lat' dir='ltr'>a</span> <span class='ocrx_word' id='word_1_155' title='bbox 662 1448 860 1490; x_wconf 88' lang='lat' dir='ltr'>fratribus</span> <span class='ocrx_word' id='word_1_156' title='bbox 891 1448 971 1490; x_wconf 89' lang='lat' dir='ltr'>illis</span> <span class='ocrx_word' id='word_1_157' title='bbox 1016 1463 1237 1503; x_wconf 77' lang='lat' dir='ltr'>exposcere</span> <span class='ocrx_word' id='word_1_158' title='bbox 1275 1449 1424 1504; x_wconf 69' lang='lat' dir='ltr'>coepit,</span> <span class='ocrx_word' id='word_1_159' title='bbox 1473 1465 1556 1491; x_wconf 93' lang='lat' dir='ltr'>non</span> <span class='ocrx_word' id='word_1_160' title='bbox 1603 1450 1713 1491; x_wconf 88' lang='lat' dir='ltr'>enim</span> 
     </span>
     <span class='ocr_line' id='line_1_21' title="bbox 174 1514 1714 1570; baseline -0.001 -12"><span class='ocrx_word' id='word_1_161' title='bbox 174 1518 323 1558; x_wconf 90' lang='lat' dir='ltr'>horum</span> <span class='ocrx_word' id='word_1_162' title='bbox 359 1517 558 1557; x_wconf 88' lang='lat' dir='ltr'>memoria</span> <span class='ocrx_word' id='word_1_163' title='bbox 590 1517 704 1570; x_wconf 88' lang='lat' dir='ltr'>prius</span> <span class='ocrx_word' id='word_1_164' title='bbox 744 1514 892 1556; x_wconf 89' lang='lat' dir='ltr'>animis</span> <span class='ocrx_word' id='word_1_165' title='bbox 925 1515 1107 1570; x_wconf 86' lang='lat' dir='ltr'>ipsorum</span> <span class='ocrx_word' id='word_1_166' title='bbox 1144 1520 1391 1566; x_wconf 84' lang='lat' dir='ltr'>occurrerat,</span> <span class='ocrx_word' id='word_1_167' title='bbox 1418 1521 1460 1557; x_wconf 90' lang='lat' dir='ltr'>et</span> <span class='ocrx_word' id='word_1_168' title='bbox 1491 1532 1570 1570; x_wconf 90' lang='lat' dir='ltr'>quo</span> <span class='ocrx_word' id='word_1_169' title='bbox 1593 1516 1714 1558; x_wconf 90' lang='lat' dir='ltr'>citius</span> 
     </span>
     <span class='ocr_line' id='line_1_22' title="bbox 174 1581 1714 1638; baseline -0.001 -14"><span class='ocrx_word' id='word_1_170' title='bbox 174 1583 276 1625; x_wconf 91' lang='lat' dir='ltr'>hora</span> <span class='ocrx_word' id='word_1_171' title='bbox 309 1583 528 1638; x_wconf 77' lang='lat' dir='ltr'>sepulturae</span> <span class='ocrx_word' id='word_1_172' title='bbox 561 1583 670 1624; x_wconf 90' lang='lat' dir='ltr'>illius</span> <span class='ocrx_word' id='word_1_173' title='bbox 701 1581 923 1631; x_wconf 89' lang='lat' dir='ltr'>imminuit,</span> <span class='ocrx_word' id='word_1_174' title='bbox 954 1596 1001 1622; x_wconf 91' lang='lat' dir='ltr'>eo</span> <span class='ocrx_word' id='word_1_175' title='bbox 1030 1582 1315 1623; x_wconf 87' lang='lat' dir='ltr'>vehementius</span> <span class='ocrx_word' id='word_1_176' title='bbox 1336 1582 1393 1637; x_wconf 85' lang='lat' dir='ltr'>pii</span> <span class='ocrx_word' id='word_1_177' title='bbox 1429 1583 1621 1624; x_wconf 87' lang='lat' dir='ltr'>desiderii</span> <span class='ocrx_word' id='word_1_178' title='bbox 1646 1598 1714 1624; x_wconf 90' lang='lat' dir='ltr'>eos</span> 
     </span>
     <span class='ocr_line' id='line_1_23' title="bbox 176 1647 1713 1703; baseline -0.001 -12"><span class='ocrx_word' id='word_1_179' title='bbox 176 1666 292 1691; x_wconf 89' lang='lat' dir='ltr'>amor</span> <span class='ocrx_word' id='word_1_180' title='bbox 333 1650 536 1690; x_wconf 89' lang='lat' dir='ltr'>accendit.</span> <span class='ocrx_word' id='word_1_181' title='bbox 628 1648 839 1703; x_wconf 79' lang='lat' dir='ltr'>Compulsi</span> <span class='ocrx_word' id='word_1_182' title='bbox 870 1647 996 1703; x_wconf 89' lang='lat' dir='ltr'>igitur</span> <span class='ocrx_word' id='word_1_183' title='bbox 1026 1648 1175 1689; x_wconf 87' lang='lat' dir='ltr'>fratres</span> <span class='ocrx_word' id='word_1_184' title='bbox 1205 1664 1364 1703; x_wconf 87' lang='lat' dir='ltr'>ungues</span> <span class='ocrx_word' id='word_1_185' title='bbox 1406 1650 1630 1691; x_wconf 88' lang='lat' dir='ltr'>exteriores</span> <span class='ocrx_word' id='word_1_186' title='bbox 1663 1649 1713 1690; x_wconf 90' lang='lat' dir='ltr'>de</span> 
     </span>
     <span class='ocr_line' id='line_1_24' title="bbox 176 1714 1712 1772; baseline 0 -15"><span class='ocrx_word' id='word_1_187' title='bbox 176 1717 329 1772; x_wconf 90' lang='lat' dir='ltr'>pedum</span> <span class='ocrx_word' id='word_1_188' title='bbox 351 1717 535 1757; x_wconf 85' lang='lat' dir='ltr'>articulis</span> <span class='ocrx_word' id='word_1_189' title='bbox 556 1715 848 1770; x_wconf 74' lang='lat' dir='ltr'>praecidebant,</span> <span class='ocrx_word' id='word_1_190' title='bbox 881 1729 981 1768; x_wconf 88' lang='lat' dir='ltr'>quos</span> <span class='ocrx_word' id='word_1_191' title='bbox 1003 1714 1099 1768; x_wconf 89' lang='lat' dir='ltr'>quia</span> <span class='ocrx_word' id='word_1_192' title='bbox 1119 1715 1241 1756; x_wconf 88' lang='lat' dir='ltr'>nimis</span> <span class='ocrx_word' id='word_1_193' title='bbox 1262 1715 1462 1770; x_wconf 89' lang='lat' dir='ltr'>profunde</span> <span class='ocrx_word' id='word_1_194' title='bbox 1485 1721 1712 1766; x_wconf 89' lang='lat' dir='ltr'>secuerant,</span> 
     </span>
     <span class='ocr_line' id='line_1_25' title="bbox 172 1780 1710 1835; baseline -0.001 -11"><span class='ocrx_word' id='word_1_195' title='bbox 172 1783 278 1824; x_wconf 90' lang='lat' dir='ltr'>forte</span> <span class='ocrx_word' id='word_1_196' title='bbox 302 1783 381 1823; x_wconf 91' lang='lat' dir='ltr'>Dei</span> <span class='ocrx_word' id='word_1_197' title='bbox 413 1783 593 1823; x_wconf 88' lang='lat' dir='ltr'>amicum</span> <span class='ocrx_word' id='word_1_198' title='bbox 624 1781 666 1822; x_wconf 91' lang='lat' dir='ltr'>in</span> <span class='ocrx_word' id='word_1_199' title='bbox 697 1781 833 1835; x_wconf 88' lang='lat' dir='ltr'>aliquo</span> <span class='ocrx_word' id='word_1_200' title='bbox 865 1780 1137 1832; x_wconf 84' lang='lat' dir='ltr'>offenderant,</span> <span class='ocrx_word' id='word_1_201' title='bbox 1170 1796 1241 1822; x_wconf 90' lang='lat' dir='ltr'>seu</span> <span class='ocrx_word' id='word_1_202' title='bbox 1274 1782 1415 1823; x_wconf 88' lang='lat' dir='ltr'>divina</span> <span class='ocrx_word' id='word_1_203' title='bbox 1436 1783 1603 1823; x_wconf 85' lang='lat' dir='ltr'>oracula</span> <span class='ocrx_word' id='word_1_204' title='bbox 1632 1783 1710 1823; x_wconf 90' lang='lat' dir='ltr'>hoc</span> 
     </span>
     <span class='ocr_line' id='line_1_26' title="bbox 174 1847 1712 1905; baseline 0 -15"><span class='ocrx_word' id='word_1_205' title='bbox 174 1850 335 1905; x_wconf 85' lang='lat' dir='ltr'>generis</span> <span class='ocrx_word' id='word_1_206' title='bbox 367 1864 488 1904; x_wconf 85' lang='lat' dir='ltr'>opere</span> <span class='ocrx_word' id='word_1_207' title='bbox 525 1849 678 1889; x_wconf 87' lang='lat' dir='ltr'>clarere</span> <span class='ocrx_word' id='word_1_208' title='bbox 715 1847 952 1888; x_wconf 87' lang='lat' dir='ltr'>hominibus</span> <span class='ocrx_word' id='word_1_209' title='bbox 988 1862 1083 1888; x_wconf 90' lang='lat' dir='ltr'>cum</span> <span class='ocrx_word' id='word_1_210' title='bbox 1114 1848 1301 1889; x_wconf 89' lang='lat' dir='ltr'>novitate</span> <span class='ocrx_word' id='word_1_211' title='bbox 1336 1848 1537 1900; x_wconf 86' lang='lat' dir='ltr'>miraculi,</span> <span class='ocrx_word' id='word_1_212' title='bbox 1571 1848 1712 1891; x_wconf 85' lang='lat' dir='ltr'>divina</span> 
     </span>
     <span class='ocr_line' id='line_1_27' title="bbox 175 1913 1711 1970; baseline -0.001 -13"><span class='ocrx_word' id='word_1_213' title='bbox 175 1916 332 1957; x_wconf 85' lang='lat' dir='ltr'>coelitus</span> <span class='ocrx_word' id='word_1_214' title='bbox 364 1916 500 1970; x_wconf 84' lang='lat' dir='ltr'>gratia</span> <span class='ocrx_word' id='word_1_215' title='bbox 537 1914 901 1970; x_wconf 66' lang='lat' dir='ltr'>praeordinaverat.</span> <span class='ocrx_word' id='word_1_216' title='bbox 965 1913 1074 1954; x_wconf 88' lang='lat' dir='ltr'>Nam</span> <span class='ocrx_word' id='word_1_217' title='bbox 1105 1915 1261 1965; x_wconf 88' lang='lat' dir='ltr'>statim,</span> <span class='ocrx_word' id='word_1_218' title='bbox 1294 1920 1439 1970; x_wconf 90' lang='lat' dir='ltr'>utpote</span> <span class='ocrx_word' id='word_1_219' title='bbox 1471 1915 1522 1956; x_wconf 89' lang='lat' dir='ltr'>de</span> <span class='ocrx_word' id='word_1_220' title='bbox 1545 1915 1711 1956; x_wconf 91' lang='lat' dir='ltr'>homine</span> 
     </span>
     <span class='ocr_line' id='line_1_28' title="bbox 174 1980 1710 2038; baseline 0 -16"><span class='ocrx_word' id='word_1_221' title='bbox 174 1983 353 2038; x_wconf 88' lang='lat' dir='ltr'>vivente,</span> <span class='ocrx_word' id='word_1_222' title='bbox 375 1982 540 2037; x_wconf 83' lang='lat' dir='ltr'>sanguis</span> <span class='ocrx_word' id='word_1_223' title='bbox 562 1980 709 2035; x_wconf 82' lang='lat' dir='ltr'>erupit,</span> <span class='ocrx_word' id='word_1_224' title='bbox 727 1980 1026 2034; x_wconf 88' lang='lat' dir='ltr'>incidentisque</span> <span class='ocrx_word' id='word_1_225' title='bbox 1043 1995 1189 2021; x_wconf 86' lang='lat' dir='ltr'>manus</span> <span class='ocrx_word' id='word_1_226' title='bbox 1207 1982 1361 2023; x_wconf 87' lang='lat' dir='ltr'>cruoris</span> <span class='ocrx_word' id='word_1_227' title='bbox 1379 1982 1492 2022; x_wconf 88' lang='lat' dir='ltr'>unda</span> <span class='ocrx_word' id='word_1_228' title='bbox 1504 1982 1710 2036; x_wconf 86' lang='lat' dir='ltr'>respersit,</span> 
     </span>
    </p>
   </div>
   <div class='ocr_carea' id='block_1_3' title="bbox 170 2090 1711 2881">
    <p class='ocr_par' dir='ltr' id='par_1_4' title="bbox 174 2090 1711 2276">
     <span class='ocr_line' id='line_1_29' title="bbox 223 2090 1709 2138; baseline -0.001 -12"><span class='ocrx_word' id='word_1_229' title='bbox 223 2094 232 2113; x_wconf 81' lang='lat'><strong>¹</strong></span> <span class='ocrx_word' id='word_1_230' title='bbox 259 2093 410 2136; x_wconf 77' lang='lat' dir='ltr'>Undique</span> <span class='ocrx_word' id='word_1_231' title='bbox 426 2090 651 2138; x_wconf 65' lang='lat' dir='ltr'>consuerunt]</span> <span class='ocrx_word' id='word_1_232' title='bbox 679 2092 742 2125; x_wconf 85' lang='lat' dir='ltr'>See</span> <span class='ocrx_word' id='word_1_233' title='bbox 772 2091 829 2124; x_wconf 85' lang='lat' dir='ltr'>the</span> <span class='ocrx_word' id='word_1_234' title='bbox 857 2096 1149 2124; x_wconf 88' lang='lat' dir='ltr'>commencement</span> <span class='ocrx_word' id='word_1_235' title='bbox 1177 2090 1214 2123; x_wconf 90' lang='lat' dir='ltr'>of</span> <span class='ocrx_word' id='word_1_236' title='bbox 1237 2091 1294 2123; x_wconf 85' lang='lat' dir='ltr'>the</span> <span class='ocrx_word' id='word_1_237' title='bbox 1316 2091 1489 2136; x_wconf 84' lang='lat' dir='ltr'>following</span> <span class='ocrx_word' id='word_1_238' title='bbox 1513 2091 1709 2136; x_wconf 82' lang='lat' dir='ltr'>paragraph.</span> 
     </span>
     <span class='ocr_line' id='line_1_30' title="bbox 178 2137 1711 2183; baseline 0 -12"><span class='ocrx_word' id='word_1_239' title='bbox 178 2139 251 2172; x_wconf 89' lang='lat' dir='ltr'>The</span> <span class='ocrx_word' id='word_1_240' title='bbox 274 2139 391 2172; x_wconf 87' lang='lat' dir='ltr'>reader</span> <span class='ocrx_word' id='word_1_241' title='bbox 413 2139 441 2172; x_wconf 85' lang='lat' dir='ltr'>is</span> <span class='ocrx_word' id='word_1_242' title='bbox 459 2139 558 2183; x_wconf 87' lang='lat' dir='ltr'>again</span> <span class='ocrx_word' id='word_1_243' title='bbox 576 2138 721 2171; x_wconf 83' lang='lat' dir='ltr'>referred</span> <span class='ocrx_word' id='word_1_244' title='bbox 749 2143 783 2170; x_wconf 87' lang='lat' dir='ltr'>to</span> <span class='ocrx_word' id='word_1_245' title='bbox 808 2137 866 2170; x_wconf 86' lang='lat' dir='ltr'>the</span> <span class='ocrx_word' id='word_1_246' title='bbox 891 2137 983 2170; x_wconf 86' lang='lat' dir='ltr'>work</span> <span class='ocrx_word' id='word_1_247' title='bbox 1001 2137 1039 2169; x_wconf 88' lang='lat' dir='ltr'>of</span> <span class='ocrx_word' id='word_1_248' title='bbox 1060 2137 1216 2170; x_wconf 79' lang='lat' dir='ltr'>Martene</span> <span class='ocrx_word' id='word_1_249' title='bbox 1234 2149 1270 2170; x_wconf 89' lang='lat' dir='ltr'>so</span> <span class='ocrx_word' id='word_1_250' title='bbox 1288 2137 1480 2183; x_wconf 84' lang='lat' dir='ltr'>frequently</span> <span class='ocrx_word' id='word_1_251' title='bbox 1497 2138 1634 2183; x_wconf 85' lang='lat' dir='ltr'>quoted,</span> <span class='ocrx_word' id='word_1_252' title='bbox 1660 2138 1711 2171; x_wconf 90' lang='lat' dir='ltr'>for</span> 
     </span>
     <span class='ocr_line' id='line_1_31' title="bbox 174 2181 1056 2276; baseline -0.001 -59"><span class='ocrx_word' id='word_1_253' title='bbox 174 2186 292 2264; x_wconf 59' lang='grc' dir='ltr'>11112)οΞ</span> <span class='ocrx_word' id='word_1_254' title='bbox 287 2186 330 2265; x_wconf 54' lang='grc' dir='ltr'>οἱ</span> <span class='ocrx_word' id='word_1_255' title='bbox 337 2185 394 2218; x_wconf 87' lang='lat' dir='ltr'>the</span> <span class='ocrx_word' id='word_1_256' title='bbox 412 2184 632 2276; x_wconf 41' lang='lat' dir='ltr'>uniyesssalitly</span> <span class='ocrx_word' id='word_1_257' title='bbox 649 2184 687 2217; x_wconf 90' lang='lat' dir='ltr'>of</span> <span class='ocrx_word' id='word_1_258' title='bbox 699 2184 767 2217; x_wconf 85' lang='lat' dir='ltr'>this</span> <span class='ocrx_word' id='word_1_259' title='bbox 782 2183 943 2262; x_wconf 53' lang='lat' dir='ltr'>piractiee,</span> <span class='ocrx_word' id='word_1_260' title='bbox 963 2181 980 2228; x_wconf 63' lang='grc' dir='ltr'><strong><em>ξ</em></strong></span> <span class='ocrx_word' id='word_1_261' title='bbox 1001 2185 1056 2217; x_wconf 85' lang='grc'>89.</span> 
     </span>
    </p>

    <p class='ocr_par' dir='ltr' id='par_1_5' title="bbox 292 2232 831 2265">
     <span class='ocr_line' id='line_1_32' title="bbox 292 2232 831 2265; baseline -0.002 -1"><span class='ocrx_word' id='word_1_262' title='bbox 292 2245 309 2264; x_wconf 74' lang='lat' dir='ltr'>a</span> <span class='ocrx_word' id='word_1_263' title='bbox 334 2237 461 2265; x_wconf 75' lang='lat' dir='ltr'>nerant.</span> <span class='ocrx_word' id='word_1_264' title='bbox 542 2232 598 2263; x_wconf 84' lang='lat' dir='ltr'>a&#39;u</span> <span class='ocrx_word' id='word_1_265' title='bbox 613 2236 749 2263; x_wconf 86' lang='lat' dir='ltr'>averant</span> <span class='ocrx_word' id='word_1_266' title='bbox 823 2255 831 2264; x_wconf 90' lang='lat'>.</span> 
     </span>
    </p>

    <p class='ocr_par' dir='ltr' id='par_1_6' title="bbox 219 2243 842 2323">
     <span class='ocr_line' id='line_1_33' title="bbox 219 2243 842 2323; baseline -0.003 -11"><span class='ocrx_word' id='word_1_267' title='bbox 219 2279 231 2297; x_wconf 77' lang='lat'>³</span> <span class='ocrx_word' id='word_1_268' title='bbox 252 2276 526 2323; x_wconf 67' lang='lat' dir='ltr'>Cir-cumpositis]</span> <span class='ocrx_word' id='word_1_269' title='bbox 556 2243 773 2322; x_wconf 64' lang='lat' dir='ltr'>lCompositis,</span> <span class='ocrx_word' id='word_1_270' title='bbox 796 2276 842 2310; x_wconf 87' lang='grc' dir='ltr'>Η.</span> 
     </span>
    </p>

    <p class='ocr_par' dir='ltr' id='par_1_7' title="bbox 170 2322 1711 2592">
     <span class='ocr_line' id='line_1_34' title="bbox 218 2322 1710 2370; baseline -0.001 -12"><span class='ocrx_word' id='word_1_271' title='bbox 218 2325 230 2343; x_wconf 82' lang='lat'><strong>⁴</strong></span> <span class='ocrx_word' id='word_1_272' title='bbox 245 2322 481 2370; x_wconf 68' lang='lat' dir='ltr'>consuebant]</span> <span class='ocrx_word' id='word_1_273' title='bbox 511 2323 584 2356; x_wconf 88' lang='lat' dir='ltr'>The</span> <span class='ocrx_word' id='word_1_274' title='bbox 610 2335 751 2368; x_wconf 83' lang='lat' dir='ltr'>passage</span> <span class='ocrx_word' id='word_1_275' title='bbox 769 2322 904 2367; x_wconf 82' lang='lat' dir='ltr'>already</span> <span class='ocrx_word' id='word_1_276' title='bbox 923 2322 1047 2367; x_wconf 83' lang='lat' dir='ltr'>quoted</span> <span class='ocrx_word' id='word_1_277' title='bbox 1072 2323 1158 2356; x_wconf 89' lang='lat' dir='ltr'>from</span> <span class='ocrx_word' id='word_1_278' title='bbox 1184 2323 1241 2356; x_wconf 90' lang='lat' dir='ltr'>the</span> <span class='ocrx_word' id='word_1_279' title='bbox 1260 2323 1410 2357; x_wconf 84' lang='lat' dir='ltr'>Statutes</span> <span class='ocrx_word' id='word_1_280' title='bbox 1429 2324 1466 2357; x_wconf 86' lang='lat' dir='ltr'>of</span> <span class='ocrx_word' id='word_1_281' title='bbox 1488 2323 1654 2358; x_wconf 86' lang='lat' dir='ltr'>Lanfranc</span> <span class='ocrx_word' id='word_1_282' title='bbox 1673 2336 1710 2357; x_wconf 88' lang='lat' dir='ltr'>so</span> 
     </span>
     <span class='ocr_line' id='line_1_35' title="bbox 175 2369 1711 2416; baseline 0 -12"><span class='ocrx_word' id='word_1_283' title='bbox 175 2371 414 2416; x_wconf 79' lang='lat' dir='ltr'>satisfactorily</span> <span class='ocrx_word' id='word_1_284' title='bbox 432 2370 616 2403; x_wconf 85' lang='lat' dir='ltr'>illustrates</span> <span class='ocrx_word' id='word_1_285' title='bbox 633 2369 691 2402; x_wconf 89' lang='lat' dir='ltr'>the</span> <span class='ocrx_word' id='word_1_286' title='bbox 708 2381 828 2413; x_wconf 84' lang='lat' dir='ltr'>usages</span> <span class='ocrx_word' id='word_1_287' title='bbox 846 2369 1025 2414; x_wconf 87' lang='lat' dir='ltr'>employed</span> <span class='ocrx_word' id='word_1_288' title='bbox 1040 2381 1131 2414; x_wconf 89' lang='lat' dir='ltr'>upon</span> <span class='ocrx_word' id='word_1_289' title='bbox 1149 2369 1217 2403; x_wconf 88' lang='lat' dir='ltr'>this</span> <span class='ocrx_word' id='word_1_290' title='bbox 1235 2370 1401 2412; x_wconf 84' lang='lat' dir='ltr'>occasion,</span> <span class='ocrx_word' id='word_1_291' title='bbox 1426 2370 1499 2404; x_wconf 89' lang='lat' dir='ltr'>that</span> <span class='ocrx_word' id='word_1_292' title='bbox 1515 2382 1559 2403; x_wconf 92' lang='lat' dir='ltr'>no</span> <span class='ocrx_word' id='word_1_293' title='bbox 1582 2371 1711 2404; x_wconf 85' lang='lat' dir='ltr'>further</span> 
     </span>
     <span class='ocr_line' id='line_1_36' title="bbox 174 2415 1709 2462; baseline -0.001 -11"><span class='ocrx_word' id='word_1_294' title='bbox 174 2418 388 2451; x_wconf 87' lang='lat' dir='ltr'>annotations</span> <span class='ocrx_word' id='word_1_295' title='bbox 404 2429 460 2450; x_wconf 86' lang='lat' dir='ltr'>are</span> <span class='ocrx_word' id='word_1_296' title='bbox 478 2416 677 2450; x_wconf 86' lang='lat' dir='ltr'>considered</span> <span class='ocrx_word' id='word_1_297' title='bbox 695 2427 885 2460; x_wconf 89' lang='lat' dir='ltr'>necessary.</span> <span class='ocrx_word' id='word_1_298' title='bbox 923 2415 955 2448; x_wconf 92' lang='lat' dir='ltr'>It</span> <span class='ocrx_word' id='word_1_299' title='bbox 970 2427 1050 2460; x_wconf 87' lang='lat' dir='ltr'>may</span> <span class='ocrx_word' id='word_1_300' title='bbox 1068 2416 1109 2449; x_wconf 91' lang='lat' dir='ltr'>be</span> <span class='ocrx_word' id='word_1_301' title='bbox 1126 2416 1314 2460; x_wconf 84' lang='lat' dir='ltr'>remarked,</span> <span class='ocrx_word' id='word_1_302' title='bbox 1332 2417 1498 2460; x_wconf 88' lang='lat' dir='ltr'>however,</span> <span class='ocrx_word' id='word_1_303' title='bbox 1523 2417 1709 2462; x_wconf 85' lang='lat' dir='ltr'>generally,</span> 
     </span>
     <span class='ocr_line' id='line_1_37' title="bbox 174 2462 1710 2507; baseline 0 -10"><span class='ocrx_word' id='word_1_304' title='bbox 174 2464 246 2497; x_wconf 84' lang='lat' dir='ltr'>that</span> <span class='ocrx_word' id='word_1_305' title='bbox 263 2464 320 2498; x_wconf 88' lang='lat' dir='ltr'>the</span> <span class='ocrx_word' id='word_1_306' title='bbox 337 2464 429 2497; x_wconf 87' lang='lat' dir='ltr'>work</span> <span class='ocrx_word' id='word_1_307' title='bbox 447 2464 485 2496; x_wconf 90' lang='lat' dir='ltr'>of</span> <span class='ocrx_word' id='word_1_308' title='bbox 499 2464 664 2505; x_wconf 86' lang='lat' dir='ltr'>Martene,</span> <span class='ocrx_word' id='word_1_309' title='bbox 691 2474 727 2495; x_wconf 89' lang='lat' dir='ltr'>so</span> <span class='ocrx_word' id='word_1_310' title='bbox 745 2462 938 2506; x_wconf 83' lang='lat' dir='ltr'>frequently</span> <span class='ocrx_word' id='word_1_311' title='bbox 961 2462 1086 2506; x_wconf 86' lang='lat' dir='ltr'>quoted</span> <span class='ocrx_word' id='word_1_312' title='bbox 1115 2462 1150 2495; x_wconf 90' lang='lat' dir='ltr'>in</span> <span class='ocrx_word' id='word_1_313' title='bbox 1168 2462 1225 2495; x_wconf 84' lang='lat' dir='ltr'>the</span> <span class='ocrx_word' id='word_1_314' title='bbox 1255 2469 1390 2507; x_wconf 88' lang='lat' dir='ltr'>present</span> <span class='ocrx_word' id='word_1_315' title='bbox 1421 2467 1566 2505; x_wconf 88' lang='lat' dir='ltr'>volume,</span> <span class='ocrx_word' id='word_1_316' title='bbox 1585 2463 1710 2497; x_wconf 83' lang='lat' dir='ltr'>affords</span> 
     </span>
     <span class='ocr_line' id='line_1_38' title="bbox 170 2508 1709 2555; baseline 0 -12"><span class='ocrx_word' id='word_1_317' title='bbox 170 2511 272 2545; x_wconf 87' lang='lat' dir='ltr'>much</span> <span class='ocrx_word' id='word_1_318' title='bbox 292 2511 507 2544; x_wconf 87' lang='lat' dir='ltr'>information</span> <span class='ocrx_word' id='word_1_319' title='bbox 524 2521 614 2555; x_wconf 89' lang='lat' dir='ltr'>upon</span> <span class='ocrx_word' id='word_1_320' title='bbox 631 2509 689 2543; x_wconf 81' lang='lat' dir='ltr'>the</span> <span class='ocrx_word' id='word_1_321' title='bbox 706 2508 908 2542; x_wconf 82' lang='lat' dir='ltr'>ceremonial</span> <span class='ocrx_word' id='word_1_322' title='bbox 926 2508 1113 2542; x_wconf 84' lang='lat' dir='ltr'>connected</span> <span class='ocrx_word' id='word_1_323' title='bbox 1126 2508 1207 2542; x_wconf 81' lang='lat' dir='ltr'>with</span> <span class='ocrx_word' id='word_1_324' title='bbox 1222 2508 1279 2542; x_wconf 86' lang='lat' dir='ltr'>the</span> <span class='ocrx_word' id='word_1_325' title='bbox 1297 2509 1480 2545; x_wconf 85' lang='lat' dir='ltr'>death-bed</span> <span class='ocrx_word' id='word_1_326' title='bbox 1497 2509 1562 2542; x_wconf 85' lang='lat' dir='ltr'>and</span> <span class='ocrx_word' id='word_1_327' title='bbox 1579 2510 1709 2543; x_wconf 90' lang='lat' dir='ltr'>funeral</span> 
     </span>
     <span class='ocr_line' id='line_1_39' title="bbox 171 2558 374 2592; baseline 0.005 -1"><span class='ocrx_word' id='word_1_328' title='bbox 171 2559 209 2591; x_wconf 90' lang='lat' dir='ltr'>of</span> <span class='ocrx_word' id='word_1_329' title='bbox 222 2570 241 2591; x_wconf 81' lang='lat' dir='ltr'>a</span> <span class='ocrx_word' id='word_1_330' title='bbox 259 2558 374 2592; x_wconf 90' lang='lat' dir='ltr'>monk.</span> 
     </span>
    </p>

    <p class='ocr_par' dir='ltr' id='par_1_8' title="bbox 218 2601 815 2650">
     <span class='ocr_line' id='line_1_40' title="bbox 218 2601 815 2650; baseline -0.007 -12"><span class='ocrx_word' id='word_1_331' title='bbox 218 2606 230 2623; x_wconf 82' lang='lat'>⁵</span> <span class='ocrx_word' id='word_1_332' title='bbox 251 2602 479 2650; x_wconf 51' lang='lat' dir='ltr'>[decurrebat]</span> <span class='ocrx_word' id='word_1_333' title='bbox 508 2602 750 2645; x_wconf 84' lang='lat' dir='ltr'>Accurrebant,</span> <span class='ocrx_word' id='word_1_334' title='bbox 772 2601 815 2635; x_wconf 91' lang='grc' dir='ltr'>Β.</span> 
     </span>
    </p>

    <p class='ocr_par' dir='ltr' id='par_1_9' title="bbox 174 2647 1706 2731">
     <span class='ocr_line' id='line_1_41' title="bbox 217 2647 1706 2696; baseline -0.001 -11"><span class='ocrx_word' id='word_1_335' title='bbox 217 2652 230 2671; x_wconf 76' lang='lat'><strong>⁶</strong></span> <span class='ocrx_word' id='word_1_336' title='bbox 245 2651 434 2685; x_wconf 65' lang='lat' dir='ltr'>Deoscalari</span> <span class='ocrx_word' id='word_1_337' title='bbox 450 2650 464 2696; x_wconf 92' lang='lat'>]</span> <span class='ocrx_word' id='word_1_338' title='bbox 501 2650 565 2683; x_wconf 83' lang='lat' dir='ltr'>See</span> <span class='ocrx_word' id='word_1_339' title='bbox 592 2648 733 2682; x_wconf 83' lang='lat' dir='ltr'>another</span> <span class='ocrx_word' id='word_1_340' title='bbox 765 2647 918 2681; x_wconf 87' lang='lat' dir='ltr'>instance</span> <span class='ocrx_word' id='word_1_341' title='bbox 952 2648 987 2680; x_wconf 88' lang='lat' dir='ltr'>in</span> <span class='ocrx_word' id='word_1_342' title='bbox 1018 2647 1108 2681; x_wconf 87' lang='lat' dir='ltr'>Bibl.</span> <span class='ocrx_word' id='word_1_343' title='bbox 1139 2647 1246 2682; x_wconf 83' lang='lat' dir='ltr'>Partr.</span> <span class='ocrx_word' id='word_1_344' title='bbox 1273 2660 1337 2682; x_wconf 76' lang='grc' dir='ltr'>ΧΠ.</span> <span class='ocrx_word' id='word_1_345' title='bbox 1364 2648 1400 2684; x_wconf 90' lang='lat' dir='ltr'>ii.</span> <span class='ocrx_word' id='word_1_346' title='bbox 1434 2650 1512 2693; x_wconf 77' lang='lat'>285,</span> <span class='ocrx_word' id='word_1_347' title='bbox 1542 2649 1623 2683; x_wconf 87' lang='lat' dir='ltr'>edit.</span> <span class='ocrx_word' id='word_1_348' title='bbox 1649 2649 1706 2683; x_wconf 86' lang='lat' dir='ltr'>fol.</span> 
     </span>
     <span class='ocr_line' id='line_1_42' title="bbox 174 2698 412 2731; baseline 0.004 -1"><span class='ocrx_word' id='word_1_349' title='bbox 174 2698 290 2731; x_wconf 86' lang='lat' dir='ltr'>Colon.</span> <span class='ocrx_word' id='word_1_350' title='bbox 312 2701 412 2731; x_wconf 76' lang='lat'>1618.</span> 
     </span>
    </p>

    <p class='ocr_par' dir='ltr' id='par_1_10' title="bbox 219 2741 765 2789">
     <span class='ocr_line' id='line_1_43' title="bbox 219 2741 765 2789; baseline -0.007 -11"><span class='ocrx_word' id='word_1_351' title='bbox 219 2744 231 2764; x_wconf 95' lang='lat'>⁷</span> <span class='ocrx_word' id='word_1_352' title='bbox 249 2744 436 2789; x_wconf 72' lang='lat' dir='ltr'>Satugebac.</span> <span class='ocrx_word' id='word_1_353' title='bbox 485 2742 700 2787; x_wconf 83' lang='lat' dir='ltr'>Satagebant,</span> <span class='ocrx_word' id='word_1_354' title='bbox 723 2741 765 2775; x_wconf 89' lang='lat' dir='ltr'>B.</span> 
     </span>
    </p>

    <p class='ocr_par' dir='ltr' id='par_1_11' title="bbox 217 2787 1466 2833">
     <span class='ocr_line' id='line_1_44' title="bbox 217 2787 1466 2833; baseline -0.003 -8"><span class='ocrx_word' id='word_1_355' title='bbox 217 2792 228 2809; x_wconf 74' lang='lat'>⁸</span> <span class='ocrx_word' id='word_1_356' title='bbox 251 2791 442 2825; x_wconf 72' lang='lat' dir='ltr'>Olwolvuto.</span> <span class='ocrx_word' id='word_1_357' title='bbox 493 2790 565 2823; x_wconf 85' lang='lat' dir='ltr'>The</span> <span class='ocrx_word' id='word_1_358' title='bbox 585 2789 679 2822; x_wconf 88' lang='lat' dir='ltr'>Harl.</span> <span class='ocrx_word' id='word_1_359' title='bbox 701 2788 775 2821; x_wconf 84' lang='lat' dir='ltr'>MS.</span> <span class='ocrx_word' id='word_1_360' title='bbox 794 2787 874 2820; x_wconf 86' lang='lat' dir='ltr'>here</span> <span class='ocrx_word' id='word_1_361' title='bbox 892 2798 1107 2820; x_wconf 81' lang='lat' dir='ltr'>commences</span> <span class='ocrx_word' id='word_1_362' title='bbox 1125 2787 1182 2820; x_wconf 85' lang='lat' dir='ltr'>the</span> <span class='ocrx_word' id='word_1_363' title='bbox 1202 2790 1300 2821; x_wconf 78' lang='lat' dir='ltr'>15lst</span> <span class='ocrx_word' id='word_1_364' title='bbox 1317 2787 1466 2833; x_wconf 88' lang='lat' dir='ltr'>chapter.</span> 
     </span>
    </p>

    <p class='ocr_par' dir='ltr' id='par_1_12' title="bbox 215 2833 1295 2881">
     <span class='ocr_line' id='line_1_45' title="bbox 215 2833 1295 2881; baseline -0.003 -10"><span class='ocrx_word' id='word_1_365' title='bbox 215 2839 227 2858; x_wconf 69' lang='lat'>‘³</span> <span class='ocrx_word' id='word_1_366' title='bbox 253 2838 300 2871; x_wconf 78' lang='lat' dir='ltr'>Ut</span> <span class='ocrx_word' id='word_1_367' title='bbox 318 2837 462 2881; x_wconf 72' lang='lat' dir='ltr'>aliquam</span> <span class='ocrx_word' id='word_1_368' title='bbox 478 2833 750 2881; x_wconf 63' lang='lat' dir='ltr'>portiunculam]</span> <span class='ocrx_word' id='word_1_369' title='bbox 780 2835 831 2868; x_wconf 91' lang='lat' dir='ltr'>Ac</span> <span class='ocrx_word' id='word_1_370' title='bbox 849 2834 995 2878; x_wconf 84' lang='lat' dir='ltr'>aliquam</span> <span class='ocrx_word' id='word_1_371' title='bbox 1014 2833 1226 2878; x_wconf 79' lang='lat' dir='ltr'>particulam,</span> <span class='ocrx_word' id='word_1_372' title='bbox 1249 2834 1295 2868; x_wconf 92' lang='lat' dir='ltr'>H.</span> 
     </span>
    </p>
   </div>
  </div>
 </body>
</html>
