1839 3186
171 171 193 215 7
198 174 224 212 2
693 178 923 210 LIBELLus
958 178 1020 209 DE
1056 177 1169 208 VITA

172 383 260 408 CAP.
293 383 412 408 XXIV.
474 381 571 411 QUID
602 381 653 405 DE
685 379 922 405 MUNERIBUS
952 380 1116 405 OBLATIS
1147 378 1334 403 EFFICERE
1363 378 1597 412 CONSUEVIT,
1630 376 1707 401 VEL

309 449 513 479 QUALITER
544 447 650 473 VOTA
682 447 968 472 OFFERENTIUM
1004 446 1162 471 DOMINO
1197 428 1580 471 COMMENDAVERIT.1

231 548 341 600 §6st
374 548 462 589 NEC
498 548 700 589 silendum
732 547 831 601 quid
867 547 917 587 de
958 545 1196 587 muneribus
1239 544 1387 587 oblatis
1427 543 1572 599 egerit,
1611 559 1705 585 cum

174 615 282 656 dona
317 630 342 656 a
374 613 563 656 fidelibus
598 614 657 654 illi
698 613 881 669 projecta
910 627 1099 667 respuere
1136 612 1278 653 solitus
1310 613 1376 653 sit.
1437 611 1559 651 Adeo
1595 611 1705 652 enim

173 681 342 735 quidam
374 682 537 722 illorum
568 696 665 735 erga
686 695 780 721 eum
803 680 942 720 devoti
971 679 1231 728 exstIterant,
1262 679 1372 732 quod
1403 677 1529 718 etiam
1554 692 1600 718 eo
1630 693 1704 719 no-

172 748 297 798 lente,
336 748 658 796 contradicente,
689 747 754 788 vel
786 751 1017 801 respuente,
1054 745 1112 785 illi
1150 760 1322 785 munera
1352 759 1426 786 sua
1455 759 1576 798 super
1611 759 1705 785 eum

172 808 439 869 projicerent3
475 814 540 854 vel
570 829 616 854 eo
643 813 839 868 fugiente,
871 812 1024 853 ibidem
1054 811 1162 852 dona
1193 826 1266 852 sua
1297 811 1558 858 desererent3
1599 825 1701 864 quae,

171 881 323 922 iterum
354 881 408 922 ad
438 881 529 921 loca
559 895 633 921 sua
657 880 819 921 rediens
850 883 890 920 et
914 878 970 919 ibi
1006 877 1190 933 projecta
1220 878 1437 932 reperiens,
1466 878 1508 918 in
1540 882 1704 918 sanctas

173 963 320 988 manus
357 962 449 988 suas
477 946 690 988 consuevit
727 947 923 1001 accipere,
959 950 1000 986 et
1028 945 1137 985 elata
1168 944 1209 984 in
1241 944 1386 985 coelum
1408 943 1588 984 Domino
1611 959 1703 984 cum

172 1013 381 1055 lachrimis
414 1029 487 1068 pro
523 1014 587 1054 his
618 1013 686 1067 qui
717 1028 764 1053 ea
799 1012 1045 1061 detulerant,
1079 1011 1380 1052 commendare.
1444 1015 1470 1034 ‘⁶
1491 1009 1702 1064 Suscipe,”

172 1080 372 1134 inquiens,
398 1080 467 1120 “J
471 1095 542 1121 esu
572 1080 692 1128 bone,
726 1079 909 1120 Tuorum
931 1083 1029 1120 vota
1060 1076 1258 1124 fidelium,
1288 1082 1329 1118 et
1363 1092 1437 1133 pro
1469 1077 1560 1117 Tua
1583 1076 1705 1117 mise-

172 1147 331 1188 ratione
359 1147 548 1188 omnibus
577 1147 656 1188 illis
685 1151 875 1201 optatum
906 1145 1085 1200 repende
1106 1144 1274 1199 pietatis
1304 1143 1540 1185 affectiiin.”
1602 1143 1704 1195 Quae

174 1213 308 1254 denuo
343 1229 368 1255 a
399 1214 590 1255 manibus
626 1213 709 1254 suis
737 1213 925 1263 demissa,
963 1212 1006 1252 in
1034 1211 1212 1265 aliquem
1247 1209 1559 1251 eminentiorem
1591 1209 1706 1250 collis

172 1280 308 1321 locum
330 1280 575 1335 composuit,
599 1284 640 1320 et
662 1280 718 1321 ibi
744 1279 920 1320 demissa
947 1293 993 1319 ea
1018 1279 1169 1319 iterum
1196 1276 1392 1325 Domino,
1414 1275 1521 1317 flexo
1550 1277 1591 1316 in
1620 1281 1704 1317 ter-

173 1361 263 1387 ram
296 1347 466 1401 poplite,
506 1346 825 1387 commendavit,
917 1345 1062 1395 “Tuss7
1093 1344 1243 1393 dicens,
1288 1343 1471 1384 “Judex
1505 1343 1702 1392 omnium,

173 1413 373 1454 discretor
397 1413 709 1468 cogitationum,
733 1418 774 1453 et
798 1412 931 1453 cordis
963 1410 1252 1459 intentionum,
1282 1410 1501 1463 unicuique
1523 1409 1703 1464 ipsorum

172 1479 353 1520 retribue
394 1479 619 1521 secundum
661 1479 973 1520 adinventiones
1013 1477 1290 1518 intentionum
1337 1491 1408 1517 seu
1447 1476 1705 1517 necessitatis

174 1561 314 1586 eorum
336 1546 574 1596 affectuum,
607 1550 730 1599 atque
751 1545 903 1585 talibus
928 1544 1200 1585 animantium
1223 1543 1440 1597 generibus
1463 1543 1542 1583 ista
1567 1542 1706 1583 confer

173 1617 297 1666 atque
320 1612 479 1667 largire,
506 1612 653 1665 quibus
684 1612 775 1652 Tua
801 1611 1020 1651 clementia
1048 1625 1096 1650 ea
1123 1609 1347 1664 providerit
1370 1609 1508 1650 divino
1535 1624 1705 1649 munere

175 1679 332 1720 coelitus
368 1678 647 1720 conveniendo
681 1678 889 1732 expedire.
951 1677 1016 1717 Tu
1047 1676 1156 1716 enim
1185 1675 1313 1716 donas
1344 1680 1467 1729 atque
1493 1675 1704 1729 dispensas

174 1745 363 1786 omnibus
387 1744 590 1800 jumentis
619 1760 755 1786 escam
784 1759 937 1792 eorum,
975 1748 1015 1784 et
1044 1742 1166 1797 pullis
1187 1757 1402 1783 corvorum
1428 1741 1486 1782 Te
1511 1741 1702 1782 invocan-

173 1811 285 1852 tibus
306 1811 544 1852 alimoniam
565 1812 607 1852 in
628 1816 813 1865 tempore
844 1815 1075 1865 opportuno
1097 1808 1321 1849 secundum
1347 1808 1548 1849 desideria
1572 1807 1706 1848 cordis

172 1876 395 1931 ipsoru1n.’'
457 1877 576 1918 Talia
603 1877 757 1926 dicens,
785 1892 833 1917 ea
859 1876 915 1917 ibi
948 1875 1129 1917 Domino
1158 1874 1483 1915 commendando
1505 1874 1701 1924 deseruit,

174 1959 248 1984 nec
273 1944 372 1998 quid
394 1945 443 1985 de
471 1944 535 1985 his
566 1943 738 1985 ulterius
766 1942 881 1984 fieret
902 1957 1121 1997 procurare
1142 1940 1157 1961 ‘⁴'
1174 1941 1337 1995 sategit.

223 2065 232 2085 ¹
259 2064 406 2109 Chapter
424 2064 543 2097 XXV.
563 2064 596 2097 in
615 2064 690 2097 Ms.
710 2064 806 2097 Harl.

222 2111 234 2129 ²
252 2110 412 2156 Sategit]
441 2111 536 2143 Thus
554 2111 707 2143 narratcd
726 2111 759 2143 in
778 2110 834 2143 thc
852 2121 1063 2155 anonymous
1082 2109 1156 2142 Life
1173 2122 1178 2143 z
1206 2110 1228 2127 ‘⁶
1243 2108 1305 2142 Vir
1319 2115 1455 2142 sanctus
1474 2107 1640 2152 indigenis
1658 2107 1705 2141 ibi

177 2157 235 2190 diu
264 2157 389 2190 mansit
415 2157 561 2201 ignotus,
588 2156 676 2201 quia,
703 2162 740 2189 ut
766 2157 909 2201 ipsemet
933 2156 1108 2199 referebat,
1133 2155 1218 2189 nihil
1236 2161 1317 2188 tunc
1335 2155 1495 2200 temporis
1512 2154 1588 2199 plus
1606 2166 1707 2199 quam

177 2203 290 2236 vultus
318 2203 494 2236 hominum
523 2209 555 2236 ct
583 2203 749 2247 colloquia
774 2203 978 2236 formidabat
993 2216 1001 2244 ;
1036 2214 1078 2235 ne
1102 2214 1160 2247 pcr
1186 2203 1331 2235 favorem
1360 2201 1537 2234 hominum
1566 2207 1624 2233 aut
1650 2212 1710 2245 per

176 2249 429 2294 multiloquium
460 2248 593 2282 caderet
616 2249 651 2281 in
677 2256 864 2294 peccatum.
915 2249 1016 2283 Unde
1035 2261 1111 2282 cum
1138 2249 1325 2293 aliquorum
1352 2248 1561 2293 praesentiret
1586 2246 1710 2279 adven-

178 2302 262 2339 tum,
293 2296 335 2328 ad
368 2296 515 2328 nemoris
545 2295 704 2328 interiora
737 2295 945 2340 confugiens,
977 2295 1149 2328 delitebat.
1196 2295 1337 2339 Aliquot
1371 2295 1468 2327 annis
1499 2293 1612 2327 cibum
1643 2304 1710 2326 non

178 2343 324 2387 sumpsit
349 2342 547 2384 humanum,
572 2341 630 2374 sed
657 2341 831 2375 frondibus
858 2348 890 2375 et
908 2342 1009 2385 foliis,
1035 2348 1135 2386 atque
1161 2341 1341 2384 radicibus,
1361 2341 1463 2374 vitam
1482 2340 1616 2384 inopem
1635 2351 1708 2372 sus—

178 2389 341 2422 tentabat.
392 2388 515 2421 Postea
540 2399 616 2420 cuni
642 2394 729 2421 esset
750 2389 823 2431 jam
849 2389 1003 2432 cognitus
1030 2400 1049 2421 a
1066 2388 1196 2431 vicinis,
1216 2388 1352 2432 quidam
1370 2387 1419 2420 illi
1438 2386 1563 2420 cibaria
1581 2385 1708 2418 defere-

178 2435 282 2477 bant,
309 2446 450 2479 quorum
481 2434 568 2467 dona
594 2446 765 2479 respuens,
795 2434 945 2479 fugiebat
972 2434 1013 2467 ab
1043 2435 1102 2468 eis.
1152 2434 1320 2467 Nonnulli
1349 2440 1461 2466 autem
1493 2444 1569 2477 erga
1597 2432 1706 2476 ipsum

178 2487 273 2514 tanta
303 2481 480 2514 devotione
501 2480 685 2522 fervebant,
713 2487 749 2513 ut
777 2492 836 2514 sua
864 2480 1076 2524 munuscula,
1108 2481 1180 2526 ipso
1210 2480 1389 2520 refutante,
1419 2479 1646 2524 projicerent3
1674 2484 1707 2510 et

178 2527 373 2561 recedentes
392 2526 529 2569 ibidem,
548 2538 587 2559 eo
605 2527 765 2570 fugiente,
792 2527 1029 2571 relinquerent.
1081 2527 1167 2569 Quae
1192 2526 1408 2571 postmodum
1434 2525 1614 2569 reperiens,
1641 2523 1708 2557 ele-

179 2580 255 2607 vata
280 2575 314 2606 in
341 2573 463 2607 coelum
492 2584 568 2606 cum
592 2572 740 2605 lacrimis
766 2572 913 2606 Domino
943 2573 1213 2615 commendabat,
1242 2572 1378 2606 dicens:
1418 2571 1592 2615 ‘Suscipe,
1621 2571 1707 2604 Jesu

177 2620 276 2661 bone,
290 2626 423 2653 tuorum
443 2619 528 2652 dona
546 2619 710 2661 fidelium,
725 2625 758 2651 et
775 2619 919 2663 repende
937 2620 1019 2663 ipsis
1036 2619 1171 2664 pietatis
1189 2618 1359 2651 officium.’
1410 2618 1506 2650 Tunc
1524 2628 1563 2649 ea
1581 2616 1709 2649 defere-

176 2667 235 2700 bat
253 2667 285 2699 in
305 2667 437 2708 collem,
464 2672 496 2698 et
523 2666 611 2698 flexo
637 2665 775 2710 poplite,
801 2666 848 2698 sic
876 2665 1028 2699 dicebat:
1057 2665 1303 2709 ‘Omnipotens
1328 2670 1360 2697 et
1386 2663 1575 2696 misericors
1601 2662 1706 2705 Deus,

179 2713 245 2755 Qui
276 2713 377 2757 pullis
401 2724 573 2745 corvorum
604 2712 652 2744 Te
671 2711 917 2752 invocantibus,
943 2717 976 2744 et
993 2712 1172 2754 jumentis,
1197 2711 1255 2743 das
1273 2722 1385 2743 escam
1409 2710 1568 2754 ipsorum,
1593 2709 1708 2741 confer

178 2759 243 2792 ista
273 2759 340 2792 illis
369 2758 608 2801 animantibus,
628 2758 750 2802 quibus
774 2769 813 2790 ea
838 2758 969 2790 noveris
987 2757 1172 2802 expedire)
1223 2756 1287 2790 His
1305 2756 1416 2798 dictis,
1434 2767 1473 2788 ca
1490 2755 1656 2800 deposuit,
1675 2760 1708 2787 ct

179 2805 259 2850 quid
277 2805 355 2838 inde
373 2806 467 2838 fieret
484 2805 653 2850 deinceps,
673 2815 738 2837 non
756 2803 920 2837 curavit.''
