1839 3186
188 173 269 212 184
717 185 950 217 LIBELLUS
983 185 1047 216 DE
1076 185 1197 216 VITA

186 302 268 327 non
290 289 499 342 parcebat,
533 289 605 331 sed
635 290 767 331 multo
807 290 1058 346 pertinacius
1092 291 1134 330 in
1166 289 1405 331 defricando
1426 290 1561 331 ulcere
1593 289 1719 331 desee-

187 353 341 396 viebat.
415 356 563 411 Sicque
601 357 752 398 doloris
784 357 1042 412 magnitudo,
1081 372 1204 411 qnam
1239 356 1325 411 ipse
1361 356 1438 398 sibi
1473 357 1720 406 confecerat,

187 420 444 475 {egritudinis
465 424 611 478 saepius
630 424 995 479 intemperantiam
1017 423 1307 478 exsuperabat,
1325 428 1450 478 atque
1471 422 1637 478 majoris
1658 423 1718 463 in·

188 487 312 527 saniae
349 488 427 529 fuit
460 490 496 530 ei
532 490 707 531 exitium
742 491 967 546 proprium,
1001 505 1124 544 quam
1156 490 1292 530 carnei
1324 490 1532 544 languoris
1566 489 1720 530 incom-

187 553 371 595 modum.
433 555 537 598 Post
577 557 665 597 haec
698 573 794 598 vero
829 557 890 597 ita
923 556 1038 597 dolor
1074 556 1336 598 desaeviendo
1382 556 1563 611 singulos
1604 560 1720 597 artus

187 620 295 661 illius
318 621 462 671 exesit‚
486 623 596 677 quod
625 625 758 678 magis
788 623 947 664 insania
978 637 1100 676 quam
1132 637 1260 677 poenae
1294 622 1460 664 miseria
1489 622 1580 663 fuit.
1652 622 1721 662 Ita

187 686 313 740 igitur
342 688 539 730 diuturno
567 694 753 744 tempore
774 690 1012 743 frequenter
1034 688 1224 729 effecerat
1255 703 1376 742 quani
1417 689 1488 730 diu
1520 689 1616 730 talis
1645 688 1719 728 mi-

186 753 292 794 seria
325 755 533 810 languoris
554 761 668 797 artus
690 754 777 811 ejus
798 756 963 810 fragiles
1000 755 1253 796 corrodendo
1281 760 1545 809 pervaserat;
1580 770 1655 796 nec
1679 755 1722 795 id

188 821 313 861 semel
358 822 422 862 vel
458 822 521 863 bis
562 822 729 871 accidit,
772 822 844 864 sed
884 821 1096 863 multoties
1129 827 1170 862 et
1209 821 1390 863 crebrius
1425 837 1497 876 per
1533 821 1643 863 diem
1680 826 1721 862 et

188 891 364 937 noctem,
399 904 607 943 quousque
629 894 719 930 tota
739 889 801 930 vis
824 888 974 929 doloris
998 887 1207 929 abscessit.
1280 888 1434 929 Postea
1454 893 1594 928 autem
1616 887 1722 929 sani-

187 956 275 993 tate
297 954 473 1003 reddita,
496 961 659 996 tantam
680 956 755 997 sub
790 961 883 996 cute
913 953 1000 1010 ejus
1035 954 1370 995 candidissimam
1393 955 1525 996 carnis
1546 954 1723 995 renitere

188 1019 404 1061 mollitiem
431 1022 623 1072 Vidimus,
662 1027 818 1076 quanta
853 1022 894 1062 in
928 1021 1064 1075 aliquo
1104 1021 1307 1062 infantulo
1338 1021 1583 1062 teneriorem
1617 1036 1723 1076 prae-

187 1086 343 1127 minere
376 1089 687 1143 perspeximus3
722 1104 797 1129 nec
833 1089 971 1142 aliqua
1005 1088 1212 1129 ullatenus
1246 1088 1287 1128 in
1313 1103 1360 1128 ea
1393 1087 1631 1128 cicatricum
1653 1087 1724 1128 ob-

190 1152 330 1193 ductio
352 1169 422 1195 seu
442 1155 614 1210 alicujus
643 1155 808 1196 duritiei
844 1154 1081 1209 obpalpatio
1109 1155 1150 1195 in
1173 1169 1221 1194 ea
1242 1154 1486 1208 comparuit,
1522 1154 1593 1195 sed
1614 1154 1723 1196 vitro

190 1219 340 1273 purior,
364 1221 500 1263 lactea
521 1222 725 1263 suavitate
753 1222 945 1271 tenerior⁷
971 1220 1082 1261 omni
1109 1221 1281 1261 mollitie
1299 1219 1520 1275 jocundior
1541 1226 1632 1262 tota
1662 1235 1723 1261 re-

188 1285 310 1327 luxit.
394 1287 538 1342 Neque
579 1304 761 1342 unquam
793 1293 951 1329 tectum
983 1287 1109 1328 lorica
1140 1287 1206 1328 vel
1242 1287 1373 1328 cilicio
1409 1287 1536 1342 ipsius
1577 1302 1724 1342 corpus

188 1351 312 1393 fuisse
335 1355 533 1405 crederes,
558 1355 590 1396 si
611 1355 655 1396 id
677 1354 983 1410 lexperimento
1005 1359 1155 1404 erecto,
1191 1354 1372 1408 palpare,
1395 1353 1632 1409 contingere
1654 1368 1725 1395 seu

191 1419 317 1459 etiam
356 1420 495 1462 videre
530 1422 745 1476 potuisses.
808 1420 964 1462 Tactus
997 1421 1164 1474 quidem
1201 1420 1396 1461 mollities
1436 1425 1579 1462 tenera
1618 1420 1724 1462 refu-

189 1484 344 1540 giebat,
368 1492 409 1528 et
427 1489 537 1530 Visus
553 1487 861 1545 jocunditatem
878 1487 985 1529 illius
1008 1486 1216 1529 contuitus
1236 1486 1508 1528 2enutriebat.

238 1596 248 1616 ¹
270 1596 504 1641 Erperimento
520 1598 656 1645 erecta]
686 1599 751 1632 Vel
769 1599 977 1644 operimento
992 1604 1094 1641 certo,
1111 1598 1169 1639 B.;
1196 1597 1403 1643 operimento
1417 1599 1553 1641 rejecto,
1571 1597 1617 1631 H.
1649 1596 1723 1631 The

192 1642 347 1688 readings
365 1645 527 1679 intended
544 1658 599 1679 are
616 1645 778 1691 probably
797 1647 819 1664 ‘⁴
831 1645 1039 1690 operimento
1056 1644 1218 1688 reject0‚”
1238 1656 1274 1677 or
1291 1646 1314 1663 ‘⁶
1328 1644 1562 1689 experimento
1580 1643 1706 1677 certo.’⁷

238 1690 251 1708 ²
270 1689 500 1737 Enutriebut]
530 1693 570 1725 In
588 1692 645 1725 the
663 1704 874 1737 anonymous
894 1691 1057 1724 Harleian
1073 1690 1195 1735 legend
1212 1690 1279 1724 this
1297 1697 1396 1723 event
1414 1691 1442 1724 is
1460 1690 1538 1724 thus
1557 1690 1721 1724 dctailed:

192 1736 215 1753 ‘⁶
227 1735 395 1771 Godricus
414 1739 560 1783 quodam
578 1745 728 1784 tempore.
750 1739 983 1783 gravissimam
1009 1737 1129 1771 incidit
1147 1737 1293 1782 corporis
1320 1737 1569 1782 aegritudinem,
1587 1742 1624 1770 ut
1641 1749 1721 1782 pus>-

191 1781 273 1816 tulae
306 1784 461 1828 quaedam
494 1786 636 1819 saniosae
666 1791 772 1818 totam
806 1785 952 1830 corporis
978 1784 1192 1829 superficiem
1222 1789 1436 1828 occuparent.
1488 1783 1582 1816 Intra
1611 1783 1721 1817 carnis

192 1828 370 1863 mollitiem
391 1832 577 1866 mordentis
595 1832 771 1876 cujusdam
791 1831 915 1865 doloris
944 1831 1100 1875 angustia
1116 1843 1175 1876 per
1192 1840 1284 1863 artus
1310 1829 1460 1874 singulos
1477 1830 1546 1863 fere
1564 1830 1721 1863 intolera-

191 1874 304 1909 biliter
328 1876 558 1920 discurrebat;
584 1879 734 1911 exterius
757 1890 834 1911 vero
856 1890 915 1923 per
942 1878 1054 1910 hiatus
1076 1877 1227 1910 ulcerum
1253 1876 1374 1910 ardens
1404 1882 1436 1909 et
1454 1876 1588 1921 putrida
1611 1876 1721 1910 sanies

191 1922 388 1965 perfluebat.
439 1925 516 1958 Nec
534 1931 647 1958 tamen
666 1924 798 1958 volebat
815 1924 943 1969 aliquid
960 1924 1182 1968 mitigationis
1207 1934 1385 1968 apponere⁷
1403 1923 1463 1955 sed
1481 1922 1634 1958 dicebat:
1661 1926 1670 1941 ‘
1686 1923 1720 1955 Si

192 1967 286 2001 Deus
305 1969 339 2002 in
357 1982 411 2003 mc
428 1973 526 2016 punit
542 1972 632 2005 mala
649 1983 725 2016 quae
742 1971 820 2013 feci,
833 1972 965 2015 justum
985 1977 1035 2003 est
1052 1977 1089 2003 ut
1107 1982 1168 2014 ego
1185 1970 1323 2015 puniam
1342 1969 1431 2014 quod
1449 1969 1600 2013 deliqui?
1649 1969 1722 2002 Ad-

192 2025 314 2048 vocans
336 2028 413 2061 ergo
434 2018 638 2062 ministrum,
651 2018 755 2061 jussit
772 2018 885 2051 hiatus
911 2017 1063 2050 ulcerum
1089 2016 1158 2049 sale
1184 2016 1370 2061 conspergi,
1389 2022 1421 2048 et
1439 2021 1526 2048 torta
1551 2016 1722 2048 straminis

192 2061 368 2096 confricari
384 2076 392 2105 ;
418 2076 480 2097 nec
497 2065 590 2109 prius
613 2076 690 2097 cum
709 2076 839 2097 cessare
860 2064 1013 2109 permisit
1031 2075 1131 2107 quam
1151 2068 1221 2095 tota
1242 2062 1437 2107 superficies
1459 2061 1546 2095 cutis
1570 2061 1721 2095 maderet

192 2109 356 2151 sanguine
383 2117 567 2144 cruentata.
621 2111 676 2144 Sic
706 2117 819 2143 autem
848 2111 1002 2143 ministro
1029 2109 1229 2153 quandoque
1255 2109 1390 2152 lassato,
1421 2108 1493 2153 ipse
1519 2108 1723 2153 provocabat

193 2164 269 2186 eun]
290 2161 325 2187 ut
345 2156 470 2190 viribus
493 2158 653 2202 reparatis
670 2157 787 2190 fortior
803 2156 846 2189 ad
862 2156 926 2189 hoc
944 2168 1027 2201 opus
1046 2157 1242 2200 insurgeret.
1294 2154 1393 2197 Quod
1411 2156 1439 2188 si
1457 2155 1542 2188 forte
1567 2154 1722 2187 minister

193 2199 309 2234 mitius
330 2209 454 2246 ageret,
473 2204 544 2248 ipse
562 2209 684 2236 tortam
710 2203 872 2248 arripiens
897 2215 1011 2245 manu,
1030 2203 1165 2236 sibimet
1183 2213 1248 2235 non
1266 2201 1436 2246 parcebat.
1488 2201 1589 2234 Unde
1606 2201 1719 2234 minus

193 2245 369 2280 videbatur
387 2260 460 2282 esse
478 2250 585 2283 morbi
604 2250 774 2283 saevientis
800 2249 1063 2293 incommodum,
1083 2260 1182 2294 quam
1201 2248 1290 2293 quod
1316 2248 1379 2281 sibi
1398 2247 1485 2280 ultro
1509 2248 1653 2292 ipsemet
1670 2248 1721 2280 in-

192 2291 320 2326 ferebat
351 2295 506 2329 exitium.
557 2296 765 2339 Hujusmodi
795 2296 963 2329 cruciatus
992 2295 1092 2340 longo
1119 2301 1269 2340 tempore
1296 2294 1480 2339 multisque
1510 2293 1639 2327 vicibus
1666 2294 1720 2327 die

192 2345 361 2384 noctuque
379 2342 539 2375 sustinuit
553 2356 561 2384 ;
588 2343 705 2385 donec,
723 2355 781 2388 per
799 2342 864 2375 Dei
890 2342 1164 2384 miscricordiam,
1183 2348 1254 2374 tota
1271 2341 1319 2374 vis
1338 2341 1429 2374 illius
1447 2340 1570 2374 doloris
1588 2340 1722 2373 absces-

193 2385 247 2418 sit.
298 2387 448 2421 Sanitatc
475 2395 621 2434 recepta,
652 2401 728 2422 caro
754 2389 865 2422 mollis
893 2389 984 2422 velut
1015 2388 1171 2421 infantuli
1202 2388 1264 2421 sub
1293 2387 1436 2421 candida
1465 2392 1541 2420 cute
1571 2386 1720 2430 renituit,

192 2431 275 2464 nihil
306 2434 486 2478 praeferens
515 2436 722 2479 cicatricum,
744 2448 806 2469 nec
833 2435 959 2480 aliquid
989 2435 1101 2469 loricae
1130 2435 1300 2479 ciliciique
1325 2434 1516 2479 vestigium.
1567 2433 1661 2467 Nam
1687 2439 1720 2466 ct

191 2478 351 2514 mollities
369 2481 486 2523 tactui,
503 2488 536 2515 et
554 2482 683 2527 species
700 2482 855 2527 placebat
871 2481 1060 2527 aspectui.”
