1839 3186
154 149 206 195 76
666 161 898 194 LIBELLus
935 163 999 193 DE
1036 163 1152 193 VITA

149 367 237 393 cAP.
274 366 407 392 xxvn.
479 367 623 397 QUALIS
655 366 809 392 1NED1AE
836 366 1109 393 CONrrNENTIA
1143 367 1291 393 conpus
1323 365 1606 399 ATTENUABAT,
1640 364 1689 389 ET

211 434 289 464 Quo
335 434 514 460 SPIRITUS
572 434 753 460 FERVORE
800 434 844 459 IN
889 435 932 459 SE
983 434 1203 461 ssEv1EN'r1s
1253 434 1447 460 LUXURIAE
1492 431 1689 458 INCENDIA

210 484 504 527 REPRIMEBAT.¹

212 602 322 655 §64.
357 602 428 643 AD
467 601 598 644 ardua
634 601 782 643 deinde
819 617 980 658 semper
1013 608 1055 644 et
1093 604 1272 645 arctiora
1302 602 1441 644 animo
1480 601 1690 657 suspirans

154 674 196 710 et
231 685 396 710 carnem
428 669 591 724 spiritui
630 667 849 724 subjugare
882 670 1148 720 contendens,
1182 671 1272 711 dira
1293 670 1440 725 saepius
1476 668 1609 710 carnis
1630 668 1690 708 in-

155 736 321 778 centiva
346 737 560 791 persensit,
578 740 619 776 et
641 736 889 777 multimoda
920 737 1207 791 temptationis
1225 736 1368 792 jacula
1385 735 1537 777 diaboli
1558 734 1691 790 ignita

153 803 368 858 percurrit.
441 803 589 857 Sicque
623 802 878 857 persentiens
915 803 957 844 111
985 819 1027 845 se
1065 804 1293 859 grassantis
1328 802 1501 844 luxuriae
1534 816 1691 844 venena

155 885 411 924 consurgere,
448 869 696 910 omnimodis
735 870 962 911 conabatur
993 871 1170 912 lasciviae
1202 870 1444 912 inundantis
1479 868 1693 924 ²primitia

146 935 317 992 jejuniis
345 936 510 984 crebris,
539 941 580 977 et
611 936 838 978 lacrimosis
870 937 1045 979 assiduis
1067 938 1328 993 singultibus,
1358 936 1597 979 suffocando
1620 950 1692 976 ex-

154 1004 377 1058 stinguere.
441 1003 568 1044 Unde
599 1003 824 1044 3triduana
855 1004 920 1046 Vel
950 1005 1132 1046 biduana
1162 1005 1306 1046 solitus
1342 1009 1405 1046 est
1424 1002 1585 1059 jejunia
1619 1018 1693 1043 ex-

155 1086 304 1121 ercere,
338 1076 379 1112 et
412 1070 634 1124 aliquando
668 1071 807 1121 etiam,
843 1071 875 1112 si
913 1072 1090 1113 stimulis
1114 1072 1248 1113 carnis
1268 1071 1434 1112 interim
1455 1086 1537 1111 non
1560 1069 1692 1124 quies-

155 1143 279 1187 ceret,
311 1152 383 1178 sex
417 1138 562 1179 diebus
594 1137 778 1192 integris,
812 1138 865 1179 ab
896 1138 1030 1180 omnis
1060 1139 1140 1180 cibi
1171 1138 1375 1181 levamine
1399 1137 1565 1192 penitus
1600 1137 1692 1178 abs-

155 1204 300 1246 tinere.
371 1204 538 1259 Vigiliis
571 1219 668 1245 vero
703 1204 878 1246 assiduis
913 1205 1047 1247 carnis
1077 1206 1311 1261 superbiam
1352 1204 1607 1254 conterebat,
1651 1208 1693 1245 et

156 1271 256 1312 dum
289 1271 387 1312 luna
419 1271 655 1326 praeclarius
687 1271 728 1312 in
759 1277 881 1313 nocte
914 1272 1194 1323 dilucesceret,
1230 1273 1281 1314 de
1314 1271 1570 1313 orationibus
1598 1285 1693 1311 con-

154 1353 337 1393 surgens,
372 1353 497 1393 opera
535 1338 754 1379 durissima
791 1354 990 1380 manuum
1026 1340 1261 1381 exercebat.
1325 1338 1447 1392 Quod
1488 1338 1521 1380 si
1556 1337 1695 1378 adhuc

155 1405 321 1446 aculeus
359 1404 542 1446 ardentis
582 1405 764 1447 libidinis
808 1405 1036 1455 desaeviret,
1086 1407 1245 1448 nudum
1281 1420 1429 1461 corpus
1463 1405 1571 1446 inter
1611 1405 1693 1459 spi-

155 1487 299 1513 narum
326 1477 367 1513 et
396 1472 584 1527 veprium
616 1472 777 1513 hirsuta
803 1473 997 1514 acumina
1032 1473 1190 1514 solebat
1211 1473 1421 1528 ingerere3
1458 1477 1499 1513 et
1523 1471 1581 1513 sic
1602 1476 1693 1512 toto

156 1539 406 1580 dilaceratus
457 1553 637 1593 corpore,
682 1553 735 1579 ex
784 1539 1003 1581 vulnerum
1041 1540 1308 1581 multitudine
1352 1540 1608 1593 voluptatem
1650 1538 1693 1579 in

156 1605 340 1646 dolorem
371 1610 624 1647 convertere.
687 1605 775 1646 Nec
821 1611 963 1647 tamen
1010 1607 1067 1648 sic
1115 1607 1310 1661 antiquus
1351 1605 1481 1647 hostis
1517 1620 1693 1660 exsupe-

156 1672 237 1713 rari
259 1673 409 1727 potuit,
433 1672 506 1713 sed
528 1672 682 1727 species
710 1672 928 1714 mulierum
964 1674 1209 1727 quandoque
1237 1673 1430 1723 visibiles,
1467 1672 1591 1712 modo
1613 1672 1693 1727 spi-

156 1739 339 1789 rituales,
364 1739 400 1780 ei
435 1738 451 1760 4
468 1739 704 1793 frequenter
725 1740 930 1794 opposuit.
989 1741 1090 1793 Quae
1113 1741 1252 1781 omnia
1273 1739 1518 1795 tyrunculus
1538 1739 1693 1780 Christi

158 1811 396 1847 constanter
428 1806 597 1860 respuit,
631 1811 672 1846 et
708 1821 850 1848 omnes
890 1808 1201 1862 suggestionum
1246 1807 1354 1848 illius
1393 1806 1594 1848 versutias
1629 1805 1693 1847 vel

156 1872 369 1914 illecebras
408 1873 581 1914 viriliter
625 1872 857 1914 edomando
897 1874 1085 1915 calcavit.
1157 1874 1271 1915 Nulli
1307 1879 1447 1914 tamen
1480 1872 1694 1913 hominum

158 1939 380 1994 quicquam
410 1940 557 1980 horum
589 1939 764 1994 aperuit,
802 1940 879 1981 nisi
914 1945 1081 1981 tantum
1110 1940 1326 1990 sacerdoti,
1364 1939 1428 1980 cui
1460 1938 1694 1980 confitendo

158 2006 339 2047 Domino
381 2007 528 2047 secreti
568 2006 748 2060 pectoris
789 2006 851 2047 sui
894 2008 1065 2048 vulnera
1105 2007 1287 2048 revelare
1332 2005 1521 2052 curavit3
1584 2005 1695 2059 quod

157 2078 298 2113 tamen
330 2087 496 2127 perraro
533 2072 724 2121 exstitit3
761 2072 857 2126 quia
887 2087 1075 2115 accessus
1113 2073 1326 2114 hominum
1361 2078 1461 2113 tunc
1496 2072 1695 2127 temporis

157 2139 211 2180 ad
240 2139 357 2180 illum
382 2138 547 2180 5nullus
567 2138 659 2180 fuit.

207 2250 212 2267 ¹
242 2248 282 2281 In
300 2248 358 2281 the
378 2248 475 2282 Harl.
495 2248 570 2281 MS.
589 2247 729 2292 chapter
748 2248 931 2282 XXVIII.
1091 2250 1102 2267 ‘⁴¹
1121 2249 1314 2296 Privatim]
1344 2251 1531 2296 Primitiva,
1553 2251 1601 2285 H.

203 2296 215 2316 3
239 2295 409 2328 Tridacma
425 2295 478 2329 vel
493 2294 663 2340 biduunm]
692 2294 848 2328 Biduana
865 2295 917 2328 vel
935 2295 1102 2339 triduana,
1123 2296 1172 2330 H.

204 2343 215 2360 ⁴
237 2341 452 2386 Frequenter.
500 2341 563 2374 See
581 2353 654 2386 cap.
674 2344 751 2384 119,
770 2342 927 2386 Append.
945 2343 1061 2376 mirae.
1082 2345 1125 2376 14

203 2390 215 2408 5
237 2388 461 2431 Nullasficit.
509 2387 631 2420 “Cum
661 2387 709 2420 vir
736 2395 872 2421 sanctus
902 2401 921 2421 a
948 2389 1068 2434 spiritu
1095 2389 1326 2423 fornicationis
1354 2391 1514 2435 perferret
1536 2390 1696 2432 insultus,

156 2435 305 2468 lacrimis
324 2441 424 2479 atque
433 2434 574 2478 jejuniis
593 2434 782 2478 insistebat,
801 2435 848 2467 ita
866 2441 902 2467 ut
920 2447 987 2468 non
1006 2436 1115 2469 solum
1133 2436 1237 2469 biduo
1256 2436 1306 2469 vel
1325 2437 1447 2479 triduo,
1463 2449 1577 2470 verum
1593 2438 1695 2470 etiam

155 2481 354 2527 plerumque
372 2493 430 2526 per
448 2492 508 2514 sex
528 2480 599 2513 dies
611 2480 795 2513 abstineret
812 2493 831 2514 a
849 2481 944 2516 cibis.
996 2482 1134 2527 Vigiliis
1153 2494 1285 2527 quoque
1304 2483 1507 2516 inserviebat
1524 2484 1669 2517 assiduis
1686 2497 1695 2525 ;

157 2534 190 2561 et
209 2528 288 2561 dum
316 2527 396 2560 luna
420 2527 559 2570 luceret,
578 2538 718 2571 surgens
744 2527 786 2560 ab
814 2529 964 2561 oratione
991 2541 1091 2574 opera
1111 2540 1275 2562 manuum
1299 2529 1479 2562 durissima
1502 2530 1695 2565 exercebat.

159 2574 260 2617 Quod
277 2574 305 2607 si
324 2574 434 2607 adhuc
452 2573 604 2607 libidinis
621 2573 759 2606 aculeus
776 2585 843 2606 non
862 2582 1019 2618 cessaret,
1038 2587 1157 2620 corpus
1172 2575 1300 2608 nudum
1316 2576 1471 2621 vepribus
1490 2576 1696 2609 immittebat

158 2627 192 2654 et
209 2621 327 2666 spinis,
346 2627 383 2653 ut
398 2620 605 2665 voluptatem
624 2625 767 2652 verteret
784 2620 819 2652 in
834 2620 996 2654 dolorem.
1048 2622 1123 2654 Hoc
1141 2627 1253 2654 autem
1273 2622 1335 2655 soli
1353 2622 1548 2667 presbytero
1566 2622 1695 2656 fateba-

157 2675 222 2712 tur,
241 2668 298 2712 qui
316 2667 358 2700 ad
377 2679 454 2700 eum
472 2678 545 2700 raro
564 2672 644 2699 tunc
663 2666 824 2711 temporis
843 2667 1064 2702 accedebat.'⁷
1092 2668 1255 2701 Harleian
1273 2669 1387 2702 Anon.
1406 2668 1555 2712 chcnd.
