1839 3186
157 183 240 224 236
673 189 908 222 LIBELLUS
944 190 1009 221 DE
1046 189 1162 221 VITA

165 395 251 420 CAP.
275 394 384 420 CXVI.
447 392 540 422 QUAE
562 392 732 418 SECRETA
769 391 920 418 SANCTO
951 391 1105 416 THOMAE
1141 389 1389 422 MANDAV1T;
1424 389 1472 414 ET
1493 387 1585 417 QUAE
1612 386 1691 412 ILLI

567 458 784 484 EVENTURA
813 458 1015 492 FUISSENT,
1040 439 1320 482 EXPOSUERIT.1

225 562 247 616 ξ
270 563 367 602 222.
405 560 513 601 Posr
534 573 622 612 quae
643 557 710 598 ille
739 554 911 597 alacrior
938 553 1119 604 effectus,
1143 554 1402 609 percunctari
1424 552 1545 608 coepit
1573 552 1625 593 ab
1645 567 1692 593 eo

168 628 228 670 vir
249 627 330 668 Dei
349 631 491 668 utrum
512 629 635 665 notus
656 622 774 664 fratri
795 621 854 662 illi
875 620 980 661 foret
1003 620 1185 661 Thomas
1206 619 1359 662 2novus
1377 618 1695 661 cantuariorum

166 693 496 748 archiepiscopus
515 705 526 741 ;
561 694 649 731 erat
671 687 837 742 quidem
857 686 986 727 frater
1009 686 1076 726 ille
1106 685 1155 726 de
1179 686 1360 726 coenobio
1383 685 1695 726 3Westmonas-

168 760 275 811 terii,
307 759 375 813 qui
409 759 521 799 locus
550 754 719 796 confinis
750 758 812 795 est
835 751 1143 794 Cantuariensis
1175 751 1282 793 sedis
1311 750 1692 806 archiepiscopatui.

169 825 418 867 Admiratus
438 824 566 864 frater
587 822 654 862 ille
676 819 881 874 quomodo
904 818 954 859 de
977 817 1064 859 viro
1091 817 1127 858 ei
1149 817 1396 859 omnimodis
1417 817 1558 872 ignoto
1581 816 1694 858 volu-

170 893 269 934 isset
290 890 508 945 inquirere,
532 892 673 928 tamen
696 884 909 940 respondit
932 899 974 925 se
990 884 1107 924 illum
1129 898 1386 938 cognoscere.
1430 883 1547 923 Tunc
1568 882 1695 923 frater

170 958 254 1007 ille,
297 961 320 979 ‘⁶
336 957 513 1005 Domne,
550 952 752 1006 numquid
785 956 827 992 et
871 955 918 991 tu
954 949 1165 1004 cognoscis
1200 949 1334 991 virum
1372 949 1487 990 illum
1503 949 1548 988 ?''
1623 948 1696 989 Ad

172 1040 293 1078 quem
315 1023 377 1065 vir
399 1021 492 1072 Dei,
523 1025 548 1042 ‘⁶
567 1019 707 1060 Oculis
738 1017 828 1059 istis
859 1016 1062 1071 corporeis
1097 1031 1307 1070 nunquam
1338 1016 1454 1056 illum
1475 1014 1590 1063 vidi;
1625 1014 1699 1055 sed

173 1091 253 1132 isto
274 1088 459 1131 interiori
481 1086 598 1128 oculo
620 1085 755 1126 cordis
775 1083 856 1124 mei
888 1082 1035 1137 saepius
1064 1082 1180 1122 illum
1205 1081 1414 1136 conspexi,
1438 1086 1563 1135 atque
1594 1080 1698 1121 adeo

173 1156 289 1198 illum
310 1155 413 1196 bene
436 1166 647 1208 cognosco,
670 1155 717 1191 ut
740 1150 772 1191 si
795 1149 918 1190 modo
939 1149 1086 1189 faciem
1108 1147 1235 1202 ipsius
1256 1148 1463 1197 vidissem,
1489 1162 1588 1187 mox
1614 1147 1699 1188 sine

175 1221 286 1263 omni
318 1220 545 1269 erudiente,
574 1217 651 1258 etsi
681 1217 789 1257 inter
811 1216 965 1256 multos
995 1214 1176 1269 positum
1207 1214 1381 1268 ignotos,
1416 1219 1458 1254 et
1489 1227 1700 1267 nunquam

174 1288 288 1344 prius
308 1302 334 1328 a
356 1302 422 1327 me
439 1286 546 1326 visos
567 1283 609 1324 in
632 1297 813 1337 corpore,
835 1282 977 1322 statim
999 1296 1093 1321 eum
1115 1279 1443 1334 cognoscereln.”
1476 1279 1704 1333 Obstupuit

179 1354 259 1404 ille,
283 1368 359 1394 nec
379 1357 520 1393 tamen
542 1350 760 1404 quicquam
781 1347 957 1402 amplius
977 1361 1100 1388 ausus
1120 1346 1255 1386 fuerat
1279 1346 1337 1386 illi
1355 1361 1476 1400 super
1495 1346 1559 1386 his
1579 1345 1705 1385 inter-

176 1434 335 1475 rogare.
397 1417 459 1458 At
482 1430 622 1458 servus
644 1415 724 1455 Dei
748 1414 802 1455 ad
824 1413 954 1462 illum,
990 1417 1014 1434 ‘⁶
1036 1412 1236 1465 Quaedam
1259 1411 1294 1452 ei
1316 1412 1536 1453 secretiora
1556 1411 1704 1453 vellem

178 1486 366 1540 dirigere,
400 1485 433 1525 si
470 1497 585 1524 meus
618 1481 672 1521 ad
709 1480 825 1521 illum
855 1478 1135 1520 internuncius
1164 1477 1287 1520 velles
1320 1478 1446 1519 esse.''
1508 1477 1569 1518 At
1601 1477 1705 1518 alius

178 1551 374 1593 libentius
395 1565 437 1591 se
466 1547 553 1603 ejus
588 1546 768 1601 imperiis
792 1545 895 1587 velle
921 1544 1028 1586 dixit
1052 1544 1230 1594 obedire,
1258 1544 1291 1585 si
1319 1548 1460 1584 tamen
1481 1543 1584 1585 nihil
1605 1542 1704 1584 mali

180 1618 239 1659 illi
260 1617 456 1660 voluisset
477 1612 702 1669 injungere.
766 1611 944 1652 Subrisit
978 1611 1123 1660 senior,
1148 1609 1287 1651 dicens
1319 1625 1360 1651 se
1383 1609 1419 1650 ei
1441 1610 1578 1664 potius
1599 1609 1708 1650 bona

181 1689 337 1739 optare,
370 1696 493 1736 quam
524 1678 679 1733 aliquid
714 1677 811 1718 mali
844 1677 879 1717 ei
905 1677 1010 1719 velle
1040 1674 1266 1731 injungere.
1329 1676 1517 1717 Tandem
1538 1675 1600 1717 vir
1625 1675 1707 1716 Dei

181 1748 347 1805 adjecit,
372 1753 413 1789 et
435 1747 506 1796 ait,
531 1750 556 1768 ⁴⁶
572 1745 677 1787 Cum
694 1744 827 1785 virum
846 1744 961 1784 illum
980 1742 1147 1792 videris,
1161 1742 1328 1783 obsecro
1349 1746 1396 1783 ut
1421 1757 1473 1783 ex
1495 1746 1611 1796 parte
1632 1740 1708 1781 mi-

182 1816 262 1858 seri
286 1813 454 1855 Godrici
475 1812 590 1853 illum
613 1811 791 1852 salutare
812 1808 1060 1858 memineris,
1092 1813 1215 1862 atque
1244 1807 1279 1849 ei
1310 1813 1452 1849 nostra
1473 1808 1560 1849 vice
1582 1806 1709 1848 dicito

184 1887 231 1923 ut
254 1882 294 1922 in
316 1880 392 1931 his,
420 1894 509 1933 quae
534 1878 575 1919 in
597 1875 794 1932 propositi
816 1875 877 1917 sui
901 1874 1259 1930 praemeditatione
1290 1888 1331 1915 se
1359 1873 1566 1929 agendum
1595 1872 1710 1914 insti-

183 1948 278 1997 tuit,
313 1945 469 1987 firmius
498 1959 546 1985 ae
581 1942 801 1984 instantius
832 1941 1030 1982 inhaerere
1061 1940 1173 1981 nullo
1208 1939 1332 1980 modo
1369 1940 1550 1980 omittat.
1619 1938 1710 1979 Deo

186 2014 338 2055 etenim
361 2009 647 2064 Omnipotenti
670 2009 770 2049 satis
792 2014 886 2048 sunt
911 2006 1049 2047 omnia
1068 2010 1188 2060 grata
1208 2010 1248 2046 et
1271 2010 1442 2060 accepta
1460 2019 1711 2059 quaecunque

185 2094 294 2121 nunc
333 2079 374 2119 in
410 2077 546 2117 animo
577 2073 789 2129 proposuit
820 2072 1107 2125 exsequenda3
1153 2076 1197 2111 at
1228 2075 1368 2111 tamen
1399 2071 1499 2112 satis
1530 2071 1635 2111 dura
1665 2085 1712 2111 ac

188 2159 333 2200 aspera
364 2141 675 2183 infestationum
700 2138 901 2193 supplicia
928 2142 989 2178 est
1017 2137 1195 2192 plurima
1226 2152 1504 2191 perpessurus,
1530 2141 1570 2177 et
1593 2136 1713 2177 citius

188 2226 240 2252 ex
257 2209 490 2264 Anglorum
513 2211 624 2248 terra
645 2205 686 2245 in
709 2204 911 2253 exsilium,
935 2201 1273 2257 compellentibus
1294 2203 1478 2257 pluribus
1499 2201 1712 2257 angustiis,

189 2336 301 2364 autem
319 2334 419 2362 notus
437 2327 485 2361 illi
503 2324 659 2371 quaesivit
676 2335 695 2357 a
712 2322 894 2356 venerabili
913 2322 1061 2355 Godrieo
1079 2321 1213 2366 qualem
1231 2333 1331 2355 causa
1355 2322 1456 2365 hujus
1478 2327 1566 2355 esset
1584 2321 1716 2354 exitum

187 2377 368 2416 habitura3
395 2373 484 2418 quod
506 2373 534 2405 si
560 2370 733 2404 convictus
759 2374 858 2412 essct,
884 2368 1065 2413 suspendio
1091 2368 1287 2402 traderetur.
1339 2368 1402 2401 Cui
1421 2368 1470 2401 vir
1487 2374 1623 2401 sanctus
1649 2367 1717 2401 ait:

189 2425 198 2442 ⁴
214 2422 293 2466 Fili,
307 2426 441 2466 propter
456 2420 521 2452 hoc
535 2429 597 2450 nee
613 2416 775 2458 membra,
793 2426 855 2448 nec
874 2415 986 2457 vitani,
1004 2426 1066 2447 nec
1083 2414 1211 2458 aliquid
1235 2413 1432 2447 hereditatis
1457 2414 1590 2447 amittet
1604 2426 1613 2455 3
1640 2413 1718 2458 quia

189 2481 267 2503 cum
293 2466 490 2501 adversariis
507 2465 540 2497 in
558 2462 651 2496 brevi
677 2461 889 2495 concordiam
916 2460 1133 2495 ref01·mabit.’
1184 2460 1284 2502 Quod
1303 2465 1417 2493 contra
1442 2471 1536 2504 spem
1555 2459 1719 2502 omnium,

191 2515 279 2549 sicut
296 2512 454 2559 praedixit
472 2511 520 2544 vir
533 2511 659 2553 justus,
676 2506 823 2541 evenit.''

239 2561 247 2580 ¹
276 2560 317 2593 In
335 2559 391 2592 the
410 2557 506 2591 Harl.
525 2556 600 2589 MS.
620 2554 756 2599 chapter
775 2552 985 2586 CXXXIX.

239 2607 253 2628 ²
274 2603 414 2650 Novus]
443 2605 492 2637 As
518 2601 648 2635 Becket
671 2601 810 2633 became
828 2598 1027 2643 archbishop
1046 2598 1084 2630 of
1099 2597 1284 2631 Canterbur
1326 2597 1360 2630 in
1380 2600 1481 2642 1162,
1497 2609 1547 2631 we
1571 2597 1656 2631 have
1681 2608 1723 2630 an

191 2652 462 2698 approximation
479 2655 513 2682 to
531 2648 588 2681 the
607 2647 682 2680 date
697 2646 734 2679 of
747 2645 804 2678 the
821 2644 988 2677 incidents
1013 2643 1207 2677 mentioned
1221 2644 1255 2677 in
1272 2650 1285 2676 t
1297 2643 1340 2677 iis
1358 2643 1507 2689 chapter.
1556 2643 1619 2677 See
1636 2643 1720 2677 Dee.

195 2699 316 2743 Script.
334 2709 389 2742 pp.
407 2698 487 2737 533,
506 2696 607 2728 1383.

240 2746 253 2765 ³
279 2738 585 2784 Westmonasterii]
623 2739 654 2771 It
680 2738 708 2771 is
733 2742 792 2770 not
820 2735 1028 2781 improbable
1058 2735 1131 2768 that
1161 2735 1203 2768 he
1230 2735 1339 2780 might
1366 2735 1450 2769 have
1480 2734 1721 2779 accompanicd

195 2791 377 2832 Laurence,
404 2789 492 2833 prior
509 2786 546 2820 of
560 2784 814 2826 Westminster,
833 2782 866 2815 in
886 2782 942 2815 the
962 2782 1038 2814 visit
1056 2781 1164 2814 which
1184 2781 1256 2814 that
1274 2781 1460 2815 individua]
1486 2781 1564 2826 paid
1582 2786 1615 2814 to
1632 2780 1720 2813 Dur-

193 2837 295 2878 ha1n3
314 2847 368 2869 see
387 2834 404 2879 ξ
424 2836 501 2877 219,
521 2831 586 2866 and
604 2830 660 2864 the
678 2833 969 2863 confineneement
988 2826 1055 2871 of}
1076 2829 1154 2861 223.
