1839 3186
507 236 566 267 ET
601 235 867 269 MIRACULIS
904 237 939 269 s.
966 236 1185 271 eoDRICI.
1526 225 1612 271 427

71 340 142 382 illo
166 340 376 397 perduxit.
440 340 524 382 Sed
555 356 649 382 cum
680 340 816 382 redire
840 340 1056 396 disposuit,
1080 356 1178 383 casu
1209 339 1295 382 filia
1325 340 1455 396 ipsius
1485 342 1612 397 pessi-

72 422 184 448 mam
206 407 496 462 aegritudinem
512 408 712 458 incurrit3
739 422 888 463 nempe
909 412 1028 448 tanto
1050 406 1195 449 inflata
1217 422 1385 463 corpore
1407 423 1480 463 per
1500 423 1614 449 men-

74 488 161 515 sem
182 474 390 529 integrum
412 474 525 529 apud
556 473 777 516 Alnewich
799 474 908 516 lecto
940 474 1150 525 decubuit,
1174 489 1264 529 quae
1285 474 1462 516 tumoris
1491 475 1618 530 pesti-

73 540 202 582 lentia
235 540 463 582 ascendens
495 545 629 582 totam
667 541 817 596 pellem
853 541 1015 596 capitis,
1051 546 1254 595 quantum
1293 539 1428 582 inflari
1461 541 1613 595 potuit,

73 606 279 648 extendit.
340 606 575 662 Desperata
601 607 730 663 igitur
751 607 942 649 omnibus
966 607 1121 649 Sancto
1144 607 1326 649 Godrico
1349 605 1476 648 filiam
1499 622 1618 649 suam

65 671 157 729 jam
177 673 425 716 seminecem
447 674 629 725 devovit,
652 679 694 715 et
716 689 864 729 corpus
887 674 997 716 illius
1025 689 1119 715 cum
1142 673 1279 729 capite
1301 673 1475 715 candela
1501 688 1616 715 men-

73 745 262 782 suratum
299 740 603 784 circumcinxit.
681 741 795 794 Quae,
833 741 946 782 omni
987 755 1087 782 mox
1122 740 1331 782 residente
1369 745 1532 782 tumore
1574 746 1616 782 et

73 806 226 857 dolore,
250 807 461 849 convaluit
479 825 490 856 ς
515 822 640 861 quam
661 807 788 849 etiam
810 822 949 849 secum
971 822 1116 849 sanam
1133 807 1176 848 in
1187 806 1387 849 Finchale
1404 806 1614 863 perduxit,

71 873 143 915 ubi
165 873 358 915 candelas
379 889 580 916 mensurae
602 874 711 916 illius
736 874 901 924 obtulit,
925 879 966 916 et
989 874 1080 916 Deo
1101 874 1144 915 in
1163 873 1318 916 Sancto
1344 873 1428 915 Suo
1456 874 1614 929 gratias

75 939 256 982 Godrico
278 940 472 991 referens,
495 941 584 982 haec
605 940 744 982 omnia
765 941 884 983 nobis
905 940 995 997 ipsa
1016 956 1111 982 cum
1132 940 1217 982 filia
1238 956 1313 983 sua
1334 940 1555 983 enarravit.

73 1118 204 1145 CLXIX.
242 1120 294 1145 DE
324 1119 482 1146 JUVENE
513 1120 654 1146 MILITE
690 1119 863 1145 EFFECTO
898 1119 946 1145 ΕΤ
985 1120 1030 1144 ΙΝ
1068 1120 1322 1145 NORMANNIA
1357 1119 1616 1155 VULNERATO,

133 1186 337 1216 QUALITER
380 1187 516 1213 CORAM
564 1187 715 1212 MULTIS
761 1186 937 1213 SANCTUS
983 1186 1051 1212 DEI
1097 1187 1138 1212 EI
1181 1186 1385 1212 APPARUIT
1436 1187 1485 1212 ET
1527 1187 1616 1213 EUM

141 1253 331 1279 SANAVIT.

133 1353 276 1408 §51st
310 1352 486 1406 QUIDAM
505 1350 673 1408 juvenis
706 1352 757 1394 de
790 1351 941 1394 finibus
972 1352 1221 1407 Anglorum,
1243 1352 1406 1408 magnis
1436 1358 1478 1394 et
1512 1369 1618 1408 prae-

74 1419 195 1461 claris
215 1419 424 1461 natalibus
445 1424 573 1470 ortus,
595 1434 728 1474 nuper
747 1419 919 1461 militari
940 1419 1080 1474 gladio
1096 1419 1321 1469 accinctus,
1345 1419 1399 1460 ad
1420 1420 1619 1462 militaria

73 1485 304 1528 nobilitatis
337 1485 538 1527 exercitia
569 1485 824 1528 addiscenda
853 1486 907 1528 ad
940 1485 1240 1527 transmarinas
1268 1486 1534 1528 Normanniae
1555 1503 1617 1529 re-

73 1552 217 1608 giones
244 1557 306 1594 est
330 1552 552 1608 profectus.
626 1553 787 1608 Nempe
808 1553 944 1595 laudis
971 1553 1127 1594 famam
1155 1552 1313 1594 nomini
1339 1568 1412 1595 suo
1434 1559 1614 1609 attemp-

74 1619 193 1660 tabat
215 1619 439 1674 acquirere,
456 1624 497 1661 et
519 1619 702 1661 famosus
723 1634 845 1674 opere
867 1619 974 1662 sicut
997 1625 1039 1660 et
1060 1634 1210 1674 genere
1228 1619 1422 1675 cupiebat
1445 1621 1618 1662 circum-

76 1701 237 1741 quaque
265 1686 375 1728 notis
406 1691 447 1727 et
468 1686 622 1741 ignotis
651 1687 864 1728 exsistere.
926 1686 1033 1727 Erat
1055 1686 1223 1740 quidem
1245 1686 1296 1727 de
1323 1701 1522 1742 generosa
1542 1703 1617 1743 pa-

73 1753 234 1794 rentela
253 1752 434 1794 militum
459 1757 500 1793 et
519 1753 721 1793 baronum
743 1753 813 1807 qui
836 1752 1007 1794 Laceles
1028 1753 1324 1802 nominantur;
1360 1754 1529 1809 cupiens
1551 1770 1617 1796 co-

75 1819 228 1873 aequari
256 1819 514 1861 fortitudinis
544 1819 691 1860 robore
719 1828 760 1860 et
782 1819 933 1861 virium
958 1819 1150 1874 opinione
1174 1819 1239 1861 his
1267 1819 1336 1874 qui
1367 1820 1619 1864 militaribus

74 1885 262 1941 insigniis
280 1886 523 1941 gloriantur.
561 1885 747 1927 Veniens
767 1886 895 1941 igitur
915 1885 969 1926 ad
983 1885 1182 1941 oppidum
1199 1886 1406 1940 quendam
1424 1886 1437 1907 ²
1451 1887 1619 1944 Blangy

74 1952 347 2003 nominatum,
378 1952 450 1994 ubi
478 1952 658 1993 militare
694 1952 803 1994 inter
837 1952 1149 2008 probatissimos
1183 1968 1365 2007 quosque
1400 1955 1616 2010 negotium

73 2019 209 2060 fuerat
231 2019 603 2067 committendum3
627 2034 723 2070 non,
745 2023 793 2061 ut
818 2019 957 2069 ceteri,
978 2024 1176 2069 armatus,
1193 2019 1266 2060 sed
1289 2026 1616 2076 praesumptuose

75 2085 201 2127 armis
222 2085 551 2141 simplicioribus,
574 2085 768 2127 videlicet
788 2091 904 2128 scuto
922 2090 963 2127 et
982 2086 1126 2127 lancea
1147 2086 1234 2127 sola
1253 2086 1454 2137 munitus,
1476 2088 1614 2130 subito

76 2151 186 2194 inter
202 2152 311 2194 acies
328 2152 631 2194 decertantium
649 2168 723 2208 pro
740 2153 899 2194 militiae
912 2153 1045 2208 gloria
1066 2168 1108 2194 se
1126 2152 1311 2207 ingessit.
1346 2153 1430 2195 Sed
1447 2154 1615 2196 obvium

76 2218 153 2260 sibi
175 2219 381 2273 quendam
404 2234 456 2260 ex
476 2219 650 2261 adverso
678 2219 915 2275 suscipiens,
938 2219 1092 2261 lethale
1114 2220 1265 2261 vulnus
1292 2220 1345 2261 ab
1372 2222 1461 2277 ipso
1493 2222 1617 2263 susti-

75 2285 181 2327 nuit.
243 2286 353 2327 Nam
374 2286 493 2327 miles
515 2286 583 2340 qui
619 2286 656 2327 ei
687 2301 740 2327 ex
770 2286 944 2328 adverso
966 2286 1158 2336 occurrit,
1182 2301 1236 2327 ex
1256 2286 1441 2330 adversae
1465 2288 1617 2329 lanceae

77 2367 163 2393 suae
186 2352 355 2407 cuspide
378 2367 425 2393 eo
447 2352 498 2393 de
519 2367 601 2393 uno
623 2353 752 2393 latere
773 2353 858 2394 fere
883 2353 938 2394 ad
967 2353 1079 2394 latus
1110 2353 1287 2394 alterum
1310 2354 1386 2395 sub
1407 2355 1616 2396 umbiculo

75 2419 227 2473 pellem
247 2418 405 2460 ventris
422 2418 678 2460 vulnerando
700 2418 914 2474 praecidit,
938 2419 1049 2460 unde
1069 2434 1169 2460 mox
1190 2420 1227 2461 ei
1252 2421 1391 2463 omnia
1410 2437 1514 2477 pene
1535 2420 1619 2463 vis-

75 2500 168 2527 cera
189 2500 284 2526 cum
310 2484 518 2527 intestinis
551 2485 851 2540 pervulneratis
864 2484 1040 2540 januam
1061 2492 1354 2541 proruperunt,
1373 2493 1415 2529 et
1436 2488 1478 2529 in
1500 2493 1618 2529 ante-

75 2552 184 2593 riora
205 2551 313 2593 sellae
334 2551 515 2593 sedentis
537 2551 826 2606 dependentia,
847 2567 923 2593 nec
943 2567 1092 2594 manus
1113 2554 1383 2608 superpositae
1406 2555 1619 2596 obstaculo

74 2618 242 2673 reprimi
264 2622 502 2673 potuerunt.
557 2617 695 2660 Versa
715 2623 778 2660 est
799 2619 928 2674 igitur
948 2619 1078 2674 proelii
1093 2619 1268 2660 victoria
1288 2619 1331 2661 in
1353 2621 1550 2671 lamenta,
1574 2626 1616 2662 et

75 2685 226 2726 omissa
245 2685 419 2726 ulterius
442 2684 601 2726 militiae
620 2685 885 2740 pertinentia,
910 2686 1118 2727 concurrit
1140 2686 1195 2727 ad
1219 2686 1335 2728 illum
1358 2687 1521 2742 copiosa
1542 2687 1618 2728 do-

121 2805 132 2826 1
153 2804 318 2851 Blangy]
346 2806 378 2839 A
396 2812 487 2839 town
504 2807 539 2839 in
558 2806 773 2853 Normandy,
800 2808 904 2842 about
929 2809 1046 2842 fifteen
1072 2809 1208 2853 leagues
1234 2815 1268 2841 to
1292 2808 1350 2842 the
1374 2808 1564 2842 north-east
1583 2808 1622 2841 of

75 2851 208 2886 Rouen.
259 2852 291 2885 It
308 2853 337 2885 is
354 2852 514 2897 probable
539 2853 613 2886 that
639 2853 697 2887 the
722 2854 874 2888 incident
899 2855 980 2888 here
1002 2855 1198 2888 mentioned
1217 2855 1378 2888 occurred
1395 2855 1539 2888 towards
1557 2855 1616 2888 the

76 2898 142 2931 end
161 2899 199 2931 of
226 2899 315 2933 1172
333 2910 369 2931 or
385 2899 570 2944 beginning
588 2900 626 2932 of
648 2901 749 2944 1173,
769 2907 803 2934 at
820 2901 931 2935 which
950 2902 1033 2935 time
1053 2901 1172 2946 Henry
1192 2901 1240 2935 II.
1260 2914 1328 2935 was
1346 2902 1380 2934 in
1398 2901 1614 2946 Normandy.

76 2944 139 2978 See
157 2944 365 2979 Benedictus
383 2945 501 2979 Abbas
519 2945 585 2979 and
605 2946 782 2991 Hoveden,
797 2947 839 2981 ad
853 2959 941 2991 ann„
955 2948 1021 2982 and
1040 2947 1129 2981 Lord
1149 2947 1345 2983 Littleton's
1364 2948 1455 2983 Hist.
1474 2948 1522 2983 iii.
1536 2951 1615 2983 105.
