1839 3186
227 186 310 227 220
754 197 990 231 LIBELLUS
1021 197 1085 230 DE
1116 197 1232 230 VITA

225 402 314 428 CAP.
336 402 399 429 CV.
459 402 511 427 DE
545 401 719 428 EPISCOPI
763 401 881 427 OBITU
918 401 1033 431 QUEM
1070 400 1295 433 PRAEV1D1T3
1334 400 1384 425 ΕΤ
1420 399 1471 425 ΒΕ
1505 400 1644 425 DIVITE
1680 400 1760 425 EPI-

294 469 401 495 soom
431 468 718 503 PERSECUTORE,
752 468 866 498 QUEM
898 468 1147 494 MORITURUM
1179 468 1277 492 DIRA
1309 467 1429 493 SORTE
1463 451 1704 492 PRAEDIXIT.1

286 569 309 623 ᾗ
332 570 429 610 208.
466 568 620 609 Ammo
650 568 914 623 episcopante
943 565 1191 617 2Willelmo,
1218 565 1387 620 quidam
1414 579 1608 621 procerus
1638 564 1760 615 illius,

228 636 393 676 nomine
429 633 655 685 3Dolfinus,
690 634 888 675 domnum
922 647 1042 674 suum
1072 632 1228 674 viribus
1260 632 1406 682 elatus,
1437 632 1554 687 gravi
1592 636 1655 673 est
1687 632 1764 672 im-

228 701 493 757 pugnationis
526 715 676 756 genere
707 700 947 741 insectatus.
1009 698 1119 739 Nam
1144 703 1185 739 et
1220 698 1386 753 rapinis,
1428 697 1588 753 praedis,
1623 697 1762 753 gladio

230 768 351 809 simul
393 772 434 808 et
475 766 679 815 incendio,
722 764 823 807 fines
856 765 1117 820 episcopatus
1154 765 1263 806 illius
1296 764 1570 819 depopulatus
1608 769 1682 814 est,
1721 768 1763 805 et

229 835 364 889 ipsum
385 834 624 889 episcopum
646 847 688 874 se
708 847 836 873 manu
864 831 1105 873 exsecrabili
1126 835 1439 886 perempturum
1466 831 1650 872 minatus
1684 834 1761 872 est.

229 900 355 941 Unde
375 900 482 941 forte
507 898 579 955 jus
603 914 723 940 suum
746 899 788 939 in
809 898 968 939 facinus
989 897 1205 948 convertit,
1244 902 1285 938 et
1316 896 1442 937 fidem
1463 895 1640 952 justitiae
1671 912 1761 952 per-

228 965 326 1007 fidia
341 966 531 1008 violentis
544 965 787 1007 idololatriae
802 979 941 1005 coram
955 963 1135 1004 Domino
1152 963 1347 1018 perdidit.
1404 963 1643 1017 Requisitus
1664 978 1762 1018 ergo

227 1033 290 1074 vir
313 1033 393 1074 Dei
418 1032 507 1086 quis
529 1032 579 1073 de
603 1032 668 1073 his
692 1030 784 1073 finis
807 1031 1026 1080 accideret,
1062 1034 1299 1071 constanter
1319 1030 1493 1071 asseruit
1515 1029 1625 1083 quod
1647 1030 1762 1071 dives

226 1099 294 1140 ille
318 1099 426 1140 infra
445 1098 655 1139 modicum
685 1098 883 1152 temporis
905 1096 1060 1138 crudeli
1081 1101 1215 1137 morte
1246 1096 1411 1150 periret,
1446 1100 1471 1118 “
1494 1094 1758 1149 Nunquam,”

226 1166 426 1220 inquiens,
464 1169 488 1187 ‘⁶
510 1165 552 1205 in
587 1164 666 1205 hac
686 1164 775 1205 vita
804 1164 1019 1218 episcopus
1050 1168 1091 1204 et
1126 1163 1194 1203 ille
1224 1162 1451 1203 foederabili
1481 1176 1582 1216 pace
1612 1177 1758 1203 conve-

226 1231 370 1279 nient,
416 1231 489 1273 sed
539 1230 703 1285 utrique
749 1230 920 1271 celerius
967 1230 1017 1270 de
1053 1229 1245 1284 praesenti
1286 1228 1441 1269 mundo
1485 1228 1757 1269 discederent.

229 1297 358 1340 Dives
385 1313 482 1339 vero
514 1297 761 1338 maledictus
784 1296 983 1345 interibit,
1019 1296 1233 1351 episcopus
1264 1295 1318 1335 ad
1343 1294 1515 1349 gloriam
1548 1299 1758 1349 pertrans-

225 1364 344 1406 ibit.”
413 1362 540 1419 Cujus
574 1363 816 1418 prophetica
836 1363 963 1404 verba
982 1377 1080 1403 vera
1109 1362 1234 1403 fuisse
1265 1376 1401 1402 rerum
1438 1358 1530 1401 finis
1561 1361 1753 1408 edocuit;

225 1446 323 1472 nam
344 1430 609 1486 postmodum
631 1430 746 1470 dives
770 1429 1154 1470 excommunicatus
1177 1427 1292 1478 obiit,
1316 1427 1530 1483 episcopus
1546 1440 1639 1469 vero
1656 1427 1757 1468 satis

225 1495 450 1538 4catholice
476 1496 526 1537 de
546 1496 625 1537 hac
645 1496 732 1537 vita
753 1493 983 1551 ⁵migravit.

274 1606 282 1624 ¹
310 1605 349 1638 In
368 1605 426 1639 the
446 1605 541 1639 Harl.
560 1606 635 1639 MS.
655 1605 793 1650 chapter
811 1605 949 1639 CXIII.

273 1652 286 1670 ²
307 1652 480 1686 Willelmo.
521 1652 676 1685 Wssham
689 1652 729 1685 de
747 1653 780 1686 S.
794 1652 953 1695 Barbara,
971 1651 1057 1684 from
1076 1663 1149 1686 A.D.
1167 1653 1256 1685 1142
1273 1657 1307 1684 to
1321 1653 1421 1685 1152.
1437 1651 1485 1685 Le
1500 1651 1609 1695 Neve,
1628 1663 1660 1697 p.
1675 1651 1754 1686 347.

271 1699 285 1719 3
305 1698 475 1744 Doffinzcs.
522 1698 671 1743 Perhaps
697 1698 813 1732 Dolfin
831 1697 889 1730 the
914 1709 975 1731 son
1001 1698 1038 1731 of
1053 1698 1218 1741 Uchtred,
1236 1703 1270 1731 to
1287 1697 1398 1730 whom
1416 1698 1521 1743 Algar
1538 1698 1595 1731 the
1616 1699 1705 1743 prior
1722 1698 1761 1731 of

229 1744 380 1778 Durham
405 1745 545 1790 granted
570 1744 749 1789 Staindrop
769 1744 836 1777 and
862 1744 1145 1789 Staindropshire,
1165 1744 1211 1790 by
1228 1744 1360 1778 charter
1377 1744 1477 1778 dated
1497 1747 1540 1779 13
1563 1744 1626 1779 cal.
1645 1744 1754 1790 April.

227 1794 328 1825 1131.
378 1791 525 1825 Surtees'
545 1791 635 1825 Hist.
656 1791 820 1834 Durham,
839 1802 883 1824 1v.
902 1791 923 1824 i.
941 1793 1018 1834 149,
1039 1792 1115 1826 157.

270 1839 282 1856 ⁴
304 1836 501 1883 catholica]
530 1837 737 1880 Caffiolicus,
756 1837 802 1871 H.
854 1837 927 1870 The
952 1843 1095 1870 account
1114 1837 1151 1871 of
1164 1837 1231 1870 this
1255 1836 1394 1882 prelate,
1419 1837 1519 1882 given
1537 1837 1571 1870 in
1588 1836 1645 1870 the
1665 1836 1754 1870 Con-

223 1885 391 1917 tinuation
410 1885 447 1918 of
460 1885 597 1917 Simeon
615 1884 653 1917 of
667 1883 832 1923 Durham,
851 1883 1021 1917 coincides
1038 1883 1119 1916 with
1145 1883 1342 1928 Reginald’s
1366 1884 1531 1917 narrative
1548 1896 1555 1918 :
1589 1883 1686 1916 “Vir
1703 1895 1754 1916 re-

225 1931 350 1975 ligione
364 1937 397 1964 et
413 1931 593 1975 prudentia
609 1930 793 1976 plurimum
818 1930 1009 1974 laudabilis,
1026 1930 1169 1975 posteris
1186 1941 1319 1974 quoque
1336 1930 1560 1971 inimitabilis,
1578 1930 1612 1963 in
1630 1929 1753 1963 divinis

225 1977 324 2010 rebus
350 1989 369 2010 a
394 1977 537 2022 pueritia
570 1977 775 2010 exercitatus
801 1982 834 2009 et
859 1976 902 2009 ad
927 1977 1075 2010 officium
1109 1977 1323 2021 episcopatus
1355 1977 1560 2009 sufficienter
1588 1976 1729 2009 idoneus
1744 1988 1752 2017 3

223 2024 347 2057 canitie
373 2023 510 2068 quidem
528 2023 738 2065 venerabilis,
757 2022 938 2056 sobrietate
963 2028 1077 2056 tamen
1094 2023 1202 2056 victus
1220 2028 1253 2055 et
1271 2023 1348 2056 vitae
1374 2022 1583 2055 continentia
1604 2033 1753 2055 morum-

223 2081 288 2114 que
304 2070 468 2114 gravitate
485 2069 743 2102 venerabili0r.''
769 2069 897 2102 Decem
916 2069 1036 2114 Script.
1050 2080 1083 2113 p.
1103 2071 1158 2103 66.

270 2117 282 2134 ⁵
301 2114 502 2161 Iingravit]
531 2115 593 2148 See
611 2114 627 2160 ξ
647 2117 725 2158 219,
744 2114 809 2148 and
833 2114 977 2159 perhaps
1005 2117 1081 2149 146.
1134 2114 1217 2147 This
1242 2114 1372 2160 history
1390 2115 1418 2148 is
1436 2114 1514 2148 thus
1539 2114 1611 2148 told
1631 2115 1677 2159 by
1694 2114 1752 2148 the

222 2173 434 2207 anonymous
458 2161 597 2206 legend:
627 2162 648 2179 ⁴⁴
663 2161 810 2203 Quidam
836 2172 1012 2205 procerum
1032 2160 1200 2194 Willelmi
1225 2161 1407 2205 pontificis,
1429 2161 1565 2194 nomine
1583 2161 1753 2202 Dolfinus,

224 2208 386 2241 domnum
413 2219 513 2241 suum
541 2207 685 2251 graviter
709 2207 938 2251 impugnabat.
1001 2207 1095 2240 Nam
1121 2207 1352 2252 episcopatum
1378 2207 1543 2241 incendiis
1569 2213 1602 2240 et
1627 2208 1752 2252 rapinis

223 2254 440 2299 caedibusque
462 2253 639 2295 vastabat3
664 2259 697 2286 et
719 2255 914 2298 episcopum
938 2265 974 2286 se
995 2253 1187 2286 minabatur
1207 2265 1310 2286 manu
1332 2254 1466 2299 propria
1486 2260 1751 2299 perempturum.

225 2300 447 2333 venerandus
474 2300 521 2332 vir
540 2299 580 2333 de
603 2300 670 2332 fine
695 2299 796 2342 hujus
823 2299 1000 2332 discordiae
1017 2300 1210 2344 requisitus,
1236 2300 1295 2342 ait,
1322 2300 1459 2333 divitem
1484 2300 1580 2333 illum
1603 2301 1636 2333 in
1659 2299 1751 2333 brevi

223 2346 460 2380 miserabiliter
486 2346 698 2387 finiendum;
724 2346 919 2390 episcopum
938 2358 1015 2379 vero
1039 2346 1182 2379 feliciter
1206 2346 1310 2379 finem
1331 2347 1410 2379 vitae
1436 2358 1512 2379 curn
1537 2346 1752 2379 festinatione

222 2393 401 2435 facturum,
427 2398 460 2425 et
485 2391 561 2425 illos
590 2403 762 2436 nunquam
788 2392 874 2424 iuter
899 2404 935 2425 se
960 2392 1051 2437 pacis
1077 2392 1250 2425 habituros
1275 2404 1348 2426 esse
1374 2392 1599 2426 concordiam.
1650 2392 1750 2435 Quod

222 2440 311 2472 sicut
327 2438 498 2483 praedixit,
517 2438 628 2471 evenit
646 2452 653 2479 ;
679 2438 757 2482 quia
774 2438 866 2471 brevi
885 2444 1034 2483 tempore
1060 2438 1153 2472 dives
1171 2439 1487 2472 excommunicatus
1505 2438 1631 2472 interiit
1646 2451 1654 2479 ;
1680 2439 1750 2484 epi-

222 2497 344 2530 scopus
362 2484 526 2518 catholICe
544 2484 828 2529 transmigravit.”
