1839 3186
567 228 625 258 ET
661 228 925 259 MIRAOULIS
961 229 994 259 S.
1021 228 1235 259 GODRICI.
1604 218 1655 259 69

128 329 277 371 blande
308 329 534 384 leniterque
566 332 670 372 citra
699 332 842 372 limina
874 347 980 373 casae
1019 347 1101 373 suae
1135 334 1313 381 extulit,
1372 347 1519 387 eosque
1551 332 1660 372 simi-

128 397 222 437 liter
266 411 358 437 cum
398 397 559 452 agmine
604 413 676 439 suo
718 399 878 453 longius
919 414 943 440 a
986 414 1060 440 sua
1106 400 1391 440 mansiuncula
1440 399 1658 440 abscedere

130 463 345 517 praecepit3
400 464 467 517 qui
504 464 679 519 pedibus
714 464 800 520 ejus
833 465 954 506 nudis
991 465 1189 516 advoluti,
1226 467 1339 520 quasi
1373 466 1659 507 benedictione

129 529 348 584 postulata,
372 531 514 571 statim
548 531 781 581 discessere,
812 547 887 572 nec
910 538 1055 587 postea
1082 532 1188 573 infra
1220 532 1320 574 fines
1350 548 1450 586 quos
1475 533 1532 572 eis
1559 547 1660 586 pree-

130 595 290 647 fixerat,
314 611 588 651 comparuere.
654 597 741 639 Nec
765 599 999 639 mirandum
1024 600 1056 640 si
1084 599 1223 640 electis
1245 599 1337 649 Dei,
1365 600 1432 653 qui
1460 614 1533 653 pro
1557 596 1661 652 Ejus

128 663 281 703 honore
316 678 480 704 carnem
514 670 736 715 macerant,
770 666 960 720 spiritum
992 665 1175 716 domant,
1212 667 1336 707 bruta
1366 665 1560 706 animalia
1590 664 1660 705 ob-

129 734 374 784 temperant,
400 745 493 771 cum
514 731 556 771 in
579 731 690 773 Eum
714 732 977 774 credentibus
998 732 1136 773 onmia
1156 733 1366 787 possibilia
1389 732 1400 754 ¹
1417 731 1533 773 fiant.

131 1028 216 1052 CAP.
250 1027 355 1052 XXII.
418 1027 528 1051 UNDE
556 1026 675 1052 LOCUS
697 1026 787 1050 ILLE
811 1027 867 1051 SIC
888 1026 1027 1051 DICTUS
1048 1027 1120 1061 SIT,
1146 1027 1279 1056 ATQUE
1315 1026 1481 1056 QUANTA
1504 1025 1663 1051 RUPIUM

414 1093 462 1117 ET
494 1093 669 1118 NEMORIS
701 1093 922 1117 DENSITATE
953 1093 1270 1119 CIRCUMCINCTUS
1302 1077 1397 1119 SIT.Q

191 1191 303 1247 §57.
339 1192 554 1233 FlNcHALE
589 1192 702 1233 locus
740 1192 976 1232 certaminis
1009 1190 1131 1245 hujus
1170 1192 1245 1233 viri
1283 1193 1363 1233 Dei
1398 1193 1561 1243 dicitur,
1596 1194 1664 1247 qui

133 1259 339 1314 quondam
372 1259 514 1300 diebus
551 1258 730 1312 antiquis
766 1273 790 1298 a
822 1273 916 1312 rege
950 1257 964 1278 ³
986 1258 1091 1298 Fine
1123 1258 1247 1309 dicto,
1286 1260 1343 1300 sic
1376 1260 1512 1301 vocari
1544 1265 1664 1315 puta--

132 1327 267 1367 batur.
331 1325 453 1378 Quod
487 1325 663 1366 nominis
694 1324 820 1379 ipsius
850 1324 1180 1379 experimentum
1209 1340 1352 1367 sonare
1389 1327 1571 1367 creditur
1592 1326 1663 1367 ali-

132 1393 231 1447 quid
252 1392 473 1434 stridulum
500 1392 653 1432 idioma
677 1391 948 1432 Brittannicae
970 1391 1119 1445 linguae
1150 1392 1268 1433 nobis
1298 1393 1500 1448 ignotum.
1563 1393 1664 1433 Tra-¹

128 1460 237 1501 dunt
262 1459 427 1513 quidem
462 1463 622 1500 veteres
661 1457 771 1512 quod
800 1458 855 1498 ibi
888 1457 1117 1512 antiquitus
1139 1457 1274 1499 3Finc
1304 1475 1378 1500 rex
1409 1459 1665 1501 Brittanicus

132 1525 371 1575 4manserit,
414 1525 551 1579 ibique
593 1525 712 1579 plura
755 1523 930 1565 aedifieia
979 1525 1270 1566 construxerit.
1357 1526 1581 1580 Siquidem'
1610 1526 1666 1566 ibi

133 1593 208 1634 sub
243 1598 363 1634 terrae
405 1592 567 1633 occulta
603 1591 755 1646 cespite
789 1591 967 1646 plurima
996 1591 1190 1632 videntur
1225 1592 1497 1633 fundamenta
1528 1593 1666 1633 diruta

132 1674 392 1714 comparere,
431 1663 555 1713 atque
587 1658 686 1698 dum
722 1662 834 1698 terra
868 1657 1003 1708 altius,
1038 1657 1173 1712 ligone
1215 1659 1489 1714 perquirente,
1527 1659 1666 1700 subfo-

181 1780 186 1798 ¹
209 1778 342 1825 Fiant]
372 1779 467 1812 Thus
491 1778 647 1811 narrated
664 1778 697 1811 in
716 1777 772 1810 the
796 1777 957 1810 Harleian
975 1789 1185 1823 anonymous
1205 1779 1279 1812 Life
1296 1792 1302 1814 z
1331 1781 1351 1798 ‘⁴
1368 1780 1461 1813 Inter
1479 1781 1554 1815 illos
1573 1789 1666 1815 crant

134 1826 199 1858 duo
218 1827 347 1859 caeteris
365 1826 454 1858 mole
471 1832 680 1870 praestanteS,
700 1831 733 1857 et
752 1824 816 1856 Dei
836 1825 905 1856 viro
923 1824 1123 1857 familiarius
1142 1825 1351 1859 adhaerentes
1368 1840 1376 1868 3
1403 1827 1471 1871 qui,
1490 1828 1577 1861 sicut
1596 1829 1668 1874 ipsc

134 1872 308 1905 multoties
330 1872 528 1913 testabatur,
547 1883 586 1904 eo
604 1870 743 1904 sedente
760 1870 802 1903 ad
817 1871 941 1911 focum,
964 1882 999 1904 se
1026 1871 1112 1903 inter
1130 1871 1236 1916 ipsius
1254 1872 1355 1905 tibias
1373 1874 1613 1918 extendebant,
1634 1882 1666 1908 et

132 1918 298 1961 calefacti,
318 1918 536 1951 volvebantur
565 1918 599 1950 in
629 1917 745 1961 spiras„
799 1917 965 1961 Tempore
984 1917 1110 1950 mitiori
1129 1918 1288 1961 jacebant
1302 1920 1404 1962 juxta
1421 1921 1595 1964 parietem,
1611 1929 1668 1955 aut

132 1965 303 2010 repebant,
323 1971 356 1998 et
374 1964 574 2010 quandoque
586 1963 747 2007 jacebant
766 1964 894 1996 extenti
922 1975 1021 2008 super
1046 1963 1175 2008 lignum
1202 1964 1285 1997 illud
1312 1966 1401 2009 quod
1427 1966 1666 2001 domunculam

131 2011 354 2045 sustentabat.
405 2011 661 2055 Nonnunquam
683 2021 757 2043 sese
782 2010 815 2042 in
841 2009 954 2054 aliquo
974 2021 1061 2053 vase,
1080 2016 1117 2043 ut
1143 2011 1175 2043 in
1204 2010 1297 2044 disco
1316 2012 1368 2044 vel
1386 2012 1592 2057 hujusmodi,
1613 2027 1664 2048 ro-

131 2058 237 2091 tundo
255 2058 427 2091 schemate
441 2057 700 2102 componebant.
752 2056 838 2089 Cum
865 2056 928 2089 hoc
954 2057 1051 2089 annis
1076 2056 1230 2101 plurimis
1260 2058 1465 2102 pertulisset,
1484 2060 1591 2093 visum
1618 2068 1668 2094 est

131 2105 161 2138 ei
180 2105 269 2149 quod
287 2116 364 2138 suas
382 2104 603 2149 cogitationes
621 2103 662 2136 ab
681 2103 840 2136 orationis
859 2103 1112 2135 continuatione
1131 2103 1371 2145 distraherent3
1399 2112 1431 2138 et
1450 2105 1503 2139 die
1522 2107 1667 2151 quadam

133 2151 270 2184 domum
297 2150 500 2195 regrediens,
527 2150 669 2194 illosque
695 2149 881 2191 inveniens,
909 2149 995 2181 dixit
1021 2149 1064 2182 ad
1090 2161 1167 2183 eos:
1195 2150 1309 2183 ‘Nolo
1330 2157 1367 2184 ut
1392 2163 1446 2185 me
1464 2152 1605 2187 ulterius
1623 2154 1665 2187 ab

133 2197 248 2230 orandi
275 2197 446 2242 proposito
471 2196 665 2236 divellatis,'
694 2201 727 2229 et
749 2196 853 2239 jussit
881 2195 992 2228 eisne
1010 2207 1105 2228 suam
1137 2196 1274 2229 domum
1305 2198 1450 2242 amplius
1476 2199 1663 2235 introirent.

132 2243 218 2276 Mox
244 2250 353 2277 totum
383 2243 467 2276 illud
491 2254 598 2287 genus
624 2242 799 2285 abscessit,
827 2253 888 2275 nec
912 2241 1000 2274 ultra
1025 2241 1128 2274 limen
1156 2254 1244 2276 casae
1268 2245 1408 2277 transire
1432 2248 1662 2292 praesurnpsit.

133 2290 227 2323 Duos
254 2291 423 2323 maximos
448 2289 521 2335 ipse
545 2300 650 2322 manu
674 2300 732 2334 per
758 2288 882 2321 collum
909 2288 1180 2333 comprehensos,
1207 2289 1330 2323 blande
1355 2290 1539 2336 leviterque
1557 2300 1664 2327 trans-

129 2337 254 2382 posuit,
288 2337 346 2381 qui
378 2336 485 2369 sancti
518 2335 661 2381 pedibus
696 2335 806 2380 capita
839 2334 1051 2378 inclinantes,
1087 2335 1180 2379 quasi
1215 2336 1384 2380 postulata
1417 2337 1664 2383 benedictione,

130 2382 343 2418 discedunt.”

177 2430 189 2449 2
216 2429 255 2462 In
273 2429 331 2462 the
350 2429 444 2462 Harl.
463 2429 539 2461 Ms.
557 2428 694 2473 chapter
713 2427 838 2461 XXII.

179 2477 191 2496 ³
212 2475 326 2521 Fine]
367 2475 488 2518 Finch,
511 2474 580 2516 H,
615 2474 695 2507 here
722 2474 788 2507 and
818 2472 1051 2517 immediately
1080 2474 1287 2508 afterwards.
1338 2476 1371 2509 It
1399 2477 1427 2510 is
1454 2477 1577 2511 almost
1605 2491 1666 2511 un-

131 2533 309 2567 necessary
327 2529 361 2555 to
379 2521 445 2555 add
462 2521 535 2554 that
553 2521 620 2553 this
638 2520 832 2565 etymology
850 2520 878 2552 is
904 2519 1113 2553 unfounded.
1163 2521 1221 2554 No
1240 2522 1335 2555 other
1352 2523 1523 2563 authority
1541 2525 1591 2557 for
1609 2525 1666 2558 the

134 2569 308 2601 existence
325 2568 363 2601 of
375 2568 443 2601 this
469 2567 599 2600 British
616 2567 698 2611 king
716 2567 743 2599 is
768 2566 903 2599 known.
955 2566 1028 2599 The
1046 2577 1138 2599 more
1155 2567 1316 2611 probable
1334 2563 1529 2614 etymolog-'v
1547 2571 1574 2603 is
1593 2571 1665 2604 that

135 2614 245 2647 which
263 2614 435 2648 considers
453 2614 479 2647 it
497 2625 533 2646 as
551 2613 608 2646 the
626 2614 732 2657 lwuglz
759 2624 795 2645 or
817 2612 908 2657 plain
927 2612 964 2644 of
985 2612 1042 2645 the
1057 2612 1197 2657 finches.
1249 2614 1462 2660 Concerning·
1484 2609 1541 2648 the
1568 2617 1667 2650 latter

133 2660 223 2693 word
242 2661 335 2694 there
354 2661 381 2693 is
400 2672 442 2693 no
467 2659 643 2704 difficulty,
667 2659 733 2692 and
755 2658 812 2691 the
830 2659 953 2691 former
975 2659 1004 2691 is
1027 2658 1106 2691 thus
1125 2659 1305 2704 explained
1324 2661 1369 2706 by
1388 2661 1447 2694 Dr.
1467 2662 1640 2696 Jamieson
1659 2677 1665 2698 1

137 2707 157 2724 ‘⁶
173 2706 310 2751 Haugh,
329 2706 506 2751 low—lying
523 2706 582 2738 flat
598 2705 739 2750 ground,
758 2704 914 2750 properly
928 2716 971 2737 on
988 2704 1045 2737 the
1062 2705 1183 2738 bordei·
1201 2707 1239 2739 of
1252 2718 1270 2739 a
1288 2707 1384 2750 river,
1403 2707 1467 2740 and
1486 2708 1569 2741 such
1587 2722 1623 2742 as
1638 2711 1666 2743 is

136 2753 329 2786 sometimes
348 2752 558 2786 overflowed.
609 2752 710 2785 From
729 2750 787 2784 the
807 2751 906 2784 Teut.
924 2763 991 2784 (αι-ε
1008 2750 1073 2783 and
1098 2763 1191 2796 auge,
1217 2759 1361 2796 pratum,
1380 2765 1553 2797 pascuum,
1572 2755 1667 2789 locus

135 2810 281 2843 pascuus
299 2806 332 2832 et
355 2798 527 2841 convallis,
547 2798 659 2842 qualia
675 2797 752 2830 loca
776 2797 864 2830 inter
887 2804 1020 2830 montes
1038 2803 1069 2829 et
1088 2809 1204 2830 amnes
1223 2799 1412 2833 visuntur-‚⁷³
1464 2800 1551 2833 How
1569 2814 1668 2835 accu-

136 2844 243 2889 rately
267 2845 334 2878 this
360 2845 530 2878 coincides
548 2844 630 2877 with
655 2844 711 2877 the
737 2843 875 2887 locality
894 2844 931 2876 of
954 2843 1117 2876 Finchale
1145 2844 1173 2876 is
1198 2844 1337 2878 obvious
1364 2845 1449 2878 from
1474 2847 1669 2892 Reginald's

137 2890 340 2935 description
356 2904 363 2932 ;
391 2903 446 2924 see
466 2888 505 2936 ἓξ
523 2893 580 2933 50,
599 2893 654 2933 53,
673 2892 730 2933 58,
749 2890 805 2931 97,
827 2893 905 2922 105.

184 2939 193 2955 ⁴
216 2936 411 2982 stlmzserit]
440 2937 624 2980 Manserat,
648 2936 694 2970 Η.
