<?xml version="1.0" encoding="UTF-8"?>
<!DOCTYPE html PUBLIC "-//W3C//DTD XHTML 1.0 Transitional//EN"
    "http://www.w3.org/TR/xhtml1/DTD/xhtml1-transitional.dtd">
<html xmlns="http://www.w3.org/1999/xhtml" xml:lang="en" lang="en">
 <head>
  <title>
</title>
<meta http-equiv="Content-Type" content="text/html;charset=utf-8" />
  <meta name='ocr-system' content='tesseract 3.04.00' />
  <meta name='ocr-capabilities' content='ocr_page ocr_carea ocr_par ocr_line ocrx_word'/>
</head>
<body>
  <div class='ocr_page' id='page_1' title='image "./libellusdevitaet00regi/libellusdevitaet00regi_0152.png"; bbox 0 0 1839 3186; ppageno 0'>
   <div class='ocr_carea' id='block_1_1' title="bbox 203 155 1205 199">
    <p class='ocr_par' dir='ltr' id='par_1_1' title="bbox 203 155 1205 199">
     <span class='ocr_line' id='line_1_1' title="bbox 203 155 1205 199; baseline 0.003 -4"><span class='ocrx_word' id='word_1_1' title='bbox 203 155 283 195; x_wconf 88' lang='lat'>106</span> <span class='ocrx_word' id='word_1_2' title='bbox 718 166 951 199; x_wconf 80' lang='lat' dir='ltr'>LIBELLUs</span> <span class='ocrx_word' id='word_1_3' title='bbox 988 167 1052 197; x_wconf 83' lang='lat' dir='ltr'>DE</span> <span class='ocrx_word' id='word_1_4' title='bbox 1088 167 1205 198; x_wconf 87' lang='lat' dir='ltr'><strong>VITA</strong></span> 
     </span>
    </p>
   </div>
   <div class='ocr_carea' id='block_1_2' title="bbox 198 267 1737 2173">
    <p class='ocr_par' dir='ltr' id='par_1_2' title="bbox 199 267 1737 457">
     <span class='ocr_line' id='line_1_2' title="bbox 199 267 1737 325; baseline 0.003 -17"><span class='ocrx_word' id='word_1_5' title='bbox 199 269 323 309; x_wconf 87' lang='lat' dir='ltr'>turba</span> <span class='ocrx_word' id='word_1_6' title='bbox 343 283 425 309; x_wconf 90' lang='lat' dir='ltr'>non</span> <span class='ocrx_word' id='word_1_7' title='bbox 450 267 613 309; x_wconf 87' lang='lat' dir='ltr'>modica</span> <span class='ocrx_word' id='word_1_8' title='bbox 637 268 650 289; x_wconf 77' lang='lat'>¹</span> <span class='ocrx_word' id='word_1_9' title='bbox 668 269 894 324; x_wconf 77' lang='lat' dir='ltr'>repperisse</span> <span class='ocrx_word' id='word_1_10' title='bbox 916 269 1182 311; x_wconf 83' lang='lat' dir='ltr'>festinabant.</span> <span class='ocrx_word' id='word_1_11' title='bbox 1229 269 1455 325; x_wconf 86' lang='lat' dir='ltr'>Perpaucis</span> <span class='ocrx_word' id='word_1_12' title='bbox 1476 286 1572 312; x_wconf 89' lang='lat' dir='ltr'>vero</span> <span class='ocrx_word' id='word_1_13' title='bbox 1593 270 1737 313; x_wconf 89' lang='lat' dir='ltr'>diebus</span> 
     </span>
     <span class='ocr_line' id='line_1_3' title="bbox 199 335 1734 391; baseline 0.002 -16"><span class='ocrx_word' id='word_1_14' title='bbox 199 335 386 385; x_wconf 87' lang='lat' dir='ltr'>evolutis,</span> <span class='ocrx_word' id='word_1_15' title='bbox 424 350 625 388; x_wconf 87' lang='lat' dir='ltr'>aquarum</span> <span class='ocrx_word' id='word_1_16' title='bbox 668 335 832 376; x_wconf 90' lang='lat' dir='ltr'>illarum</span> <span class='ocrx_word' id='word_1_17' title='bbox 866 336 1067 377; x_wconf 87' lang='lat' dir='ltr'>diluvium</span> <span class='ocrx_word' id='word_1_18' title='bbox 1105 336 1321 391; x_wconf 82' lang='lat' dir='ltr'>praeteriit,</span> <span class='ocrx_word' id='word_1_19' title='bbox 1357 342 1398 378; x_wconf 90' lang='lat' dir='ltr'>et</span> <span class='ocrx_word' id='word_1_20' title='bbox 1433 337 1493 379; x_wconf 89' lang='lat' dir='ltr'>vir</span> <span class='ocrx_word' id='word_1_21' title='bbox 1533 337 1613 378; x_wconf 91' lang='lat' dir='ltr'>Dei</span> <span class='ocrx_word' id='word_1_22' title='bbox 1643 353 1734 379; x_wconf 87' lang='grc'>011111</span> 
     </span>
     <span class='ocr_line' id='line_1_4' title="bbox 199 401 1308 457; baseline 0 -15"><span class='ocrx_word' id='word_1_23' title='bbox 199 401 389 443; x_wconf 84' lang='lat' dir='ltr'>omnibus</span> <span class='ocrx_word' id='word_1_24' title='bbox 414 401 604 443; x_wconf 78' lang='lat' dir='ltr'>domibus</span> <span class='ocrx_word' id='word_1_25' title='bbox 628 402 710 443; x_wconf 88' lang='lat' dir='ltr'>suis</span> <span class='ocrx_word' id='word_1_26' title='bbox 732 402 885 444; x_wconf 78' lang='lat' dir='ltr'>illaesus</span> <span class='ocrx_word' id='word_1_27' title='bbox 905 402 1080 444; x_wconf 85' lang='lat' dir='ltr'>evasisse</span> <span class='ocrx_word' id='word_1_28' title='bbox 1102 402 1308 457; x_wconf 86' lang='lat' dir='ltr'>apparuit.</span> 
     </span>
    </p>

    <p class='ocr_par' dir='ltr' id='par_1_3' title="bbox 198 467 1736 1984">
     <span class='ocr_line' id='line_1_5' title="bbox 259 467 1735 524; baseline 0.001 -14"><span class='ocrx_word' id='word_1_29' title='bbox 259 469 281 522; x_wconf 56' lang='grc' dir='ltr'><strong><em>ξ</em></strong></span> <span class='ocrx_word' id='word_1_30' title='bbox 303 470 372 510; x_wconf 87' lang='grc'>99.</span> <span class='ocrx_word' id='word_1_31' title='bbox 410 467 528 508; x_wconf 88' lang='lat' dir='ltr'>Tune</span> <span class='ocrx_word' id='word_1_32' title='bbox 561 469 850 510; x_wconf 82' lang='lat' dir='ltr'>convenientes</span> <span class='ocrx_word' id='word_1_33' title='bbox 876 469 998 510; x_wconf 84' lang='lat' dir='ltr'>amici</span> <span class='ocrx_word' id='word_1_34' title='bbox 1034 469 1183 522; x_wconf 88' lang='lat' dir='ltr'>quique</span> <span class='ocrx_word' id='word_1_35' title='bbox 1205 467 1292 524; x_wconf 83' lang='lat' dir='ltr'>ejus</span> <span class='ocrx_word' id='word_1_36' title='bbox 1322 468 1516 524; x_wconf 81' lang='lat' dir='ltr'>proximi,</span> <span class='ocrx_word' id='word_1_37' title='bbox 1541 470 1735 524; x_wconf 72' lang='lat' dir='ltr'>quaesiere</span> 
     </span>
     <span class='ocr_line' id='line_1_6' title="bbox 200 533 1733 589; baseline 0.002 -15"><span class='ocrx_word' id='word_1_38' title='bbox 200 534 405 587; x_wconf 88' lang='lat' dir='ltr'>quomodo</span> <span class='ocrx_word' id='word_1_39' title='bbox 446 534 554 575; x_wconf 89' lang='lat' dir='ltr'>inter</span> <span class='ocrx_word' id='word_1_40' title='bbox 593 540 658 575; x_wconf 87' lang='lat' dir='ltr'>tot</span> <span class='ocrx_word' id='word_1_41' title='bbox 703 550 903 589; x_wconf 85' lang='lat' dir='ltr'>aquarum</span> <span class='ocrx_word' id='word_1_42' title='bbox 943 533 1100 575; x_wconf 87' lang='lat' dir='ltr'>fluenta</span> <span class='ocrx_word' id='word_1_43' title='bbox 1138 535 1342 589; x_wconf 88' lang='lat' dir='ltr'>potuisset</span> <span class='ocrx_word' id='word_1_44' title='bbox 1385 535 1536 577; x_wconf 81' lang='lat' dir='ltr'>illaesus</span> <span class='ocrx_word' id='word_1_45' title='bbox 1577 536 1733 578; x_wconf 86' lang='lat' dir='ltr'>haberi.</span> 
     </span>
     <span class='ocr_line' id='line_1_7' title="bbox 200 600 1735 656; baseline 0.001 -15"><span class='ocrx_word' id='word_1_46' title='bbox 200 600 360 653; x_wconf 72' lang='lat' dir='ltr'>Quibus</span> <span class='ocrx_word' id='word_1_47' title='bbox 381 600 448 642; x_wconf 91' lang='grc'>1110</span> <span class='ocrx_word' id='word_1_48' title='bbox 468 601 718 655; x_wconf 87' lang='lat' dir='ltr'>respondens</span> <span class='ocrx_word' id='word_1_49' title='bbox 754 601 873 652; x_wconf 81' lang='lat' dir='ltr'>dixit,</span> <span class='ocrx_word' id='word_1_50' title='bbox 911 600 1060 641; x_wconf 79' lang='lat' dir='ltr'>“Vere</span> <span class='ocrx_word' id='word_1_51' title='bbox 1090 616 1165 642; x_wconf 88' lang='grc'>1100</span> <span class='ocrx_word' id='word_1_52' title='bbox 1195 601 1317 643; x_wconf 88' lang='grc'>11111115</span> <span class='ocrx_word' id='word_1_53' title='bbox 1346 606 1484 656; x_wconf 87' lang='lat' dir='ltr'>guttae</span> <span class='ocrx_word' id='word_1_54' title='bbox 1524 602 1635 643; x_wconf 83' lang='lat' dir='ltr'>stilla</span> <span class='ocrx_word' id='word_1_55' title='bbox 1669 617 1735 643; x_wconf 88' lang='lat' dir='ltr'>me</span> 
     </span>
     <span class='ocr_line' id='line_1_8' title="bbox 198 666 1736 723; baseline 0.002 -16"><span class='ocrx_word' id='word_1_56' title='bbox 198 668 263 708; x_wconf 88' lang='lat' dir='ltr'>vel</span> <span class='ocrx_word' id='word_1_57' title='bbox 289 667 436 709; x_wconf 88' lang='lat' dir='ltr'>domus</span> <span class='ocrx_word' id='word_1_58' title='bbox 456 667 557 709; x_wconf 87' lang='lat' dir='ltr'>istas</span> <span class='ocrx_word' id='word_1_59' title='bbox 579 666 753 722; x_wconf 89' lang='lat' dir='ltr'>contigit</span> <span class='ocrx_word' id='word_1_60' title='bbox 773 685 784 716; x_wconf 79' lang='lat'>3</span> <span class='ocrx_word' id='word_1_61' title='bbox 819 667 892 708; x_wconf 89' lang='lat' dir='ltr'>sed</span> <span class='ocrx_word' id='word_1_62' title='bbox 907 682 1038 721; x_wconf 88' lang='lat' dir='ltr'>neque</span> <span class='ocrx_word' id='word_1_63' title='bbox 1060 667 1298 722; x_wconf 85' lang='lat' dir='ltr'>pavimenta</span> <span class='ocrx_word' id='word_1_64' title='bbox 1320 668 1384 708; x_wconf 88' lang='lat' dir='ltr'>vel</span> <span class='ocrx_word' id='word_1_65' title='bbox 1406 682 1535 717; x_wconf 82' lang='lat' dir='ltr'>areas,</span> <span class='ocrx_word' id='word_1_66' title='bbox 1556 668 1736 723; x_wconf 84' lang='lat' dir='ltr'>parietes</span> 
     </span>
     <span class='ocr_line' id='line_1_9' title="bbox 199 732 1735 789; baseline 0.001 -15"><span class='ocrx_word' id='word_1_67' title='bbox 199 748 271 774; x_wconf 90' lang='lat' dir='ltr'>seu</span> <span class='ocrx_word' id='word_1_68' title='bbox 294 738 422 782; x_wconf 86' lang='lat' dir='ltr'>tecta,</span> <span class='ocrx_word' id='word_1_69' title='bbox 457 738 504 774; x_wconf 89' lang='lat' dir='ltr'>ut</span> <span class='ocrx_word' id='word_1_70' title='bbox 533 748 605 775; x_wconf 89' lang='lat' dir='ltr'>vos</span> <span class='ocrx_word' id='word_1_71' title='bbox 630 732 720 775; x_wconf 85' lang='lat' dir='ltr'>visu</span> <span class='ocrx_word' id='word_1_72' title='bbox 751 734 926 788; x_wconf 89' lang='lat' dir='ltr'>probare</span> <span class='ocrx_word' id='word_1_73' title='bbox 959 733 1146 788; x_wconf 83' lang='lat' dir='ltr'>potestis,</span> <span class='ocrx_word' id='word_1_74' title='bbox 1169 733 1234 774; x_wconf 88' lang='lat' dir='ltr'>vel</span> <span class='ocrx_word' id='word_1_75' title='bbox 1256 733 1369 774; x_wconf 91' lang='lat' dir='ltr'>tenui</span> <span class='ocrx_word' id='word_1_76' title='bbox 1391 733 1551 775; x_wconf 88' lang='lat' dir='ltr'>sudoris</span> <span class='ocrx_word' id='word_1_77' title='bbox 1581 734 1735 789; x_wconf 83' lang='lat' dir='ltr'>uligine</span> 
     </span>
     <span class='ocr_line' id='line_1_10' title="bbox 198 799 1734 854; baseline 0.001 -14"><span class='ocrx_word' id='word_1_78' title='bbox 198 799 434 840; x_wconf 75' lang='lat' dir='ltr'>madefecit.</span> <span class='ocrx_word' id='word_1_79' title='bbox 507 799 591 840; x_wconf 82' lang='lat' dir='ltr'>Sed</span> <span class='ocrx_word' id='word_1_80' title='bbox 623 814 754 853; x_wconf 84' lang='lat' dir='ltr'>neque</span> <span class='ocrx_word' id='word_1_81' title='bbox 777 815 852 854; x_wconf 89' lang='lat' dir='ltr'>ego</span> <span class='ocrx_word' id='word_1_82' title='bbox 877 799 972 841; x_wconf 79' lang='lat' dir='ltr'>novi</span> <span class='ocrx_word' id='word_1_83' title='bbox 996 799 1105 853; x_wconf 89' lang='lat' dir='ltr'>quod</span> <span class='ocrx_word' id='word_1_84' title='bbox 1126 799 1264 853; x_wconf 87' lang='lat' dir='ltr'>aliqua</span> <span class='ocrx_word' id='word_1_85' title='bbox 1285 815 1486 854; x_wconf 87' lang='lat' dir='ltr'>aquarum</span> <span class='ocrx_word' id='word_1_86' title='bbox 1508 800 1734 841; x_wconf 87' lang='lat' dir='ltr'>multitudo</span> 
     </span>
     <span class='ocr_line' id='line_1_11' title="bbox 198 865 1733 920; baseline 0.001 -14"><span class='ocrx_word' id='word_1_87' title='bbox 198 866 265 906; x_wconf 97' lang='grc'>1110</span> <span class='ocrx_word' id='word_1_88' title='bbox 299 865 507 907; x_wconf 76' lang='lat' dir='ltr'>exstiterit</span> <span class='ocrx_word' id='word_1_89' title='bbox 543 871 766 920; x_wconf 75' lang='lat' dir='ltr'>antequam</span> <span class='ocrx_word' id='word_1_90' title='bbox 799 866 842 906; x_wconf 91' lang='lat' dir='ltr'>id</span> <span class='ocrx_word' id='word_1_91' title='bbox 871 865 973 907; x_wconf 87' lang='lat' dir='ltr'>mihi</span> <span class='ocrx_word' id='word_1_92' title='bbox 993 870 1132 907; x_wconf 82' lang='lat' dir='ltr'>vestra.</span> <span class='ocrx_word' id='word_1_93' title='bbox 1164 866 1297 920; x_wconf 89' lang='lat' dir='ltr'>pietas</span> <span class='ocrx_word' id='word_1_94' title='bbox 1330 866 1487 907; x_wconf 87' lang='lat' dir='ltr'>sincera</span> <span class='ocrx_word' id='word_1_95' title='bbox 1520 867 1733 909; x_wconf 84' lang='lat' dir='ltr'>revelavit.</span> 
     </span>
     <span class='ocr_line' id='line_1_12' title="bbox 201 931 1733 987; baseline 0.001 -15"><span class='ocrx_word' id='word_1_96' title='bbox 201 932 308 973; x_wconf 87' lang='lat' dir='ltr'>Toto</span> <span class='ocrx_word' id='word_1_97' title='bbox 334 932 500 986; x_wconf 84' lang='lat' dir='ltr'>quidem</span> <span class='ocrx_word' id='word_1_98' title='bbox 521 932 599 973; x_wconf 90' lang='lat' dir='ltr'>hoc</span> <span class='ocrx_word' id='word_1_99' title='bbox 621 932 753 987; x_wconf 88' lang='lat' dir='ltr'>spatio</span> <span class='ocrx_word' id='word_1_100' title='bbox 775 932 973 987; x_wconf 86' lang='lat' dir='ltr'>temporis</span> <span class='ocrx_word' id='word_1_101' title='bbox 994 931 1282 973; x_wconf 62' lang='grc'>201551011101110111</span> <span class='ocrx_word' id='word_1_102' title='bbox 1306 932 1550 974; x_wconf 79' lang='lat' dir='ltr'>instantiam</span> <span class='ocrx_word' id='word_1_103' title='bbox 1574 933 1733 975; x_wconf 81' lang='lat' dir='ltr'>3solitae</span> 
     </span>
     <span class='ocr_line' id='line_1_13' title="bbox 198 998 1734 1054; baseline 0.001 -15"><span class='ocrx_word' id='word_1_104' title='bbox 198 999 435 1040; x_wconf 56' lang='grc' dir='ltr'>0101101115.π</span> <span class='ocrx_word' id='word_1_105' title='bbox 506 999 712 1040; x_wconf 89' lang='lat' dir='ltr'>Videntes</span> <span class='ocrx_word' id='word_1_106' title='bbox 744 999 871 1054; x_wconf 88' lang='lat' dir='ltr'>igitur</span> <span class='ocrx_word' id='word_1_107' title='bbox 906 998 1045 1039; x_wconf 84' lang='lat' dir='ltr'>omnia</span> <span class='ocrx_word' id='word_1_108' title='bbox 1080 998 1167 1054; x_wconf 87' lang='lat' dir='ltr'>ejus</span> <span class='ocrx_word' id='word_1_109' title='bbox 1198 999 1305 1039; x_wconf 84' lang='lat' dir='ltr'>sicca</span> <span class='ocrx_word' id='word_1_110' title='bbox 1335 999 1473 1048; x_wconf 84' lang='lat' dir='ltr'>fuisse,</span> <span class='ocrx_word' id='word_1_111' title='bbox 1506 1004 1547 1040; x_wconf 91' lang='lat' dir='ltr'>et</span> <span class='ocrx_word' id='word_1_112' title='bbox 1581 1015 1657 1040; x_wconf 94' lang='grc'>1100</span> <span class='ocrx_word' id='word_1_113' title='bbox 1692 999 1734 1041; x_wconf 89' lang='grc'>111</span> 
     </span>
     <span class='ocr_line' id='line_1_14' title="bbox 199 1065 1733 1120; baseline 0.001 -14"><span class='ocrx_word' id='word_1_114' title='bbox 199 1066 334 1119; x_wconf 86' lang='lat' dir='ltr'>aliquo</span> <span class='ocrx_word' id='word_1_115' title='bbox 376 1065 587 1120; x_wconf 88' lang='lat' dir='ltr'>quippiam</span> <span class='ocrx_word' id='word_1_116' title='bbox 621 1065 785 1106; x_wconf 88' lang='lat' dir='ltr'>illorum</span> <span class='ocrx_word' id='word_1_117' title='bbox 823 1065 1044 1115; x_wconf 73' lang='lat' dir='ltr'>maduisse,</span> <span class='ocrx_word' id='word_1_118' title='bbox 1086 1080 1312 1120; x_wconf 88' lang='lat' dir='ltr'>cognovere</span> <span class='ocrx_word' id='word_1_119' title='bbox 1356 1065 1473 1106; x_wconf 88' lang='lat' dir='ltr'>illum</span> <span class='ocrx_word' id='word_1_120' title='bbox 1510 1081 1605 1107; x_wconf 87' lang='lat' dir='ltr'>vere</span> <span class='ocrx_word' id='word_1_121' title='bbox 1652 1065 1733 1107; x_wconf 89' lang='lat' dir='ltr'>Dei</span> 
     </span>
     <span class='ocr_line' id='line_1_15' title="bbox 200 1131 1733 1185; baseline 0.001 -13"><span class='ocrx_word' id='word_1_122' title='bbox 200 1131 363 1173; x_wconf 89' lang='lat' dir='ltr'>fidelem</span> <span class='ocrx_word' id='word_1_123' title='bbox 386 1146 548 1174; x_wconf 87' lang='lat' dir='ltr'>servum</span> <span class='ocrx_word' id='word_1_124' title='bbox 570 1132 781 1174; x_wconf 75' lang='lat' dir='ltr'>exsistere.</span> <span class='ocrx_word' id='word_1_125' title='bbox 845 1132 956 1172; x_wconf 85' lang='lat' dir='ltr'>Vere</span> <span class='ocrx_word' id='word_1_126' title='bbox 985 1131 1151 1185; x_wconf 85' lang='lat' dir='ltr'>quidem</span> <span class='ocrx_word' id='word_1_127' title='bbox 1183 1131 1264 1172; x_wconf 90' lang='lat' dir='ltr'>Dei</span> <span class='ocrx_word' id='word_1_128' title='bbox 1298 1147 1438 1173; x_wconf 89' lang='lat' dir='ltr'>servus</span> <span class='ocrx_word' id='word_1_129' title='bbox 1464 1132 1733 1174; x_wconf 86' lang='lat' dir='ltr'>electissimus</span> 
     </span>
     <span class='ocr_line' id='line_1_16' title="bbox 200 1197 1732 1252; baseline 0 -13"><span class='ocrx_word' id='word_1_130' title='bbox 200 1203 299 1249; x_wconf 88' lang='lat' dir='ltr'>erat,</span> <span class='ocrx_word' id='word_1_131' title='bbox 323 1213 445 1252; x_wconf 88' lang='lat' dir='ltr'>quem</span> <span class='ocrx_word' id='word_1_132' title='bbox 470 1203 591 1240; x_wconf 82' lang='lat' dir='ltr'>tanta</span> <span class='ocrx_word' id='word_1_133' title='bbox 613 1198 831 1239; x_wconf 86' lang='lat' dir='ltr'>inundatio</span> <span class='ocrx_word' id='word_1_134' title='bbox 854 1198 1168 1240; x_wconf 87' lang='lat' dir='ltr'>circumvallans</span> <span class='ocrx_word' id='word_1_135' title='bbox 1190 1197 1344 1239; x_wconf 85' lang='lat' dir='ltr'>circum</span> <span class='ocrx_word' id='word_1_136' title='bbox 1376 1204 1622 1252; x_wconf 86' lang='lat' dir='ltr'>operuerat;</span> <span class='ocrx_word' id='word_1_137' title='bbox 1656 1213 1732 1239; x_wconf 89' lang='grc'>1100</span> 
     </span>
     <span class='ocr_line' id='line_1_17' title="bbox 200 1264 1732 1320; baseline 0 -15"><span class='ocrx_word' id='word_1_138' title='bbox 200 1270 340 1306; x_wconf 88' lang='lat' dir='ltr'>tamen</span> <span class='ocrx_word' id='word_1_139' title='bbox 362 1266 398 1306; x_wconf 89' lang='lat' dir='ltr'>ei</span> <span class='ocrx_word' id='word_1_140' title='bbox 422 1265 464 1305; x_wconf 92' lang='lat' dir='ltr'>in</span> <span class='ocrx_word' id='word_1_141' title='bbox 488 1265 625 1319; x_wconf 85' lang='lat' dir='ltr'>aliquo</span> <span class='ocrx_word' id='word_1_142' title='bbox 644 1265 863 1320; x_wconf 78' lang='lat' dir='ltr'>contigisse</span> <span class='ocrx_word' id='word_1_143' title='bbox 876 1265 941 1306; x_wconf 90' lang='lat' dir='ltr'>vel</span> <span class='ocrx_word' id='word_1_144' title='bbox 963 1279 1036 1305; x_wconf 86' lang='lat' dir='ltr'>sua</span> <span class='ocrx_word' id='word_1_145' title='bbox 1056 1264 1207 1305; x_wconf 79' lang='lat' dir='ltr'>laesisse</span> <span class='ocrx_word' id='word_1_146' title='bbox 1228 1270 1564 1319; x_wconf 83' lang='lat' dir='ltr'>praesuinpserat.</span> <span class='ocrx_word' id='word_1_147' title='bbox 1600 1264 1732 1305; x_wconf 82' lang='lat' dir='ltr'>4Haec</span> 
     </span>
     <span class='ocr_line' id='line_1_18' title="bbox 200 1329 1731 1386; baseline 0.001 -15"><span class='ocrx_word' id='word_1_148' title='bbox 200 1331 267 1372; x_wconf 91' lang='lat' dir='ltr'>ille</span> <span class='ocrx_word' id='word_1_149' title='bbox 287 1331 404 1373; x_wconf 90' lang='lat' dir='ltr'>nobis</span> <span class='ocrx_word' id='word_1_150' title='bbox 424 1332 567 1372; x_wconf 89' lang='lat' dir='ltr'>retulit</span> <span class='ocrx_word' id='word_1_151' title='bbox 596 1331 664 1386; x_wconf 88' lang='lat' dir='ltr'>qui</span> <span class='ocrx_word' id='word_1_152' title='bbox 688 1332 770 1373; x_wconf 86' lang='lat' dir='ltr'>ista</span> <span class='ocrx_word' id='word_1_153' title='bbox 801 1331 917 1373; x_wconf 88' lang='lat' dir='ltr'>novit</span> <span class='ocrx_word' id='word_1_154' title='bbox 943 1336 983 1372; x_wconf 88' lang='lat' dir='ltr'>et</span> <span class='ocrx_word' id='word_1_155' title='bbox 1004 1331 1123 1381; x_wconf 88' lang='lat' dir='ltr'>vidit,</span> <span class='ocrx_word' id='word_1_156' title='bbox 1149 1329 1371 1371; x_wconf 86' lang='lat' dir='ltr'>Wibertus</span> <span class='ocrx_word' id='word_1_157' title='bbox 1390 1330 1579 1373; x_wconf 84' lang='lat' dir='ltr'>videlicet</span> <span class='ocrx_word' id='word_1_158' title='bbox 1600 1332 1731 1382; x_wconf 77' lang='lat' dir='ltr'>miles⁷</span> 
     </span>
     <span class='ocr_line' id='line_1_19' title="bbox 199 1396 1731 1452; baseline -0.001 -14"><span class='ocrx_word' id='word_1_159' title='bbox 199 1412 326 1452; x_wconf 88' lang='lat' dir='ltr'>nepos</span> <span class='ocrx_word' id='word_1_160' title='bbox 364 1396 379 1419; x_wconf 85' lang='lat'>⁵</span> <span class='ocrx_word' id='word_1_161' title='bbox 388 1397 584 1438; x_wconf 80' lang='lat' dir='ltr'>Rannulfi</span> <span class='ocrx_word' id='word_1_162' title='bbox 624 1398 914 1447; x_wconf 80' lang='lat' dir='ltr'>archidiaconi,</span> <span class='ocrx_word' id='word_1_163' title='bbox 953 1413 1075 1451; x_wconf 86' lang='lat' dir='ltr'>quem</span> <span class='ocrx_word' id='word_1_164' title='bbox 1119 1396 1345 1438; x_wconf 72' lang='lat' dir='ltr'>Graufridus</span> <span class='ocrx_word' id='word_1_165' title='bbox 1383 1397 1596 1452; x_wconf 89' lang='lat' dir='ltr'>episeopus</span> <span class='ocrx_word' id='word_1_166' title='bbox 1637 1412 1731 1439; x_wconf 85' lang='lat' dir='ltr'>cum</span> 
     </span>
     <span class='ocr_line' id='line_1_20' title="bbox 200 1459 1731 1519; baseline 0 -15"><span class='ocrx_word' id='word_1_167' title='bbox 200 1464 290 1505; x_wconf 89' lang='lat' dir='ltr'>aliis</span> <span class='ocrx_word' id='word_1_168' title='bbox 310 1464 512 1505; x_wconf 87' lang='lat' dir='ltr'>militibus</span> <span class='ocrx_word' id='word_1_169' title='bbox 536 1469 576 1505; x_wconf 92' lang='lat' dir='ltr'>et</span> <span class='ocrx_word' id='word_1_170' title='bbox 601 1464 720 1506; x_wconf 88' lang='lat' dir='ltr'>sociis</span> <span class='ocrx_word' id='word_1_171' title='bbox 758 1465 809 1505; x_wconf 92' lang='lat' dir='ltr'>ob</span> <span class='ocrx_word' id='word_1_172' title='bbox 840 1463 1130 1518; x_wconf 88' lang='lat' dir='ltr'>inquirendum</span> <span class='ocrx_word' id='word_1_173' title='bbox 1152 1478 1299 1518; x_wconf 87' lang='lat' dir='ltr'>corpus</span> <span class='ocrx_word' id='word_1_174' title='bbox 1331 1463 1406 1505; x_wconf 85' lang='lat' dir='ltr'>viri</span> <span class='ocrx_word' id='word_1_175' title='bbox 1429 1463 1525 1513; x_wconf 79' lang='lat' dir='ltr'>Dei,</span> <span class='ocrx_word' id='word_1_176' title='bbox 1548 1459 1618 1506; x_wconf 82' lang='lat' dir='ltr'>6ut</span> <span class='ocrx_word' id='word_1_177' title='bbox 1642 1479 1731 1519; x_wconf 83' lang='lat' dir='ltr'>spe-</span> 
     </span>
     <span class='ocr_line' id='line_1_21' title="bbox 199 1528 1731 1585; baseline 0.001 -14"><span class='ocrx_word' id='word_1_178' title='bbox 199 1531 383 1581; x_wconf 84' lang='lat' dir='ltr'>rabatur,</span> <span class='ocrx_word' id='word_1_179' title='bbox 421 1528 513 1585; x_wconf 83' lang='lat' dir='ltr'>jain</span> <span class='ocrx_word' id='word_1_180' title='bbox 547 1529 741 1572; x_wconf 86' lang='lat' dir='ltr'>fluetibus</span> <span class='ocrx_word' id='word_1_181' title='bbox 779 1531 975 1585; x_wconf 72' lang='lat' dir='ltr'>absorpti,</span> <span class='ocrx_word' id='word_1_182' title='bbox 1012 1530 1081 1571; x_wconf 88' lang='lat' dir='ltr'>illo</span> <span class='ocrx_word' id='word_1_183' title='bbox 1117 1535 1217 1570; x_wconf 89' lang='lat' dir='ltr'>tunc</span> <span class='ocrx_word' id='word_1_184' title='bbox 1258 1535 1444 1585; x_wconf 84' lang='lat' dir='ltr'>tempore</span> <span class='ocrx_word' id='word_1_185' title='bbox 1481 1545 1528 1571; x_wconf 92' lang='lat' dir='ltr'>eo</span> <span class='ocrx_word' id='word_1_186' title='bbox 1564 1531 1731 1572; x_wconf 79' lang='lat' dir='ltr'>direxit.</span> 
     </span>
     <span class='ocr_line' id='line_1_22' title="bbox 202 1596 1732 1649; baseline 0 -12"><span class='ocrx_word' id='word_1_187' title='bbox 202 1597 303 1649; x_wconf 77' lang='lat' dir='ltr'>Quae</span> <span class='ocrx_word' id='word_1_188' title='bbox 325 1597 464 1638; x_wconf 86' lang='lat' dir='ltr'>omnia</span> <span class='ocrx_word' id='word_1_189' title='bbox 481 1612 579 1639; x_wconf 85' lang='lat' dir='ltr'>Vera</span> <span class='ocrx_word' id='word_1_190' title='bbox 609 1597 732 1638; x_wconf 87' lang='lat' dir='ltr'>fuisse</span> <span class='ocrx_word' id='word_1_191' title='bbox 768 1612 907 1638; x_wconf 87' lang='lat' dir='ltr'>coram</span> <span class='ocrx_word' id='word_1_192' title='bbox 939 1596 1081 1638; x_wconf 88' lang='lat' dir='ltr'>multis</span> <span class='ocrx_word' id='word_1_193' title='bbox 1111 1596 1300 1645; x_wconf 86' lang='lat' dir='ltr'>testibus,</span> <span class='ocrx_word' id='word_1_194' title='bbox 1339 1611 1432 1636; x_wconf 88' lang='lat' dir='ltr'>cum</span> <span class='ocrx_word' id='word_1_195' title='bbox 1464 1597 1732 1638; x_wconf 84' lang='lat' dir='ltr'>sacramentis</span> 
     </span>
     <span class='ocr_line' id='line_1_23' title="bbox 200 1662 1731 1719; baseline 0 -16"><span class='ocrx_word' id='word_1_196' title='bbox 200 1662 371 1704; x_wconf 88' lang='lat' dir='ltr'>infinitis</span> <span class='ocrx_word' id='word_1_197' title='bbox 396 1663 543 1718; x_wconf 66' lang='lat' dir='ltr'>saepius</span> <span class='ocrx_word' id='word_1_198' title='bbox 567 1664 755 1705; x_wconf 84' lang='lat' dir='ltr'>asseruit.</span> <span class='ocrx_word' id='word_1_199' title='bbox 826 1663 1019 1719; x_wconf 81' lang='lat' dir='ltr'>Abyssus</span> <span class='ocrx_word' id='word_1_200' title='bbox 1038 1662 1164 1718; x_wconf 86' lang='lat' dir='ltr'>igitur</span> <span class='ocrx_word' id='word_1_201' title='bbox 1186 1662 1356 1704; x_wconf 87' lang='lat' dir='ltr'>vallavit</span> <span class='ocrx_word' id='word_1_202' title='bbox 1379 1678 1488 1712; x_wconf 72' lang='lat' dir='ltr'>eum,</span> <span class='ocrx_word' id='word_1_203' title='bbox 1504 1678 1580 1704; x_wconf 91' lang='lat' dir='ltr'>nec</span> <span class='ocrx_word' id='word_1_204' title='bbox 1602 1664 1731 1705; x_wconf 89' lang='lat' dir='ltr'>udum</span> 
     </span>
     <span class='ocr_line' id='line_1_24' title="bbox 199 1730 1731 1785; baseline 0 -15"><span class='ocrx_word' id='word_1_205' title='bbox 199 1730 408 1777; x_wconf 81' lang='lat' dir='ltr'>reddidit;</span> <span class='ocrx_word' id='word_1_206' title='bbox 449 1730 638 1771; x_wconf 88' lang='lat' dir='ltr'>immensi</span> <span class='ocrx_word' id='word_1_207' title='bbox 673 1730 849 1785; x_wconf 87' lang='lat' dir='ltr'>gurgitis</span> <span class='ocrx_word' id='word_1_208' title='bbox 891 1731 1062 1784; x_wconf 88' lang='lat' dir='ltr'>pelagus</span> <span class='ocrx_word' id='word_1_209' title='bbox 1098 1734 1223 1783; x_wconf 88' lang='lat' dir='ltr'>caput</span> <span class='ocrx_word' id='word_1_210' title='bbox 1253 1734 1461 1769; x_wconf 88' lang='lat' dir='ltr'>tectorum</span> <span class='ocrx_word' id='word_1_211' title='bbox 1504 1730 1630 1784; x_wconf 89' lang='lat' dir='ltr'>ipsius</span> <span class='ocrx_word' id='word_1_212' title='bbox 1667 1745 1731 1771; x_wconf 92' lang='grc'>00-</span> 
     </span>
     <span class='ocr_line' id='line_1_25' title="bbox 200 1795 1731 1851; baseline 0.001 -14"><span class='ocrx_word' id='word_1_213' title='bbox 200 1797 374 1851; x_wconf 80' lang='lat' dir='ltr'>operuit,</span> <span class='ocrx_word' id='word_1_214' title='bbox 397 1811 472 1837; x_wconf 90' lang='grc'>1100</span> <span class='ocrx_word' id='word_1_215' title='bbox 493 1797 659 1838; x_wconf 83' lang='lat' dir='ltr'>madere</span> <span class='ocrx_word' id='word_1_216' title='bbox 684 1796 901 1851; x_wconf 79' lang='lat' dir='ltr'>praevaluit</span> <span class='ocrx_word' id='word_1_217' title='bbox 918 1814 928 1845; x_wconf 76' lang='lat'>3</span> <span class='ocrx_word' id='word_1_218' title='bbox 962 1795 1112 1837; x_wconf 88' lang='lat' dir='ltr'>fluctus</span> <span class='ocrx_word' id='word_1_219' title='bbox 1127 1810 1327 1849; x_wconf 87' lang='lat' dir='ltr'>aquarum</span> <span class='ocrx_word' id='word_1_220' title='bbox 1345 1811 1466 1850; x_wconf 90' lang='lat' dir='ltr'>super</span> <span class='ocrx_word' id='word_1_221' title='bbox 1483 1811 1577 1837; x_wconf 89' lang='lat' dir='ltr'>eum</span> <span class='ocrx_word' id='word_1_222' title='bbox 1599 1802 1731 1838; x_wconf 87' lang='lat' dir='ltr'>trans-</span> 
     </span>
     <span class='ocr_line' id='line_1_26' title="bbox 200 1862 1730 1918; baseline 0.001 -15"><span class='ocrx_word' id='word_1_223' title='bbox 200 1863 261 1913; x_wconf 90' lang='lat' dir='ltr'>iit,</span> <span class='ocrx_word' id='word_1_224' title='bbox 281 1878 356 1903; x_wconf 89' lang='lat' dir='ltr'>nee</span> <span class='ocrx_word' id='word_1_225' title='bbox 373 1864 639 1918; x_wconf 82' lang='lat' dir='ltr'>pertransisse</span> <span class='ocrx_word' id='word_1_226' title='bbox 662 1863 850 1904; x_wconf 79' lang='lat' dir='ltr'>laedendo</span> <span class='ocrx_word' id='word_1_227' title='bbox 872 1863 1008 1918; x_wconf 89' lang='lat' dir='ltr'>potuit</span> <span class='ocrx_word' id='word_1_228' title='bbox 1028 1879 1038 1909; x_wconf 72' lang='grc' dir='ltr'><strong>ς</strong></span> <span class='ocrx_word' id='word_1_229' title='bbox 1074 1862 1304 1903; x_wconf 88' lang='lat' dir='ltr'>subductus</span> <span class='ocrx_word' id='word_1_230' title='bbox 1325 1862 1377 1903; x_wconf 90' lang='lat' dir='ltr'>ab</span> <span class='ocrx_word' id='word_1_231' title='bbox 1399 1862 1525 1904; x_wconf 88' lang='lat' dir='ltr'>oculis</span> <span class='ocrx_word' id='word_1_232' title='bbox 1547 1863 1730 1904; x_wconf 89' lang='lat' dir='ltr'>omnium</span> 
     </span>
     <span class='ocr_line' id='line_1_27' title="bbox 201 1924 1183 1984; baseline -0.001 -14"><span class='ocrx_word' id='word_1_233' title='bbox 201 1929 376 1980; x_wconf 76' lang='lat' dir='ltr'>exstitit,</span> <span class='ocrx_word' id='word_1_234' title='bbox 400 1945 521 1984; x_wconf 87' lang='lat' dir='ltr'>quein</span> <span class='ocrx_word' id='word_1_235' title='bbox 542 1930 644 1970; x_wconf 87' lang='lat' dir='ltr'>nihil</span> <span class='ocrx_word' id='word_1_236' title='bbox 668 1930 864 1971; x_wconf 80' lang='lat' dir='ltr'>invasisse</span> <span class='ocrx_word' id='word_1_237' title='bbox 885 1924 1183 1984; x_wconf 72' lang='grc'>7111-0051111111511.</span> 
     </span>
    </p>

    <p class='ocr_par' dir='ltr' id='par_1_4' title="bbox 248 2032 1480 2080">
     <span class='ocr_line' id='line_1_28' title="bbox 248 2032 1480 2080; baseline -0.001 -13"><span class='ocrx_word' id='word_1_238' title='bbox 248 2034 257 2053; x_wconf 93' lang='lat'>¹</span> <span class='ocrx_word' id='word_1_239' title='bbox 280 2034 498 2080; x_wconf 66' lang='lat' dir='ltr'>Repperisse]</span> <span class='ocrx_word' id='word_1_240' title='bbox 528 2036 548 2052; x_wconf 75' lang='lat'>‘⁴</span> <span class='ocrx_word' id='word_1_241' title='bbox 564 2035 630 2067; x_wconf 88' lang='lat' dir='ltr'>Vel</span> <span class='ocrx_word' id='word_1_242' title='bbox 648 2034 854 2079; x_wconf 79' lang='lat' dir='ltr'>repperere’&#39;</span> <span class='ocrx_word' id='word_1_243' title='bbox 873 2034 983 2067; x_wconf 85' lang='lat' dir='ltr'>added</span> <span class='ocrx_word' id='word_1_244' title='bbox 1001 2034 1106 2067; x_wconf 78' lang='lat' dir='ltr'>above</span> <span class='ocrx_word' id='word_1_245' title='bbox 1125 2033 1182 2066; x_wconf 84' lang='lat' dir='ltr'>the</span> <span class='ocrx_word' id='word_1_246' title='bbox 1199 2033 1267 2066; x_wconf 90' lang='lat' dir='ltr'>line</span> <span class='ocrx_word' id='word_1_247' title='bbox 1285 2033 1320 2066; x_wconf 90' lang='lat' dir='ltr'>in</span> <span class='ocrx_word' id='word_1_248' title='bbox 1338 2032 1415 2067; x_wconf 83' lang='lat' dir='ltr'>MS.</span> <span class='ocrx_word' id='word_1_249' title='bbox 1437 2033 1480 2066; x_wconf 87' lang='lat' dir='ltr'>B.</span> 
     </span>
    </p>

    <p class='ocr_par' dir='ltr' id='par_1_5' title="bbox 246 2077 1142 2126">
     <span class='ocr_line' id='line_1_29' title="bbox 246 2077 1142 2126; baseline 0 -13"><span class='ocrx_word' id='word_1_250' title='bbox 246 2081 259 2099; x_wconf 72' lang='lat'>2</span> <span class='ocrx_word' id='word_1_251' title='bbox 277 2080 519 2126; x_wconf 51' lang='lat' dir='ltr'>Assiduabanu]</span> <span class='ocrx_word' id='word_1_252' title='bbox 550 2081 633 2114; x_wconf 87' lang='lat' dir='ltr'>This</span> <span class='ocrx_word' id='word_1_253' title='bbox 651 2081 742 2113; x_wconf 83' lang='lat' dir='ltr'>word</span> <span class='ocrx_word' id='word_1_254' title='bbox 760 2081 788 2113; x_wconf 88' lang='lat' dir='ltr'>is</span> <span class='ocrx_word' id='word_1_255' title='bbox 806 2081 903 2125; x_wconf 85' lang='lat' dir='ltr'>again</span> <span class='ocrx_word' id='word_1_256' title='bbox 921 2080 1005 2114; x_wconf 86' lang='lat' dir='ltr'>used</span> <span class='ocrx_word' id='word_1_257' title='bbox 1025 2077 1042 2125; x_wconf 60' lang='grc' dir='ltr'>ξ</span> <span class='ocrx_word' id='word_1_258' title='bbox 1063 2082 1142 2114; x_wconf 74' lang='lat'>294.</span> 
     </span>
    </p>

    <p class='ocr_par' dir='ltr' id='par_1_6' title="bbox 247 2125 1246 2173">
     <span class='ocr_line' id='line_1_30' title="bbox 247 2125 1246 2173; baseline -0.001 -13"><span class='ocrx_word' id='word_1_259' title='bbox 247 2127 260 2148; x_wconf 83' lang='lat'><strong>3</strong></span> <span class='ocrx_word' id='word_1_260' title='bbox 278 2127 390 2161; x_wconf 61' lang='lat' dir='ltr'>Solita?</span> <span class='ocrx_word' id='word_1_261' title='bbox 406 2126 594 2173; x_wconf 67' lang='lat' dir='ltr'>orationis]</span> <span class='ocrx_word' id='word_1_262' title='bbox 623 2127 738 2160; x_wconf 80' lang='lat' dir='ltr'>Solitae</span> <span class='ocrx_word' id='word_1_263' title='bbox 757 2127 880 2160; x_wconf 83' lang='lat' dir='ltr'>orando</span> <span class='ocrx_word' id='word_1_264' title='bbox 899 2126 1176 2167; x_wconf 84' lang='lat' dir='ltr'>continuationis,</span> <span class='ocrx_word' id='word_1_265' title='bbox 1198 2125 1246 2159; x_wconf 88' lang='lat' dir='ltr'>H.</span> 
     </span>
    </p>
   </div>
   <div class='ocr_carea' id='block_1_3' title="bbox 200 2172 1733 2914">
    <p class='ocr_par' dir='ltr' id='par_1_7' title="bbox 200 2172 1730 2300">
     <span class='ocr_line' id='line_1_31' title="bbox 247 2172 1730 2219; baseline -0.001 -12"><span class='ocrx_word' id='word_1_266' title='bbox 247 2176 259 2194; x_wconf 70' lang='lat'>⁴</span> <span class='ocrx_word' id='word_1_267' title='bbox 280 2173 358 2207; x_wconf 69' lang='lat' dir='ltr'>Haec</span> <span class='ocrx_word' id='word_1_268' title='bbox 376 2174 431 2207; x_wconf 79' lang='lat' dir='ltr'>ille</span> <span class='ocrx_word' id='word_1_269' title='bbox 449 2173 567 2219; x_wconf 55' lang='lat' dir='ltr'>nabla]</span> <span class='ocrx_word' id='word_1_270' title='bbox 596 2174 669 2206; x_wconf 89' lang='lat' dir='ltr'>The</span> <span class='ocrx_word' id='word_1_271' title='bbox 695 2185 835 2218; x_wconf 78' lang='lat' dir='ltr'>passage</span> <span class='ocrx_word' id='word_1_272' title='bbox 863 2173 1099 2217; x_wconf 84' lang='lat' dir='ltr'>commeneing</span> <span class='ocrx_word' id='word_1_273' title='bbox 1115 2172 1198 2205; x_wconf 88' lang='lat' dir='ltr'>with</span> <span class='ocrx_word' id='word_1_274' title='bbox 1215 2172 1311 2205; x_wconf 87' lang='lat' dir='ltr'>these</span> <span class='ocrx_word' id='word_1_275' title='bbox 1328 2172 1437 2205; x_wconf 85' lang='lat' dir='ltr'>words</span> <span class='ocrx_word' id='word_1_276' title='bbox 1463 2172 1529 2206; x_wconf 90' lang='lat' dir='ltr'>and</span> <span class='ocrx_word' id='word_1_277' title='bbox 1554 2172 1679 2218; x_wconf 81' lang='lat' dir='ltr'>ending</span> <span class='ocrx_word' id='word_1_278' title='bbox 1696 2178 1730 2206; x_wconf 81' lang='lat' dir='ltr'>at</span> 
     </span>
     <span class='ocr_line' id='line_1_32' title="bbox 202 2219 1729 2264; baseline -0.001 -11"><span class='ocrx_word' id='word_1_279' title='bbox 202 2221 224 2238; x_wconf 70' lang='lat'>‘⁶</span> <span class='ocrx_word' id='word_1_280' title='bbox 237 2220 417 2259; x_wconf 47' lang='lat' dir='ltr'>asseruit?</span> <span class='ocrx_word' id='word_1_281' title='bbox 436 2221 463 2253; x_wconf 90' lang='lat' dir='ltr'>is</span> <span class='ocrx_word' id='word_1_282' title='bbox 481 2220 591 2253; x_wconf 83' lang='lat' dir='ltr'>added</span> <span class='ocrx_word' id='word_1_283' title='bbox 609 2220 643 2253; x_wconf 90' lang='lat' dir='ltr'>in</span> <span class='ocrx_word' id='word_1_284' title='bbox 661 2220 718 2253; x_wconf 89' lang='lat' dir='ltr'>the</span> <span class='ocrx_word' id='word_1_285' title='bbox 743 2220 873 2264; x_wconf 82' lang='lat' dir='ltr'>margin</span> <span class='ocrx_word' id='word_1_286' title='bbox 891 2220 929 2252; x_wconf 84' lang='lat' dir='ltr'>of</span> <span class='ocrx_word' id='word_1_287' title='bbox 942 2219 999 2252; x_wconf 91' lang='lat' dir='ltr'>the</span> <span class='ocrx_word' id='word_1_288' title='bbox 1018 2219 1183 2252; x_wconf 87' lang='lat' dir='ltr'>Bodleian</span> <span class='ocrx_word' id='word_1_289' title='bbox 1202 2230 1298 2264; x_wconf 74' lang='lat' dir='ltr'>copy,</span> <span class='ocrx_word' id='word_1_290' title='bbox 1318 2219 1384 2252; x_wconf 89' lang='lat' dir='ltr'>and</span> <span class='ocrx_word' id='word_1_291' title='bbox 1403 2219 1483 2252; x_wconf 88' lang='lat' dir='ltr'>does</span> <span class='ocrx_word' id='word_1_292' title='bbox 1500 2225 1559 2252; x_wconf 90' lang='lat' dir='ltr'>not</span> <span class='ocrx_word' id='word_1_293' title='bbox 1577 2231 1678 2253; x_wconf 90' lang='lat' dir='ltr'>occur</span> <span class='ocrx_word' id='word_1_294' title='bbox 1695 2219 1729 2252; x_wconf 89' lang='lat' dir='ltr'>in</span> 
     </span>
     <span class='ocr_line' id='line_1_33' title="bbox 200 2266 465 2300; baseline 0 -1"><span class='ocrx_word' id='word_1_295' title='bbox 200 2266 257 2299; x_wconf 87' lang='lat' dir='ltr'>the</span> <span class='ocrx_word' id='word_1_296' title='bbox 277 2267 370 2300; x_wconf 84' lang='lat' dir='ltr'>Harl.</span> <span class='ocrx_word' id='word_1_297' title='bbox 391 2267 465 2299; x_wconf 79' lang='lat' dir='ltr'>MS.</span> 
     </span>
    </p>

    <p class='ocr_par' dir='ltr' id='par_1_8' title="bbox 201 2311 1730 2450">
     <span class='ocr_line' id='line_1_34' title="bbox 248 2311 1730 2359; baseline -0.001 -13"><span class='ocrx_word' id='word_1_298' title='bbox 248 2313 260 2331; x_wconf 86' lang='lat'>⁵</span> <span class='ocrx_word' id='word_1_299' title='bbox 280 2312 444 2358; x_wconf 66' lang='lat' dir='ltr'>Ranmiffl</span> <span class='ocrx_word' id='word_1_300' title='bbox 461 2312 709 2359; x_wconf 62' lang='lat' dir='ltr'>archidiaconi]</span> <span class='ocrx_word' id='word_1_301' title='bbox 740 2313 823 2346; x_wconf 89' lang='lat' dir='ltr'>This</span> <span class='ocrx_word' id='word_1_302' title='bbox 842 2312 954 2357; x_wconf 85' lang='lat' dir='ltr'>Ralph</span> <span class='ocrx_word' id='word_1_303' title='bbox 974 2312 1029 2345; x_wconf 83' lang='lat' dir='ltr'>the</span> <span class='ocrx_word' id='word_1_304' title='bbox 1055 2311 1276 2353; x_wconf 87' lang='lat' dir='ltr'>archdeacon,</span> <span class='ocrx_word' id='word_1_305' title='bbox 1301 2311 1466 2357; x_wconf 85' lang='lat' dir='ltr'>probably</span> <span class='ocrx_word' id='word_1_306' title='bbox 1483 2312 1521 2345; x_wconf 87' lang='lat' dir='ltr'>of</span> <span class='ocrx_word' id='word_1_307' title='bbox 1541 2311 1730 2345; x_wconf 85' lang='lat' dir='ltr'>Nerthum-</span> 
     </span>
     <span class='ocr_line' id='line_1_35' title="bbox 201 2357 1730 2404; baseline 0 -13"><span class='ocrx_word' id='word_1_308' title='bbox 201 2359 340 2392; x_wconf 85' lang='lat' dir='ltr'>berland</span> <span class='ocrx_word' id='word_1_309' title='bbox 358 2360 423 2392; x_wconf 86' lang='lat' dir='ltr'>and</span> <span class='ocrx_word' id='word_1_310' title='bbox 441 2360 550 2392; x_wconf 83' lang='lat' dir='ltr'>notos</span> <span class='ocrx_word' id='word_1_311' title='bbox 565 2359 730 2401; x_wconf 86' lang='lat' dir='ltr'>Durham,</span> <span class='ocrx_word' id='word_1_312' title='bbox 744 2371 811 2392; x_wconf 81' lang='lat' dir='ltr'>was</span> <span class='ocrx_word' id='word_1_313' title='bbox 830 2358 971 2404; x_wconf 86' lang='lat' dir='ltr'>nephew</span> <span class='ocrx_word' id='word_1_314' title='bbox 985 2364 1019 2391; x_wconf 86' lang='lat' dir='ltr'>to</span> <span class='ocrx_word' id='word_1_315' title='bbox 1038 2358 1148 2403; x_wconf 85' lang='lat' dir='ltr'>Ralph</span> <span class='ocrx_word' id='word_1_316' title='bbox 1168 2358 1362 2402; x_wconf 68' lang='lat' dir='ltr'>Flambard,</span> <span class='ocrx_word' id='word_1_317' title='bbox 1379 2358 1500 2403; x_wconf 86' lang='lat' dir='ltr'>bishop</span> <span class='ocrx_word' id='word_1_318' title='bbox 1515 2358 1552 2391; x_wconf 88' lang='lat' dir='ltr'>of</span> <span class='ocrx_word' id='word_1_319' title='bbox 1565 2357 1730 2391; x_wconf 86' lang='lat' dir='ltr'>Durham.</span> 
     </span>
     <span class='ocr_line' id='line_1_36' title="bbox 202 2405 1481 2450; baseline -0.001 -12"><span class='ocrx_word' id='word_1_320' title='bbox 202 2406 265 2438; x_wconf 80' lang='lat' dir='ltr'>See</span> <span class='ocrx_word' id='word_1_321' title='bbox 283 2405 362 2439; x_wconf 83' lang='lat' dir='ltr'>Joh.</span> <span class='ocrx_word' id='word_1_322' title='bbox 381 2406 525 2450; x_wconf 82' lang='lat' dir='ltr'>Hagust.</span> <span class='ocrx_word' id='word_1_323' title='bbox 543 2406 632 2450; x_wconf 84' lang='lat' dir='ltr'>apud</span> <span class='ocrx_word' id='word_1_324' title='bbox 652 2406 779 2439; x_wconf 82' lang='lat' dir='ltr'>Decem</span> <span class='ocrx_word' id='word_1_325' title='bbox 797 2406 920 2450; x_wconf 81' lang='lat' dir='ltr'>Script.</span> <span class='ocrx_word' id='word_1_326' title='bbox 939 2405 1002 2438; x_wconf 89' lang='lat' dir='ltr'>col.</span> <span class='ocrx_word' id='word_1_327' title='bbox 1024 2406 1103 2446; x_wconf 76' lang='lat'>2713</span> <span class='ocrx_word' id='word_1_328' title='bbox 1130 2405 1232 2449; x_wconf 76' lang='lat' dir='ltr'>Angl.</span> <span class='ocrx_word' id='word_1_329' title='bbox 1252 2406 1343 2438; x_wconf 80' lang='lat' dir='ltr'>Sacr.</span> <span class='ocrx_word' id='word_1_330' title='bbox 1362 2405 1385 2437; x_wconf 92' lang='lat' dir='ltr'>i.</span> <span class='ocrx_word' id='word_1_331' title='bbox 1403 2405 1481 2439; x_wconf 73' lang='lat'>786.</span> 
     </span>
    </p>

    <p class='ocr_par' dir='ltr' id='par_1_9' title="bbox 204 2451 1731 2636">
     <span class='ocr_line' id='line_1_37' title="bbox 250 2451 1730 2498; baseline -0.001 -12"><span class='ocrx_word' id='word_1_332' title='bbox 250 2452 263 2471; x_wconf 79' lang='lat'>⁶</span> <span class='ocrx_word' id='word_1_333' title='bbox 287 2452 334 2486; x_wconf 76' lang='lat' dir='ltr'>Ut</span> <span class='ocrx_word' id='word_1_334' title='bbox 350 2451 569 2498; x_wconf 65' lang='lat' dir='ltr'>sperabatur]</span> <span class='ocrx_word' id='word_1_335' title='bbox 598 2454 619 2470; x_wconf 79' lang='lat'>⁴‘</span> <span class='ocrx_word' id='word_1_336' title='bbox 632 2453 681 2485; x_wconf 89' lang='lat' dir='ltr'>As</span> <span class='ocrx_word' id='word_1_337' title='bbox 699 2464 766 2485; x_wconf 84' lang='lat' dir='ltr'>was</span> <span class='ocrx_word' id='word_1_338' title='bbox 793 2451 996 2496; x_wconf 78' lang='lat' dir='ltr'>expected.&#39;’</span> <span class='ocrx_word' id='word_1_339' title='bbox 1046 2452 1108 2484; x_wconf 83' lang='lat' dir='ltr'>See</span> <span class='ocrx_word' id='word_1_340' title='bbox 1127 2451 1223 2495; x_wconf 77' lang='lat' dir='ltr'>Virg.</span> <span class='ocrx_word' id='word_1_341' title='bbox 1251 2451 1333 2484; x_wconf 88' lang='lat' dir='ltr'>AEn.</span> <span class='ocrx_word' id='word_1_342' title='bbox 1352 2451 1374 2484; x_wconf 93' lang='lat' dir='ltr'>i.</span> <span class='ocrx_word' id='word_1_343' title='bbox 1399 2453 1491 2493; x_wconf 66' lang='lat'>5423</span> <span class='ocrx_word' id='word_1_344' title='bbox 1518 2451 1642 2485; x_wconf 85' lang='lat' dir='ltr'>Juven.</span> <span class='ocrx_word' id='word_1_345' title='bbox 1661 2451 1730 2485; x_wconf 80' lang='lat' dir='ltr'>Sat.</span> 
     </span>
     <span class='ocr_line' id='line_1_38' title="bbox 204 2497 1730 2540; baseline -0.001 -9"><span class='ocrx_word' id='word_1_346' title='bbox 204 2499 246 2532; x_wconf 90' lang='lat' dir='ltr'>iv.</span> <span class='ocrx_word' id='word_1_347' title='bbox 267 2499 334 2540; x_wconf 79' lang='lat'>573</span> <span class='ocrx_word' id='word_1_348' title='bbox 363 2499 498 2532; x_wconf 84' lang='lat' dir='ltr'>Terent.</span> <span class='ocrx_word' id='word_1_349' title='bbox 518 2498 624 2532; x_wconf 83' lang='lat' dir='ltr'>Andr.</span> <span class='ocrx_word' id='word_1_350' title='bbox 643 2498 679 2531; x_wconf 81' lang='lat' dir='ltr'>ii.</span> <span class='ocrx_word' id='word_1_351' title='bbox 698 2510 745 2531; x_wconf 85' lang='lat' dir='ltr'>sc.</span> <span class='ocrx_word' id='word_1_352' title='bbox 765 2501 798 2532; x_wconf 83' lang='lat'>3.</span> <span class='ocrx_word' id='word_1_353' title='bbox 817 2510 846 2533; x_wconf 79' lang='lat' dir='ltr'>v.</span> <span class='ocrx_word' id='word_1_354' title='bbox 868 2500 925 2539; x_wconf 82' lang='lat'>213</span> <span class='ocrx_word' id='word_1_355' title='bbox 952 2498 1018 2531; x_wconf 87' lang='lat' dir='ltr'>and</span> <span class='ocrx_word' id='word_1_356' title='bbox 1037 2497 1139 2530; x_wconf 88' lang='lat' dir='ltr'>Fabri</span> <span class='ocrx_word' id='word_1_357' title='bbox 1160 2497 1323 2530; x_wconf 86' lang='lat' dir='ltr'>Tliesaur.</span> <span class='ocrx_word' id='word_1_358' title='bbox 1343 2497 1463 2530; x_wconf 84' lang='lat' dir='ltr'>erudit.</span> <span class='ocrx_word' id='word_1_359' title='bbox 1483 2497 1649 2530; x_wconf 81' lang='lat' dir='ltr'>Seholast.</span> <span class='ocrx_word' id='word_1_360' title='bbox 1668 2497 1730 2530; x_wconf 87' lang='lat' dir='ltr'>sub</span> 
     </span>
     <span class='ocr_line' id='line_1_39' title="bbox 204 2542 1731 2590; baseline -0.001 -13"><span class='ocrx_word' id='word_1_361' title='bbox 204 2556 285 2578; x_wconf 88' lang='lat' dir='ltr'>voce</span> <span class='ocrx_word' id='word_1_362' title='bbox 303 2545 397 2590; x_wconf 85' lang='lat' dir='ltr'>Spes.</span> <span class='ocrx_word' id='word_1_363' title='bbox 432 2545 463 2577; x_wconf 92' lang='lat' dir='ltr'>A</span> <span class='ocrx_word' id='word_1_364' title='bbox 479 2544 607 2577; x_wconf 85' lang='lat' dir='ltr'>similar</span> <span class='ocrx_word' id='word_1_365' title='bbox 624 2556 684 2577; x_wconf 80' lang='lat' dir='ltr'>use</span> <span class='ocrx_word' id='word_1_366' title='bbox 703 2545 739 2577; x_wconf 81' lang='lat' dir='ltr'>of</span> <span class='ocrx_word' id='word_1_367' title='bbox 753 2544 810 2577; x_wconf 89' lang='lat' dir='ltr'>the</span> <span class='ocrx_word' id='word_1_368' title='bbox 824 2544 915 2577; x_wconf 83' lang='lat' dir='ltr'>word</span> <span class='ocrx_word' id='word_1_369' title='bbox 934 2546 954 2562; x_wconf 74' lang='lat'>‘⁴</span> <span class='ocrx_word' id='word_1_370' title='bbox 969 2550 1003 2577; x_wconf 84' lang='lat' dir='ltr'>to</span> <span class='ocrx_word' id='word_1_371' title='bbox 1019 2543 1142 2589; x_wconf 81' lang='lat' dir='ltr'>Hope&#39;&#39;</span> <span class='ocrx_word' id='word_1_372' title='bbox 1161 2544 1189 2577; x_wconf 89' lang='lat' dir='ltr'>is</span> <span class='ocrx_word' id='word_1_373' title='bbox 1206 2543 1345 2588; x_wconf 83' lang='lat' dir='ltr'>pointed</span> <span class='ocrx_word' id='word_1_374' title='bbox 1363 2549 1421 2576; x_wconf 89' lang='lat' dir='ltr'>out</span> <span class='ocrx_word' id='word_1_375' title='bbox 1446 2543 1491 2588; x_wconf 89' lang='lat' dir='ltr'>by</span> <span class='ocrx_word' id='word_1_376' title='bbox 1506 2542 1618 2576; x_wconf 83' lang='lat' dir='ltr'>Nares</span> <span class='ocrx_word' id='word_1_377' title='bbox 1632 2543 1667 2576; x_wconf 91' lang='lat' dir='ltr'>in</span> <span class='ocrx_word' id='word_1_378' title='bbox 1678 2543 1731 2576; x_wconf 88' lang='lat' dir='ltr'>his</span> 
     </span>
     <span class='ocr_line' id='line_1_40' title="bbox 205 2587 1589 2636; baseline -0.001 -12"><span class='ocrx_word' id='word_1_379' title='bbox 205 2591 380 2636; x_wconf 83' lang='lat' dir='ltr'>Glossary,</span> <span class='ocrx_word' id='word_1_380' title='bbox 398 2603 431 2636; x_wconf 88' lang='lat' dir='ltr'>p.</span> <span class='ocrx_word' id='word_1_381' title='bbox 451 2594 530 2625; x_wconf 71' lang='lat'>238.</span> <span class='ocrx_word' id='word_1_382' title='bbox 581 2590 708 2623; x_wconf 82' lang='lat' dir='ltr'>In&#39;like</span> <span class='ocrx_word' id='word_1_383' title='bbox 726 2602 865 2623; x_wconf 84' lang='lat' dir='ltr'>manner</span> <span class='ocrx_word' id='word_1_384' title='bbox 883 2590 1050 2634; x_wconf 84' lang='lat' dir='ltr'>Reginald</span> <span class='ocrx_word' id='word_1_385' title='bbox 1068 2602 1145 2623; x_wconf 87' lang='lat' dir='ltr'>uses</span> <span class='ocrx_word' id='word_1_386' title='bbox 1164 2592 1185 2608; x_wconf 81' lang='lat'>‘⁶</span> <span class='ocrx_word' id='word_1_387' title='bbox 1199 2590 1331 2623; x_wconf 86' lang='lat' dir='ltr'>confido</span> <span class='ocrx_word' id='word_1_388' title='bbox 1346 2589 1379 2630; x_wconf 79' lang='lat'>;&#39;’</span> <span class='ocrx_word' id='word_1_389' title='bbox 1398 2601 1454 2622; x_wconf 90' lang='lat' dir='ltr'>see</span> <span class='ocrx_word' id='word_1_390' title='bbox 1474 2587 1491 2633; x_wconf 59' lang='grc' dir='ltr'>δ</span> <span class='ocrx_word' id='word_1_391' title='bbox 1512 2591 1589 2622; x_wconf 75' lang='lat'>224.</span> 
     </span>
    </p>

    <p class='ocr_par' dir='ltr' id='par_1_10' title="bbox 204 2635 1733 2914">
     <span class='ocr_line' id='line_1_41' title="bbox 250 2635 1731 2683; baseline -0.002 -12"><span class='ocrx_word' id='word_1_392' title='bbox 250 2638 262 2657; x_wconf 97' lang='lat'>⁷</span> <span class='ocrx_word' id='word_1_393' title='bbox 284 2636 528 2683; x_wconf 46' lang='lat' dir='ltr'>Prces&#39;mnpsit]</span> <span class='ocrx_word' id='word_1_394' title='bbox 559 2637 631 2669; x_wconf 88' lang='lat' dir='ltr'>The</span> <span class='ocrx_word' id='word_1_395' title='bbox 658 2648 868 2681; x_wconf 78' lang='lat' dir='ltr'>anonymous</span> <span class='ocrx_word' id='word_1_396' title='bbox 891 2636 1012 2680; x_wconf 79' lang='lat' dir='ltr'>legend</span> <span class='ocrx_word' id='word_1_397' title='bbox 1038 2636 1115 2669; x_wconf 86' lang='lat' dir='ltr'>tells</span> <span class='ocrx_word' id='word_1_398' title='bbox 1140 2636 1197 2668; x_wconf 86' lang='lat' dir='ltr'>the</span> <span class='ocrx_word' id='word_1_399' title='bbox 1219 2647 1310 2669; x_wconf 87' lang='lat' dir='ltr'>same</span> <span class='ocrx_word' id='word_1_400' title='bbox 1328 2635 1419 2669; x_wconf 85' lang='lat' dir='ltr'>tale:</span> <span class='ocrx_word' id='word_1_401' title='bbox 1447 2637 1467 2654; x_wconf 68' lang='lat'>‘⁶</span> <span class='ocrx_word' id='word_1_402' title='bbox 1481 2636 1648 2680; x_wconf 88' lang='lat' dir='ltr'>Tempore</span> <span class='ocrx_word' id='word_1_403' title='bbox 1666 2647 1731 2680; x_wconf 89' lang='lat' dir='ltr'>quo</span> 
     </span>
     <span class='ocr_line' id='line_1_42' title="bbox 205 2681 1732 2729; baseline -0.002 -12"><span class='ocrx_word' id='word_1_404' title='bbox 205 2684 390 2717; x_wconf 82' lang='lat' dir='ltr'>Gaufridus</span> <span class='ocrx_word' id='word_1_405' title='bbox 408 2684 542 2729; x_wconf 80' lang='lat' dir='ltr'>praefuit</span> <span class='ocrx_word' id='word_1_406' title='bbox 561 2683 714 2716; x_wconf 84' lang='lat' dir='ltr'>ecclesiae</span> <span class='ocrx_word' id='word_1_407' title='bbox 733 2682 968 2725; x_wconf 80' lang='lat' dir='ltr'>Dunelmensi,</span> <span class='ocrx_word' id='word_1_408' title='bbox 988 2688 1081 2715; x_wconf 85' lang='lat' dir='ltr'>tanta</span> <span class='ocrx_word' id='word_1_409' title='bbox 1098 2682 1162 2715; x_wconf 86' lang='lat' dir='ltr'>fuit</span> <span class='ocrx_word' id='word_1_410' title='bbox 1180 2681 1354 2714; x_wconf 85' lang='lat' dir='ltr'>inundatio</span> <span class='ocrx_word' id='word_1_411' title='bbox 1372 2681 1573 2726; x_wconf 80' lang='lat' dir='ltr'>pluviarum,</span> <span class='ocrx_word' id='word_1_412' title='bbox 1592 2688 1629 2715; x_wconf 90' lang='lat' dir='ltr'>ut</span> <span class='ocrx_word' id='word_1_413' title='bbox 1646 2693 1732 2726; x_wconf 87' lang='lat' dir='ltr'>aqua</span> 
     </span>
     <span class='ocr_line' id='line_1_43' title="bbox 205 2728 1730 2773; baseline -0.002 -10"><span class='ocrx_word' id='word_1_414' title='bbox 205 2730 302 2763; x_wconf 75' lang='lat' dir='ltr'>VVeri</span> <span class='ocrx_word' id='word_1_415' title='bbox 337 2730 487 2763; x_wconf 85' lang='lat' dir='ltr'>fluminis</span> <span class='ocrx_word' id='word_1_416' title='bbox 522 2735 700 2763; x_wconf 87' lang='lat' dir='ltr'>consuetos</span> <span class='ocrx_word' id='word_1_417' title='bbox 727 2729 853 2761; x_wconf 83' lang='lat' dir='ltr'>limites</span> <span class='ocrx_word' id='word_1_418' title='bbox 880 2729 1036 2773; x_wconf 83' lang='lat' dir='ltr'>ripasque</span> <span class='ocrx_word' id='word_1_419' title='bbox 1062 2728 1314 2771; x_wconf 81' lang='lat' dir='ltr'>transcendens,</span> <span class='ocrx_word' id='word_1_420' title='bbox 1346 2734 1465 2772; x_wconf 86' lang='lat' dir='ltr'>pontes</span> <span class='ocrx_word' id='word_1_421' title='bbox 1495 2728 1730 2772; x_wconf 75' lang='lat' dir='ltr'>confringeret,</span> 
     </span>
     <span class='ocr_line' id='line_1_44' title="bbox 205 2774 1733 2821; baseline -0.002 -12"><span class='ocrx_word' id='word_1_422' title='bbox 205 2788 348 2821; x_wconf 86' lang='lat' dir='ltr'>quercus</span> <span class='ocrx_word' id='word_1_423' title='bbox 367 2782 541 2817; x_wconf 78' lang='lat' dir='ltr'>everteret⁷</span> <span class='ocrx_word' id='word_1_424' title='bbox 557 2776 675 2809; x_wconf 74' lang='lat' dir='ltr'>domos</span> <span class='ocrx_word' id='word_1_425' title='bbox 701 2775 858 2817; x_wconf 83' lang='lat' dir='ltr'>auferret,</span> <span class='ocrx_word' id='word_1_426' title='bbox 876 2786 1030 2819; x_wconf 78' lang='lat' dir='ltr'>agrorum</span> <span class='ocrx_word' id='word_1_427' title='bbox 1053 2780 1184 2818; x_wconf 81' lang='lat' dir='ltr'>segetes</span> <span class='ocrx_word' id='word_1_428' title='bbox 1202 2780 1235 2807; x_wconf 87' lang='lat' dir='ltr'>et</span> <span class='ocrx_word' id='word_1_429' title='bbox 1252 2774 1342 2808; x_wconf 80' lang='lat' dir='ltr'>foena</span> <span class='ocrx_word' id='word_1_430' title='bbox 1360 2774 1514 2807; x_wconf 83' lang='lat' dir='ltr'>dilueret.</span> <span class='ocrx_word' id='word_1_431' title='bbox 1564 2774 1733 2807; x_wconf 86' lang='lat' dir='ltr'>Godricus</span> 
     </span>
     <span class='ocr_line' id='line_1_45' title="bbox 205 2820 1732 2867; baseline -0.002 -12"><span class='ocrx_word' id='word_1_432' title='bbox 205 2829 317 2855; x_wconf 88' lang='lat' dir='ltr'>autem</span> <span class='ocrx_word' id='word_1_433' title='bbox 345 2823 446 2866; x_wconf 77' lang='lat' dir='ltr'>hujus</span> <span class='ocrx_word' id='word_1_434' title='bbox 464 2822 676 2867; x_wconf 77' lang='lat' dir='ltr'>tempestatis</span> <span class='ocrx_word' id='word_1_435' title='bbox 702 2821 849 2866; x_wconf 78' lang='lat' dir='ltr'>ignarus,</span> <span class='ocrx_word' id='word_1_436' title='bbox 866 2821 900 2853; x_wconf 91' lang='lat' dir='ltr'>in</span> <span class='ocrx_word' id='word_1_437' title='bbox 919 2820 1005 2854; x_wconf 88' lang='lat' dir='ltr'>eella</span> <span class='ocrx_word' id='word_1_438' title='bbox 1031 2820 1166 2853; x_wconf 78' lang='lat' dir='ltr'>clausus</span> <span class='ocrx_word' id='word_1_439' title='bbox 1184 2820 1311 2863; x_wconf 82' lang='lat' dir='ltr'>orabat,</span> <span class='ocrx_word' id='word_1_440' title='bbox 1331 2826 1363 2853; x_wconf 82' lang='lat' dir='ltr'>et.</span> <span class='ocrx_word' id='word_1_441' title='bbox 1380 2832 1466 2864; x_wconf 80' lang='lat' dir='ltr'>aqua</span> <span class='ocrx_word' id='word_1_442' title='bbox 1484 2820 1617 2853; x_wconf 82' lang='lat' dir='ltr'>interim</span> <span class='ocrx_word' id='word_1_443' title='bbox 1642 2820 1732 2853; x_wconf 83' lang='lat' dir='ltr'>intu-</span> 
     </span>
     <span class='ocr_line' id='line_1_46' title="bbox 204 2866 1730 2914; baseline -0.001 -13"><span class='ocrx_word' id='word_1_444' title='bbox 204 2880 368 2912; x_wconf 75' lang='lat' dir='ltr'>mescens,</span> <span class='ocrx_word' id='word_1_445' title='bbox 388 2881 504 2902; x_wconf 86' lang='lat' dir='ltr'>omnes</span> <span class='ocrx_word' id='word_1_446' title='bbox 531 2869 648 2902; x_wconf 80' lang='lat' dir='ltr'>domos</span> <span class='ocrx_word' id='word_1_447' title='bbox 675 2868 780 2914; x_wconf 80' lang='lat' dir='ltr'>ipsius</span> <span class='ocrx_word' id='word_1_448' title='bbox 807 2867 947 2912; x_wconf 85' lang='lat' dir='ltr'>operuit.</span> <span class='ocrx_word' id='word_1_449' title='bbox 999 2867 1189 2901; x_wconf 75' lang='lat' dir='ltr'>Aecum-unt</span> <span class='ocrx_word' id='word_1_450' title='bbox 1210 2867 1312 2911; x_wconf 79' lang='lat' dir='ltr'>igitur</span> <span class='ocrx_word' id='word_1_451' title='bbox 1330 2867 1443 2910; x_wconf 75' lang='lat' dir='ltr'>vicini,</span> <span class='ocrx_word' id='word_1_452' title='bbox 1461 2873 1586 2900; x_wconf 86' lang='lat' dir='ltr'>etcum</span> <span class='ocrx_word' id='word_1_453' title='bbox 1615 2866 1730 2900; x_wconf 83' lang='grc'>(101110-</span> 
     </span>
    </p>
   </div>
  </div>
 </body>
</html>
