1839 3186
190 160 272 200 138
706 171 939 204 LIBELLUS
975 173 1039 204 DE
1075 173 1190 205 VITA

185 289 410 328 nunquam,
442 274 521 316 nisi
553 275 850 318 confessionem
877 277 1043 328 faceret,
1069 292 1114 319 os
1135 292 1254 318 suum
1276 277 1331 318 ad
1350 277 1601 331 loquendum
1623 292 1716 319 cum

184 340 350 382 homine
382 342 588 396 aperiret3
628 342 816 385 similiter
838 344 965 384 etiam
983 344 1035 385 ab
1057 349 1206 385 exortu
1226 344 1358 399 primo
1390 344 1717 400 Septuagesimae

183 422 311 461 usque
336 407 391 448 ad
409 408 569 450 exitum
593 409 752 450 dierum
773 410 1018 452 sollennium
1034 410 1274 453 festivitatis
1291 411 1477 461 Paschae,
1501 416 1542 452 et
1561 426 1587 451 a
1609 411 1717 452 Pen-

182 474 351 515 tecostis
385 475 610 529 primordio
648 491 776 531 usque
817 477 859 518 in
893 476 1003 517 diem
1043 477 1151 518 illius
1200 477 1482 519 novissimum.
1554 476 1713 519 Ceteris

183 540 309 581 etiam
331 541 521 583 omnibus
549 542 693 583 diebus
724 543 1024 592 celebrioribus,
1047 543 1090 584 in
1112 544 1259 598 quibus
1279 544 1432 585 festum
1460 544 1716 599 provenisset

182 606 364 660 aliquod,
399 608 510 661 quod
539 608 751 650 videretur
783 625 870 651 esse
896 608 906 630 ²
928 609 1177 660 sollemnius,
1207 610 1413 652 solitarius
1448 610 1590 652 sedere
1622 625 1717 651 con-

183 673 330 723 suevit,
354 678 395 714 et
420 689 514 715 cum
534 674 771 716 humilitate
789 675 831 716 in
853 675 1001 729 quietis
1021 676 1183 717 silentio
1206 676 1361 731 deguit.

243 740 385 795 §129.
419 739 469 781 In
497 739 585 795 ejus
618 741 818 795 colloquio
842 741 1029 796 plurimae
1065 747 1154 783 erat
1179 740 1374 797 jocundae
1396 742 1613 784 suavitatis
1648 742 1718 783 de-

183 806 364 856 lectatiO,
396 807 491 859 quia
511 807 638 848 verba
666 807 793 862 ipsius
814 823 947 862 pauca
977 813 1095 849 erant
1131 813 1172 850 et
1198 809 1355 863 sapida,
1378 813 1419 849 et
1440 808 1629 863 plurimae
1654 824 1717 851 sa-

181 872 347 927 pientiae
367 873 450 914 sale
472 873 653 915 condita.
724 873 850 915 Unde
873 874 924 915 de
938 874 1081 916 vicinis
1104 875 1291 930 partibus
1307 880 1348 916 et
1369 876 1554 923 remotis,
1576 875 1714 929 plures

180 938 234 979 ad
259 954 354 979 eum
385 937 620 981 confluxere
659 941 918 995 populorum,
952 945 1000 981 ut
1029 942 1081 982 ab
1113 942 1182 982 illo
1213 941 1355 982 audire
1386 946 1553 996 possent
1588 942 1715 984 verba

182 1011 367 1059 supernae
401 1005 581 1047 scientiae
616 1011 658 1047 et
694 1007 849 1049 salutis.
915 1007 1044 1049 Multi
1072 1008 1199 1049 etiam
1233 1008 1413 1062 peccatis
1453 1008 1635 1062 oppressi
1671 1013 1713 1049 et

181 1071 526 1126 temptationibus
560 1073 737 1128 fatigati,
776 1073 936 1129 saepius,
972 1089 1019 1115 eo
1052 1074 1295 1125 instruente,
1337 1075 1392 1115 ad
1423 1075 1535 1116 viam
1570 1074 1715 1116 salutis

184 1143 280 1179 sunt
319 1138 494 1180 reducti.
557 1139 685 1181 Novit
716 1140 882 1194 quidem
919 1140 1169 1181 multimoda
1207 1141 1338 1182 hostis
1368 1140 1528 1194 antiqui
1566 1140 1713 1182 delira-

183 1209 325 1246 menta
365 1205 466 1247 satis
509 1205 723 1247 evidenter
760 1206 990 1257 ostendere,
1030 1212 1073 1248 et
1109 1222 1251 1249 omnes
1290 1208 1566 1249 versutiarum
1606 1207 1716 1249 illius

182 1272 359 1313 astutias
379 1271 485 1312 mira
510 1272 712 1313 facundiae
737 1273 967 1314 subtilitate
990 1273 1222 1328 detegendo
1246 1274 1481 1323 denudare,
1515 1278 1640 1327 atque
1663 1274 1714 1315 de

181 1338 246 1379 his
268 1353 356 1392 quae
396 1338 451 1378 ad
488 1339 719 1380 doctrinam
742 1340 809 1381 vel
843 1340 1102 1395 disciplinam
1123 1340 1344 1395 pertinent,
1373 1340 1505 1381 multo
1526 1340 1717 1382 subtilius

184 1409 226 1445 et
245 1404 503 1447 manifestius
520 1405 732 1456 edocebat,
759 1421 883 1460 quam
915 1407 1061 1460 aliquis
1084 1406 1295 1449 litteratus
1328 1412 1369 1448 et
1405 1407 1517 1448 omni
1539 1407 1716 1448 clericali

186 1471 415 1512 eruditione
448 1472 617 1526 peritus.
681 1472 859 1528 Spiritus
901 1473 1068 1527 quidem
1106 1473 1199 1523 Dei,
1237 1474 1317 1527 Qui
1353 1474 1395 1514 in
1431 1472 1517 1529 ejus
1548 1478 1715 1528 pectore

185 1538 274 1578 Sibi
304 1538 560 1579 mansionem
595 1544 915 1594 praeparaverat,
948 1545 1105 1581 secreta
1125 1541 1351 1581 multorum
1382 1555 1551 1595 operum
1578 1541 1614 1580 ei
1646 1540 1715 1581 de-

183 1604 395 1654 clarabat;
428 1620 526 1646 nam
547 1605 811 1648 audientibus
832 1607 1002 1656 cunctis,
1025 1607 1201 1661 plurimo
1236 1612 1324 1647 erat
1346 1607 1503 1661 stupori
1521 1611 1562 1647 et
1582 1606 1714 1647 admi-

183 1671 333 1712 rationi
369 1671 574 1724 quomodo
601 1672 654 1713 ab
677 1672 808 1713 idiota
829 1677 871 1713 et
895 1673 1091 1714 illiterato
1122 1673 1288 1714 homine
1324 1678 1412 1714 tam
1442 1673 1529 1714 alta
1559 1677 1716 1728 myste-

182 1738 335 1779 riorum
372 1738 546 1779 2arcana
581 1744 748 1793 possent
781 1739 956 1794 intelligi
988 1740 1053 1781 vel
1089 1739 1273 1794 proferri.
1350 1739 1536 1793 Eratque
1572 1739 1614 1780 in
1646 1739 1715 1780 illo

183 1809 302 1845 tanta
323 1804 490 1846 virtutis
520 1806 670 1860 gratia,
700 1805 810 1859 quod
845 1806 1029 1847 omnium
1057 1806 1268 1847 videretur
1299 1806 1342 1847 in
1369 1806 1439 1847 illo
1461 1806 1585 1848 fuisse
1622 1820 1716 1846 con-

183 1870 329 1912 solatio
352 1876 393 1912 et
414 1871 604 1923 medela3
642 1871 843 1926 multique
876 1872 975 1913 dum
1014 1873 1050 1913 ei
1081 1873 1220 1927 lapsus
1249 1878 1513 1928 peccatorum
1547 1887 1715 1914 suorum

185 1952 256 1978 seu
272 1938 558 1979 calamitatum
580 1953 746 1979 suarum
774 1939 1062 1980 tribulationes
1083 1940 1380 1994 exposuissent,
1402 1939 1453 1979 de
1475 1953 1716 1992 quacunque

184 2019 373 2059 pressura
393 2005 650 2054 laborabant,
675 2005 848 2046 celerem
871 2020 913 2046 se
936 2005 1161 2046 obtinuisse
1185 2005 1390 2046 medelam
1411 2005 1537 2060 ipsius
1558 2005 1717 2046 meritis

186 2071 531 2125 congaudebant,
565 2086 641 2111 nec
674 2086 768 2112 cum
805 2071 942 2112 dolore
973 2086 1052 2125 quo
1088 2071 1184 2112 illuc
1219 2072 1487 2121 advenerant,
1523 2076 1719 2126 percepta

184 2136 310 2191 ipsius
331 2137 503 2178 salutari
525 2137 724 2186 doctrina,
743 2137 963 2191 aliquando
983 2137 1258 2178 ³remeabant.
1322 2138 1549 2192 Pluresque
1574 2137 1713 2187 etiam,

184 2208 379 2258 percepta
403 2202 490 2258 ejus
509 2203 812 2254 benedictione,
839 2219 864 2244 a
890 2204 1068 2258 plurima
1095 2203 1387 2245 infirmitatum
1408 2204 1608 2247 varietate
1639 2203 1717 2244 fre-

187 2269 453 2323 quentissime
494 2270 749 2320 convaluere,
789 2275 913 2324 atque
958 2269 1107 2326 4gustu
1138 2271 1254 2325 panis
1294 2271 1422 2326 ipsius
1462 2270 1528 2312 Vel
1570 2270 1717 2325 poculo

185 2336 321 2390 plures
342 2336 496 2377 redditi
517 2341 613 2378 sunt
632 2336 776 2378 salutis
798 2341 951 2392 optatae
973 2335 1193 2378 ⁵remedio.

233 2446 242 2465 ¹
262 2445 487 2492 Sollemnius]
512 2446 668 2491 Solenne,
690 2447 737 2482 H.
1019 2448 1033 2468 2
1049 2448 1214 2494 Arcana]
1242 2448 1317 2482 MS.
1336 2447 1493 2481 archana.

231 2492 244 2511 ³
262 2492 496 2540 Remeabant]
525 2495 545 2512 ‘⁴
561 2493 676 2526 Verba
694 2496 767 2537 ejus
785 2494 1051 2527 consolationem
1071 2500 1103 2527 et
1121 2495 1265 2528 salutem
1283 2494 1472 2539 sapiebant.
1514 2492 1600 2535 Quis
1618 2491 1714 2526 illum

186 2539 291 2572 tristis
313 2539 409 2582 adiit,
427 2552 527 2585 quem
545 2540 699 2585 protinus
724 2540 866 2574 hilarem
892 2553 958 2574 non
985 2540 1156 2574 reddidit?
1207 2541 1292 2583 Quis
1317 2540 1504 2582 famelicus,
1523 2550 1623 2584 quem
1648 2550 1715 2571 non

184 2585 301 2630 pavit?
353 2586 438 2628 Quis
456 2586 579 2630 nudus,
598 2598 698 2631 quem
724 2598 791 2620 non
810 2587 941 2632 operuit
955 2587 966 2621 2
1019 2587 1063 2620 Et
1081 2587 1108 2620 si
1128 2587 1262 2632 quando
1283 2587 1415 2620 deesset
1433 2585 1591 2630 erogandi
1608 2584 1716 2618 facul-

184 2638 245 2675 taS,
264 2632 371 2665 inerat
389 2633 418 2665 ei
438 2644 571 2678 semper
588 2644 630 2666 ex
649 2633 788 2666 caritate
807 2634 861 2678 pia
879 2632 1072 2666 voluntas.''
1100 2633 1191 2666 Galf.
1212 2632 1230 2678 ξ
1251 2636 1306 2667 11.

228 2679 240 2696 ⁴
263 2678 377 2712 Gustu
390 2678 514 2725 panis]
542 2680 604 2712 See
627 2676 668 2723 ἕξ
690 2680 766 2722 177,
786 2682 866 2712 241.
885 2681 906 2697 ‘¹
921 2679 973 2712 De
998 2691 1085 2724 pane
1104 2692 1180 2712 vero
1203 2679 1355 2723 ejusdem
1381 2678 1526 2712 coenobii
1552 2677 1661 2710 multa
1678 2681 1712 2709 et

184 2724 269 2757 mira
294 2725 532 2769 languentibus
558 2725 706 2758 remedia
732 2726 906 2770 provenire
935 2725 1267 2771 pervulgatissimum
1294 2731 1369 2766 est3
1403 2724 1487 2757 adeo
1513 2730 1561 2766 ut,
1580 2724 1607 2756 si
1627 2723 1713 2768 quis,

184 2783 376 2815 quanquam
403 2771 585 2814 decubans,
604 2771 810 2805 validissime
837 2772 937 2814 hujus
963 2772 1128 2805 afficiatur
1153 2772 1331 2813 desiderio,
1350 2770 1621 2804 efficacissimum
1643 2780 1716 2802 esse

181 2817 314 2850 reducis
326 2823 461 2862 putetur
473 2818 636 2851 indicium
648 2818 855 2863 sospitatis.’'
870 2818 990 2851 Mirac.
1004 2818 1207 2852 &Germani
1219 2819 1348 2852 Autiss.
1362 2817 1450 2850 Aeta
1457 2817 1513 2849 SS.
1523 2815 1620 2850 7Jul.
1633 2817 1714 2849 265.

227 2864 239 2883 ⁵
261 2863 447 2911 Remedio]
475 2865 518 2897 So
536 2864 691 2899 narrated
710 2865 744 2898 in
762 2864 819 2898 the
839 2864 935 2899 Harl.
949 2863 1182 2909 abridgement
1197 2877 1203 2899 :
1233 2866 1254 2884 “
1270 2865 1424 2907 Quatuor
1442 2862 1561 2896 diebus
1578 2861 1613 2895 in
1629 2860 1712 2894 heb-
