1839 3186
506 200 564 231 ET
600 200 865 233 MIRACULIS
902 202 935 233 s.
969 202 1182 234 GODRICI.
1529 194 1608 238 179

76 302 241 344 cuidam
274 301 393 344 fratri
407 303 569 345 'eadem
605 305 706 346 hora
739 306 907 355 retulit,
941 307 1192 361 mittensque
1227 308 1479 351 Dunelmum
1509 312 1603 353 sub-

74 369 251 423 priorem
272 370 468 413 secretius
489 371 716 422 accersivit,
740 377 782 413 et
807 388 882 428 pro
903 388 1080 429 epscopo
1099 375 1309 416 orationes
1331 375 1481 419 fratres
1503 393 1600 420 eon-

72 435 242 477 stituere
275 437 482 492 praecepit,
527 437 739 489 “Orata''
772 439 970 494 inquiens,
1022 444 1049 462 ‘⁶
1070 456 1142 495 pro
1186 447 1304 496 patre
1338 447 1379 483 et
1411 444 1600 500 episcopo

70 506 219 553 vestro,
242 517 293 543 ne
313 502 419 544 forte
449 519 523 558 pro
548 505 683 559 aliquo
715 520 882 547 suorum
906 506 1142 549 lcommisso
1173 508 1333 549 infensa
1352 509 1464 550 facta
1485 511 1538 552 sit
1563 512 1599 552 ei

69 567 190 609 hodie
220 568 328 624 regis
348 569 584 625 Anglorum
606 571 850 627 indignatio,
911 573 1100 615 AEstimo
1122 574 1287 628 quidem
1310 580 1351 616 et
1374 576 1456 617 scio
1487 577 1598 631 quod

67 648 176 676 nunc
196 640 343 677 vestrae
364 636 560 679 Orationis
575 637 734 694 indiget
747 639 1009 691 adminiculo,
1033 646 1080 681 ut
1102 641 1138 682 ei
1157 656 1280 695 quam
1305 642 1426 684 citius
1446 649 1598 698 pacata

66 701 265 743 reddatur
284 702 391 758 regis
425 704 751 759 repropitiatio.”
821 706 1021 761 Idemque
1043 708 1214 749 verbum
1237 709 1384 763 saepius
1405 715 1595 764 repetens

66 773 108 808 et
128 768 350 819 inculcans,
370 770 563 824 cognovit
584 771 651 812 ille
673 772 784 826 quod
805 788 887 814 non
907 774 1061 815 frustra
1080 774 1181 815 talia
1198 774 1373 827 diceret;
1406 776 1593 819 domum-

65 848 143 888 que
178 835 353 887 rediens,
395 837 599 879 orationes
633 839 827 890 instituit,
869 844 915 881 ut
951 841 1037 895 ipse
1073 846 1303 883 monuerat.
1375 843 1594 885 Redeunte

64 901 266 957 episcopo,
303 902 441 944 omnia
474 919 566 958 quae
603 904 767 947 dixerat
799 921 896 948 vera
915 907 1040 949 fuisse
1073 908 1353 963 cognovimus,
1394 915 1435 951 et
1466 910 1593 964 ipsius

64 966 145 1008 diei
173 969 316 1010 horam
339 970 538 1024 praesagio
561 971 636 1012 viri
659 971 739 1012 Dei
771 973 1006 1015 convenisse
1028 975 1301 1029 comperimus
1321 992 1332 1023 3
1367 991 1441 1017 nec
1472 977 1593 1019 aliter

62 1033 200 1076 exitus
219 1035 278 1076 rei
297 1041 560 1090 provenerat,
583 1052 706 1091 quam
725 1038 792 1079 ille
815 1040 1113 1081 commonendo
1138 1040 1153 1062 2
1167 1041 1501 1096 praesignaverat.

57 1322 145 1348 CAP.
164 1323 311 1350 LXXIX.
381 1324 572 1354 QUOMODO
618 1325 840 1350 FRATRIBUS
885 1326 1070 1352 SERMONE
1114 1326 1263 1351 LATINO
1299 1328 1587 1364 LOQUENTIBUS,

115 1389 413 1419 QUAESTIONIBUS
442 1391 622 1417 JLLORUM
643 1392 815 1417 ANGLico
846 1392 1032 1419 SERMONE
1062 1393 1345 1429 RESPONDERrr,
1377 1395 1426 1420 ET
1448 1394 1587 1420 EORUM

116 1457 221 1482 VOTA
252 1457 490 1483 DETEXERIT.
509 1442 523 1464 ³

113 1557 251 1611 §170.
284 1559 420 1600 DUOTI
454 1574 528 1601 nos
564 1559 713 1601 fratres
754 1559 923 1614 quidam
962 1559 1114 1601 amoris
1153 1560 1289 1615 gratia
1331 1562 1587 1616 perreximus

55 1626 247 1667 monachi
268 1630 445 1680 quatuor
470 1626 525 1667 ad
552 1626 680 1678 illum,
712 1626 946 1681 percepturi
977 1627 1029 1668 ab
1061 1626 1149 1681 ipso
1180 1627 1259 1682 piae
1297 1629 1587 1671 consolationis

55 1692 258 1747 exempla.
292 1693 383 1745 Quo
406 1693 616 1735 venientes
636 1693 812 1748 benigne
834 1693 1012 1748 suscepti
1037 1708 1189 1743 sumus,
1214 1698 1255 1735 et
1277 1694 1399 1736 simul
1420 1701 1585 1737 orantes

55 1773 197 1800 omnes
234 1759 277 1800 in
311 1764 422 1800 terra
465 1759 736 1810 consedimus,
779 1764 988 1813 tantaeque
1034 1760 1262 1802 dulcedinis
1289 1761 1416 1803 verba
1452 1777 1504 1802 ex
1537 1778 1584 1803 eo

54 1824 300 1875 audivimus,
330 1830 371 1866 et
398 1830 611 1867 tantorum
633 1831 791 1867 secreta
811 1826 1115 1881 mysteriorum,
1139 1827 1248 1881 quod
1270 1842 1393 1882 supra
1414 1829 1584 1870 modum

54 1892 252 1933 mirantes
294 1891 443 1947 singuli
475 1892 530 1933 ad
562 1892 738 1934 invicem
771 1892 901 1933 ictum
940 1892 1151 1934 oculorum
1191 1894 1505 1943 inclinavimus3
1541 1900 1583 1936 et

54 1958 392 2013 obstupescentes
421 1958 523 2000 nihil
555 1974 721 2014 prorsus
751 1959 877 2008 aliud,
911 1974 1035 2013 quam
1057 1959 1142 2014 ipse
1165 1960 1299 2001 dicere
1321 1961 1464 2010 voluit,
1490 1977 1582 2016 per-

52 2024 210 2078 quirere
231 2025 319 2067 ausi
344 2039 497 2067 sumus.
560 2024 712 2067 Verbis
728 2025 893 2080 quidem
910 2025 1099 2081 Anglicis
1120 2027 1253 2067 multa
1270 2042 1421 2069 arcana
1446 2027 1581 2069 Sacrae

54 2090 277 2146 Scripturae
311 2091 429 2133 nobis
465 2092 667 2141 exsolvit3
721 2107 769 2133 ac
797 2092 848 2133 de
884 2092 995 2134 vitiis
1030 2098 1155 2147 atque
1191 2093 1427 2145 virtutibus,
1468 2110 1516 2136 ac
1547 2096 1580 2137 si

50 2158 279 2213 peroptime
305 2158 516 2200 litteratus
549 2163 666 2210 esset,
701 2159 843 2201 subtili
872 2159 1155 2214 exemplorum
1176 2160 1457 2202 moderamine
1490 2177 1579 2217 per-

97 2267 107 2286 ¹
129 2266 333 2314 Commissa]
363 2268 563 2313 Commissa,
582 2271 635 2303 H.

96 2314 109 2333 '⁴'
129 2314 422 2361 Praesignaverat.]
449 2315 637 2349 “Domnus
668 2315 770 2360 Hugo
798 2316 1039 2349 Dunelmensis
1065 2316 1243 2361 episcopus
1269 2316 1311 2350 ad
1333 2318 1460 2350 curiam
1491 2319 1578 2363 regis

48 2360 168 2404 iturus,
182 2361 245 2394 iter
262 2366 295 2394 et
312 2367 407 2395 actus
425 2373 503 2395 suos
520 2362 752 2406 religiosorum
770 2362 977 2396 orationibus
991 2362 1252 2398 commendavit.
1302 2363 1410 2409 Igitur
1425 2364 1478 2397 die
1491 2365 1578 2398 Pen-

49 2412 194 2440 tecostes
215 2413 329 2441 tantus
353 2408 442 2453 apud
456 2408 574 2443 fratres
595 2407 720 2455 [apud]
734 2409 895 2442 Sanctum
914 2409 1152 2442 AEdmundum
1170 2416 1304 2455 propter
1328 2411 1578 2444 coronationem

47 2453 135 2498 regis
153 2453 261 2487 clerus
279 2455 436 2488 convenit
453 2460 485 2488 et
503 2455 659 2500 populus,
677 2461 715 2488 ut
732 2455 852 2488 domus
867 2467 983 2488 ornnes
999 2455 1191 2500 hospitibus
1209 2456 1467 2502 complerentur.
1525 2458 1578 2491 Ibi

48 2506 183 2545 propter
210 2500 396 2546 hospitium
423 2501 592 2546 quoddam
624 2500 719 2548 [MS.
745 2501 900 2548 quidam]
933 2501 1020 2535 inter
1048 2502 1220 2536 ministros
1249 2504 1337 2547 regis
1370 2509 1403 2537 et
1429 2504 1577 2548 episcopi

50 2545 291 2580 Dunelmensis
316 2553 367 2580 est
388 2554 460 2581 orta
484 2547 660 2592 dissensio,
679 2560 754 2593 quae
778 2548 941 2593 processit
967 2559 1006 2581 eo
1031 2560 1138 2593 usque
1163 2555 1201 2582 ut
1217 2550 1389 2594 negotium
1418 2550 1578 2583 districtis

48 2592 185 2626 ensibus
210 2599 385 2638 ageretur3
412 2600 445 2627 et
462 2594 645 2628 servientes
662 2594 732 2639 regi
752 2594 842 2637 victi,
861 2606 938 2627 eum
964 2595 1084 2628 rubore
1111 2595 1333 2630 discederent.
1384 2596 1469 2629 Inde
1489 2597 1578 2641 regis

48 2638 235 2683 indignatio
261 2645 376 2673 contra
401 2641 596 2686 episcopum
614 2641 830 2674 vehementer
855 2640 1041 2675 incanduit.
1092 2641 1221 2675 Eadem
1239 2642 1320 2675 hora
1338 2643 1407 2675 viro
1426 2642 1490 2675 Dei
1508 2643 1578 2676 fac-

47 2690 121 2718 tum
151 2685 242 2719 istud
271 2686 428 2730 innotuit,
447 2687 569 2732 etipse
597 2687 732 2721 cuidam
758 2687 851 2721 fratri
869 2687 932 2721 hoc
955 2688 1109 2733 protinus
1139 2688 1311 2722 indicavit.
1362 2689 1578 2733 Suppriorem

49 2743 182 2776 quoque
211 2732 419 2766 Dunelmum
452 2734 614 2767 secretius
641 2734 803 2777 evocavit,
834 2739 867 2767 et
894 2734 1026 2768 monuit
1056 2740 1094 2767 ut
1124 2746 1183 2779 pro
1213 2735 1371 2779 episcopo
1401 2735 1579 2779 diligenter

49 2784 192 2821 orarent,
210 2778 369 2822 quatinus
395 2780 481 2824 regis
506 2780 654 2825 placaret
672 2781 847 2814 offensam.
900 2780 1070 2826 Episcopo
1096 2781 1234 2813 domum
1259 2793 1402 2825 reverso,
1421 2782 1579 2826 cognovi-

48 2835 124 2857 mus
142 2825 255 2857 omnia
272 2825 359 2858 sicut
377 2825 426 2858 vir
443 2832 579 2859 sanctus
598 2826 730 2859 dixerat
748 2826 938 2862 evenisse.''
964 2828 1076 2861 Anon.
1095 2826 1191 2861 Harl.
1211 2827 1360 2872 Legend.

93 2871 106 2892 ³
132 2870 279 2916 Chapter
297 2871 510 2906 LXXVIII.
529 2872 563 2906 in
580 2872 638 2906 the
657 2872 753 2906 Harl.
772 2872 848 2906 MS.

1330 2975 1353 2996 N
1371 2966 1392 2996 2
