1839 3186
146 139 231 185 470
669 150 903 183 LIBELLus
940 152 1003 183 DE
1038 152 1154 183 VITA

145 261 261 297 ratus
282 256 502 310 languidus
532 257 639 298 lecto
662 256 871 298 decubuit.
954 257 1038 298 Per
1059 257 1146 299 dies
1180 257 1307 312 igitur
1340 258 1549 313 perplures
1580 274 1677 313 quo—

147 321 249 363 tidie
280 321 453 377 languor
473 322 624 364 doloris
645 323 823 377 amplius
853 323 1037 375 inolevit,
1066 324 1135 377 qui
1166 323 1318 365 nullius
1352 325 1518 366 omnino
1549 325 1677 366 medi-

148 387 249 428 cinae
280 387 487 430 industria
518 389 756 430 diminorari
793 389 835 429 in
866 389 1002 443 aliquo
1033 390 1184 444 potuit.
1256 390 1444 431 Tandem
1466 406 1562 432 vero
1592 391 1676 432 fere

146 453 368 495 intercluso
390 460 532 496 meatu
552 456 734 510 gutturis
754 470 828 509 per
851 455 938 496 dies
960 456 1121 496 circiter
1143 457 1288 497 decem
1318 471 1482 497 omnem
1513 472 1617 511 pene
1640 457 1686 498 eir

147 520 334 574 praecidit
369 521 685 575 possibilitatem
712 521 882 575 loquelae
918 521 1039 562 simul
1061 527 1102 562 et
1125 526 1247 576 potus
1274 527 1397 576 atque
1429 523 1674 565 refectionis.

149 585 277 627 Patre
310 586 437 641 igitur
457 588 624 642 lugente
661 592 703 627 et
734 592 826 628 tota
856 587 1013 628 familia
1046 588 1215 629 turbata
1235 603 1308 642 pro
1339 589 1414 629 tali
1445 588 1677 630 amittendo

147 652 311 702 herede,
335 653 503 707 quidam
525 653 695 694 clericus
716 653 758 693 in
781 653 902 694 domo
931 653 1001 694 illa
1023 653 1271 695 domesticus
1293 654 1414 704 dixit,
1439 655 1549 709 quod
1570 655 1676 696 salu-

147 723 233 759 tem
255 719 391 760 adhuc
411 724 549 774 posset
568 719 687 760 facile
709 719 900 773 consequi
917 720 949 760 si
966 724 1107 761 tamen
1127 720 1282 774 aliquid
1304 721 1454 762 habere
1471 726 1610 776 posset
1627 722 1677 762 de

146 784 326 838 reliquiis
364 784 506 827 Sancti
541 785 723 826 Godrici.
801 785 929 827 Unde
967 786 1166 840 inquiens,
1197 786 1390 828 “Fidem
1429 787 1593 838 habete,
1636 792 1677 828 et

146 865 220 904 pro
245 850 402 906 scypho
433 851 520 907 ejus
551 852 620 906 qui
651 850 693 892 in
727 851 935 893 Dunelmo
976 852 1153 893 habetur
1187 853 1385 894 mittite.”
1456 854 1578 906 Quod
1613 854 1677 895 in-

147 915 288 958 firmus
309 922 356 958 ut
378 918 540 960 audivit
561 933 659 959 mox
683 932 756 972 per
780 916 867 973 ejus
888 918 1038 960 merita
1072 933 1114 960 se
1138 934 1256 974 posse
1280 918 1415 961 sanari
1436 920 1672 974 perhibuit;

146 988 188 1023 et
213 998 338 1038 quam
359 984 482 1026 citius
503 1000 576 1039 pro
597 985 685 1039 ipso
706 983 819 1026 mitti
843 984 954 1026 fecit.
1027 985 1118 1038 Quo
1143 986 1270 1027 allato
1292 991 1333 1027 et
1355 987 1471 1039 aquis
1491 986 1674 1041 impleto,

145 1049 364 1104 aegrotanti
400 1055 547 1105 potum
582 1055 868 1106 porrexerunt,
898 1066 1119 1105 omnesque
1152 1052 1295 1093 Sancti
1318 1052 1487 1093 Godrioi
1522 1053 1678 1094 miseri-

145 1115 329 1158 cordiam
370 1117 611 1159 medullitus
650 1117 860 1172 postulare
910 1122 1133 1173 coeperunt.
1225 1119 1331 1159 Mox
1371 1118 1498 1173 igitur
1537 1124 1585 1159 ut
1626 1119 1676 1159 de

144 1182 301 1238 scypho
335 1182 406 1224 illo
438 1188 671 1238 potaverat,
694 1183 810 1238 quasi
841 1184 1053 1238 spinarum
1084 1184 1272 1226 stimulos
1302 1185 1561 1226 acutissimos
1591 1200 1677 1226 mo-

146 1249 233 1290 veri
254 1249 435 1304 undique
457 1254 499 1291 et
521 1249 694 1292 dissilire
716 1254 803 1291 tam
834 1250 877 1291 in
901 1251 1036 1305 capite
1060 1266 1183 1305 quam
1204 1251 1246 1291 in
1267 1256 1436 1306 gutture
1459 1266 1531 1293 suo
1553 1251 1677 1293 senti-

145 1315 254 1365 ebat,
278 1315 347 1369 qui
382 1317 649 1371 postmodum
680 1330 834 1367 omnes,
856 1321 904 1358 ut
923 1317 1110 1367 asseruit,
1135 1332 1228 1358 cum
1259 1318 1371 1358 omni
1403 1317 1541 1359 dolore
1576 1318 1677 1372 pris-

144 1381 232 1422 tino
254 1386 295 1423 et
317 1387 478 1424 tumore
509 1382 652 1424 foetido
674 1383 830 1424 ventris
861 1383 950 1438 ejus
980 1384 1209 1438 penetralia
1238 1384 1458 1438 petierunt,
1482 1388 1523 1425 et
1545 1384 1677 1439 diges-

145 1447 257 1489 tione
295 1449 476 1490 naturali
509 1450 560 1490 de
599 1464 767 1504 corpore
803 1448 890 1505 ejus
925 1450 1131 1491 exierunt.
1208 1450 1325 1491 Tunc
1353 1449 1521 1505 juvenis
1555 1465 1678 1492 sanus

145 1513 316 1556 effectus
351 1516 544 1567 surrexit,
576 1520 818 1570 patremque
860 1530 980 1557 suum
1016 1515 1125 1557 intro
1153 1516 1291 1558 vocari
1331 1517 1445 1565 fecit,
1483 1517 1674 1571 cibosque

148 1580 284 1621 afferri
306 1582 515 1636 praecepit,
533 1586 575 1623 et
589 1597 726 1623 coram
749 1586 866 1636 patre
888 1597 962 1624 suo
981 1582 1199 1624 comedens
1217 1583 1445 1624 Dominum
1467 1583 1509 1623 in
1524 1583 1677 1624 Sancto

146 1646 327 1688 Godrico
362 1647 596 1703 glorificans
632 1663 674 1690 se
715 1648 974 1690 sanissimum
1015 1663 1102 1690 esse
1143 1649 1331 1691 asseruit.
1414 1650 1680 1691 Mirabantur

145 1713 273 1768 igitur
294 1729 448 1765 omnes,
472 1719 514 1755 et
537 1715 692 1756 Sancto
716 1714 896 1756 Godrico
926 1715 1083 1770 gratias
1106 1715 1285 1756 lacrimis
1312 1716 1618 1757 exsultantibus
1637 1720 1679 1756 et

147 1779 393 1822 dulcimodis
415 1781 583 1823 vocibus
603 1781 849 1831 referebant,
874 1782 942 1835 qui
966 1786 1054 1822 tam
1076 1781 1292 1837 magnifice
1314 1782 1472 1824 cunctis
1496 1782 1678 1824 ostendit

147 1851 304 1900 quanta
325 1847 457 1889 virtus
478 1847 520 1889 in
540 1847 696 1903 scypho
718 1846 805 1903 ejus
826 1847 965 1898 fuerit,
993 1863 1045 1888 ex
1070 1863 1148 1902 quo
1172 1848 1311 1890 vivens
1333 1853 1493 1890 sacrato
1515 1864 1583 1889 ore
1605 1864 1678 1890 suo

148 1916 189 1953 et
210 1912 330 1954 labiis
360 1913 629 1956 sanctissimis
662 1918 803 1968 potare
830 1914 1056 1956 consuevit.
1120 1914 1334 1968 Siquidem
1355 1915 1535 1970 scyphus
1555 1914 1623 1956 ille
1654 1930 1679 1955 a

147 1978 345 2033 primaeva
379 1980 507 2035 ipsius
535 1984 658 2021 aetate
682 1995 810 2034 usque
831 1980 874 2021 in
905 1981 1014 2021 diem
1045 1981 1191 2022 mortis
1221 1995 1306 2022 suae
1336 1981 1445 2023 illius
1467 1981 1679 2030 extiterat,

149 2059 203 2085 ex
224 2060 303 2099 quo
328 2051 415 2087 tam
453 2062 576 2089 sanus
607 2061 731 2101 quam
762 2046 982 2101 languidus
1012 2047 1176 2089 assidue
1204 2052 1350 2102 potum
1370 2052 1539 2102 gustare
1562 2046 1676 2088 ¹con-

151 2117 356 2153 sueverat.

199 2223 208 2241 ¹
238 2221 488 2267 Consueverat]
511 2223 713 2257 “Jordanus
739 2223 852 2257 Heliae
873 2224 965 2258 filius
990 2235 1068 2257 cum
1094 2230 1183 2258 esset
1204 2224 1317 2269 gladio
1340 2224 1480 2258 militari
1498 2236 1604 2270 nuper
1621 2237 1676 2259 ac—

150 2267 294 2311 cinctus,
319 2268 557 2312 aegritudinem
583 2270 807 2314 periculosam
837 2271 939 2304 nimis
966 2270 1118 2305 incurrit.
1170 2271 1298 2304 Tumor
1326 2272 1416 2305 enim
1447 2272 1494 2304 ita
1519 2277 1620 2316 caput
1645 2277 1678 2304 et

150 2314 276 2347 collum
294 2315 367 2358 ejus
381 2314 568 2359 obsederat,
583 2316 672 2360 quod
691 2316 852 2350 decubuit
870 2317 964 2361 quasi
983 2317 1179 2362 desperatus
1196 2318 1231 2350 in
1248 2318 1346 2351 lecto.
1383 2318 1531 2351 Invaluit
1546 2329 1678 2362 quoque

152 2360 300 2403 morbus,
327 2372 388 2393 nec
414 2361 524 2405 potuit
549 2362 793 2396 medicantium
824 2363 974 2396 sollertia
997 2364 1157 2408 mitigari.
1207 2364 1363 2408 Denique
1389 2370 1503 2397 meatu
1532 2364 1678 2409 gutturis

151 2406 347 2447 intercluso,
366 2407 424 2439 vix
447 2407 628 2452 aliquando
650 2408 783 2452 edendi,
807 2409 956 2452 bibendi,
983 2409 1142 2454 loquendi
1168 2410 1285 2443 habuit
1310 2410 1518 2444 facultatem.
1570 2410 1678 2454 Igitur

149 2457 244 2497 patre
266 2453 471 2498 famuliSque
493 2454 700 2498 lugentibus,
718 2455 823 2488 suasit
841 2456 979 2500 quidam
998 2456 1140 2489 clericus
1164 2462 1200 2490 ut
1223 2457 1380 2489 afferrent
1398 2456 1565 2501 scyphum
1587 2456 1677 2489 beati

151 2499 290 2532 Godrici
309 2500 366 2544 qni
385 2505 454 2532 erat
469 2499 641 2543 Dunclmi,
656 2501 814 2545 quatinus
837 2513 925 2545 aeger
942 2502 1020 2534 inde
1039 2508 1182 2547 potarat.
1233 2503 1388 2547 Cumque
1413 2503 1532 2536 fuisset
1555 2502 1676 2536 allatus

147 2551 266 2590 potum
292 2546 321 2578 ei
347 2552 577 2591 porrexerunt,
605 2546 670 2580 Dei
695 2547 960 2581 miscricordiam
986 2548 1211 2593 postulantes.
1256 2549 1343 2582 Mox
1362 2555 1398 2581 ut
1418 2548 1496 2582 inde
1517 2548 1677 2593 gustavit,

150 2591 241 2625 velut
259 2592 431 2636 spinarum
449 2593 583 2626 aculeos
602 2593 643 2626 de
661 2594 770 2638 capite
788 2594 889 2626 simul
904 2600 937 2626 et
954 2600 1089 2638 gutture
1107 2595 1212 2628 sensit
1229 2595 1334 2628 exire.
1385 2595 1538 2628 Surrexit
1556 2606 1633 2640 ergo
1647 2600 1680 2627 et

151 2638 299 2671 comedit
316 2650 427 2672 coram
446 2644 539 2683 patre
557 2651 628 2682 suo,
646 2640 771 2683 gratias
789 2651 891 2684 agens
912 2639 1009 2673 beato
1028 2641 1186 2683 Godrico,
1205 2647 1238 2674 et
1255 2653 1292 2674 se
1311 2641 1448 2674 omnino
1466 2652 1587 2674 sanum
1605 2652 1679 2674 esse

150 2689 356 2718 contestans.
405 2685 475 2718 Alii
494 2697 626 2730 quoque
645 2686 794 2718 divinam
816 2686 976 2730 pictatem
1000 2686 1226 2728 lacrimantes,
1245 2687 1419 2720 humiliter
1436 2687 1679 2728 collaudantes,

151 2736 184 2808 elt
209 2730 322 2764 Sancti
342 2731 480 2765 Godrici
501 2733 620 2766 merita
644 2731 773 2766 devotis
799 2732 970 2766 mentibus
994 2732 1230 2767 attollebant.⁷’
1280 2734 1503 2778 Anonymous
1519 2733 1678 2766 Harleian

184 2777 301 2820 egcnd.
