1839 3186
509 199 568 230 ET
604 199 871 232 MIRACULIS
909 200 943 231 S.
978 200 1196 232 GODRIOI.
1542 190 1622 235 175

89 307 299 344 momento
335 307 377 344 et
409 303 495 344 ictu
527 303 633 344 oculi
671 303 714 344 in
748 303 920 345 diversis
952 303 1186 358 regionibus
1221 303 1323 345 hora
1360 304 1505 346 eadem
1539 305 1619 346 Dei

92 368 104 389 ¹
113 374 321 424 praecepta
360 368 593 424 perficiunt.
667 369 725 410 Et
764 384 874 410 nunc
908 370 1072 423 utrique
1114 369 1281 424 spiritus
1321 370 1485 411 illorum
1526 387 1620 413 cum

93 435 227 476 choris
250 435 464 491 Angelicis
492 440 693 491 perpetua
716 435 927 477 foelicitate
949 436 1155 486 laetantur,
1178 435 1248 477 ubi
1271 436 1414 478 donati
1436 439 1625 479 mercede

90 505 257 552 aeterna,
280 517 373 543 cum
393 502 573 543 Domino
592 502 634 543 in
651 502 883 544 coelestibus
903 502 1146 557 gloriantur.

150 568 172 622 ξ
196 569 292 610 165.
326 568 499 610 Volenti
515 584 611 610 vero
636 583 757 623 super
777 568 841 610 his
863 568 1056 623 quaedam
1077 568 1197 623 plura
1220 569 1467 623 perquirere,
1500 570 1622 625 coepit

92 633 155 675 vir
186 633 266 675 Dei
300 649 461 689 semper
484 634 671 691 jocunda
695 635 885 689 quaedam
906 634 1013 676 seria
1041 635 1284 677 interserere
1308 640 1350 676 et
1371 636 1626 691 interrogata

90 699 295 751 omittere,
329 706 455 755 atque
475 717 548 756 per
569 701 651 742 alia
685 701 847 755 eloquia
871 701 1131 756 pertransire.
1196 701 1358 743 Eadem
1376 718 1472 744 vero
1505 703 1623 745 nobis

91 766 177 821 ipse
199 767 416 821 aliquoties
448 768 604 817 retulit,
628 772 669 809 et
694 767 861 823 spiritus
898 773 1154 809 mortuorum
1176 783 1257 808 non
1280 769 1478 810 discretas
1498 769 1624 811 maris

91 837 165 873 aut
194 833 355 874 feminae
376 834 530 875 formas
562 849 716 889 gerere,
750 834 890 888 quales
910 834 1110 885 novimus,
1150 839 1387 876 constanter
1408 836 1618 884 astruxit3

91 899 201 940 unde
234 904 275 941 et
303 900 421 941 nobis
441 900 565 941 ρ1111ιεὶ
598 900 720 941 Beati
743 900 865 941 Pauli
887 900 1101 942 sententiae
1124 900 1345 943 videbatur
1375 902 1474 943 satis
1513 918 1623 943 com-

92 965 213 1006 mode
238 966 469 1015 convenire,
493 982 574 1021 qua
606 966 729 1008 3dicit
746 982 819 1008 nos
840 967 882 1008 in
905 967 1069 1009 Christo
1099 966 1130 1008 J
1134 982 1206 1009 esu
1226 983 1301 1009 nec
1322 969 1525 1011 masculos
1547 984 1623 1011 nec

93 1029 290 1073 4feminas
312 1047 415 1075 esse.

91 1257 180 1283 CAP.
200 1257 358 1283 Lxxvn.
418 1253 621 1286 QUALITER
651 1254 860 1280 CUJUSDAM
884 1254 1082 1280 RELlGlosl
1102 1254 1263 1279 EXlTUM
1289 1254 1426 1279 NUPER
1455 1255 1626 1281 INSTARE

151 1323 421 1358 PRAEDIXERIT,
458 1322 592 1351 ATQUE
612 1321 802 1347 PRAESAGO
833 1321 991 1347 sP1R1TU
1024 1321 1075 1346 DE
1106 1321 1269 1346 HOMINE
1300 1321 1469 1347 NECDUM
1490 1323 1626 1349 AEGRo·

150 1391 285 1416 TANTE
315 1390 405 1415 1srA
435 1370 751 1414 PRAESENSERIT.⁵

153 1488 175 1542 ᾗ
198 1488 295 1530 166.
328 1487 396 1529 AT
425 1488 533 1531 inter
553 1489 635 1530 alia
656 1489 858 1531 virtutum
880 1487 1057 1543 insignia
1079 1487 1141 1530 vir
1161 1487 1242 1529 Dei
1262 1487 1479 1542 aliquoties
1503 1487 1625 1542 coepit

93 1559 269 1596 ventura
299 1554 625 1597 adventantibus
665 1555 808 1597 amicis
845 1555 1082 1610 praedicere,
1124 1559 1165 1596 et
1203 1554 1391 1597 absentia
1426 1554 1626 1596 nonnulla

141 1664 150 1684 ¹
171 1665 343 1711 Praecepta
354 1665 564 1712 perficiunt]
593 1666 655 1699 See
673 1666 707 1699 S.
728 1665 870 1699 Thomae
888 1665 982 1699 Sum.
1000 1677 1034 1711 p.
1054 1667 1084 1707 1,
1103 1677 1134 1710 q.
1150 1667 1227 1709 112,
1246 1666 1312 1698 and
1329 1664 1387 1698 the
1406 1665 1624 1698 Commenta-

94 1712 302 1791 tor5,IZ11}re
320 1712 377 1791 tllhe
395 1713 549 1758 opinions
567 1712 604 1745 of
617 1712 675 1765 the
693 1712 829 1791 ClIiiurch
844 1724 934 1758 upon
947 1712 1005 1745 the
1022 1712 1155 1756 subject
1168 1712 1206 1745 of
1216 1712 1345 1757 Angels
1362 1724 1418 1745 are
1436 1711 1624 1745 discussed.

225 1771 244 1791 α
270 1784 276 1791 .
371 1770 390 1791 a
408 1784 417 1793 .
437 1784 445 1792 .
462 1785 470 1793 .
492 1785 499 1791 .
518 1765 686 1792 sententia
759 1784 766 1792 .

140 1805 154 1826 3
174 1758 301 1851 Dicit}
328 1805 405 1838 Gal.
422 1805 471 1839 iii.
490 1807 546 1839 28.
598 1805 671 1838 The
689 1786 781 1850 early
798 1804 883 1838 faith
908 1816 999 1850 upon
1016 1804 1084 1838 this
1110 1804 1262 1838 doctrine
1280 1816 1348 1838 was
1365 1804 1530 1838 two—sold.
1582 1803 1623 1837 In

95 1851 152 1884 the
165 1851 238 1884 first
250 1851 357 1896 place,
369 1851 442 1885 that
455 1852 489 1884 in
503 1851 560 1884 the
578 1851 815 1885 Resurrection
828 1863 878 1884 we
896 1850 982 1884 shall
1000 1851 1087 1884 arise
1103 1851 1289 1892 τοιούτους,
1304 1853 1415 1886 ὁποῖοι
1428 1850 1625 1896 ὑπάρχομεν

94 1897 132 1932 ἐν
148 1913 187 1942 τῃ
206 1900 264 1932 νῦν
276 1899 394 1944 μορφῃ
414 1898 548 1943 (Const.
564 1898 684 1943 Apost.
701 1898 791 1943 apud
810 1897 956 1931 Coteler.
975 1898 997 1931 i.
1017 1899 1100 1943 308)
1116 1911 1124 1940 ;
1151 1910 1198 1941 or,
1216 1910 1252 1931 as
1270 1898 1296 1931 it
1308 1898 1336 1931 is
1354 1898 1504 1931 affirmed
1519 1899 1552 1931 in
1567 1898 1625 1931 the

97 1945 226 1987 Quaest.
246 1950 279 1977 et
296 1945 461 1990 Respons.
480 1944 522 1977 ad
541 1944 731 1979 Orthodox.
754 1944 914 1989 formerly
932 1944 1085 1978 ascribed
1102 1951 1136 1977 to
1155 1944 1270 1978 Justin
1295 1945 1438 1990 Martyr,
1465 1945 1571 1990 (Opp.
1589 1957 1623 1990 p.

95 1993 176 2033 463,
202 1991 283 2025 edit.
309 1991 455 2035 Bened.)
482 1990 626 2026 ἕκαστον
649 2006 716 2025 των
738 1990 968 2036 ἆνισταμενων
992 1991 1052 2035 τὴν
1078 1991 1202 2026 οἰκείαν
1232 1991 1332 2037 [χρὴ]
1361 1992 1452 2037 ἔχειν
1474 1992 1624 2036 μορφήν.

98 2037 166 2070 Yet
183 2037 250 2071 this
266 2037 578 2083 notwithstanding,
597 2037 654 2071 the
673 2037 887 2071 distinctions
905 2038 943 2071 of
964 2049 1037 2080 sex,
1055 2038 1156 2071 while
1173 2038 1255 2084 they
1272 2050 1327 2072 are
1348 2038 1537 2084 preserved,
1555 2038 1625 2072 will

94 2095 138 2117 no
155 2083 271 2129 longer
287 2084 329 2118 be
347 2084 453 2118 under
469 2084 527 2117 the
545 2079 712 2118 influence
730 2084 768 2118 of
781 2084 899 2118 sexual
922 2084 1156 2127 associations‚
1174 2084 1218 2118 all
1237 2085 1275 2118 of
1286 2084 1398 2118 which
1415 2085 1485 2118 will
1504 2085 1625 2130 bepu-

96 2130 193 2164 rified
221 2131 288 2164 and
315 2142 399 2164 even
426 2130 648 2165 annihilated.
698 2130 804 2175 Thus,
832 2130 1012 2176 according
1037 2137 1071 2164 to
1097 2131 1145 2165 St.
1159 2131 1362 2177 Augusfflne,
1388 2131 1508 2165 “Non
1534 2132 1624 2165 enim

94 2176 200 2211 libido
214 2177 261 2211 ibi
276 2177 337 2211 erit
351 2189 426 2222 quae
443 2177 650 2211 confusionis
669 2182 718 2211 est
732 2189 844 2221 causa,
865 2204 872 2211 .
891 2203 899 2212 .
920 2205 925 2211 .
946 2177 1150 2223 Corporibus
1168 2190 1245 2223 ergo
1263 2178 1331 2212 illis
1348 2178 1430 2212 vitia
1447 2178 1625 2211 detrahen-

97 2229 161 2267 tur,
183 2230 301 2257 natura
326 2223 546 2257 servabitur.''
572 2223 625 2257 De
644 2223 790 2257 Civitate
816 2224 892 2269 Dei,
921 2236 1011 2258 xxu.
1037 2224 1119 2258 xvii.
1184 2224 1413 2269 Seefurther,
1431 2225 1465 2259 S.
1484 2224 1626 2259 Thomae

96 2269 404 2315 Summ.The010g.
422 2273 443 2304 3
459 2276 545 2316 part.
563 2282 594 2315 q.
613 2273 668 2314 81,
687 2275 748 2305 art.
767 2273 800 2305 3.

143 2317 156 2335 ⁴
175 2316 329 2350 Feminas
352 2316 442 2362 essa]
467 2318 489 2335 “
503 2316 585 2350 Post
600 2316 674 2350 haec
691 2317 784 2350 brevi
801 2322 953 2362 tempore
970 2317 1062 2350 venit
1078 2317 1297 2351 familiarium
1322 2329 1459 2351 suorum
1485 2318 1622 2363 quidam

96 2361 337 2396 Dunelmensis
354 2363 396 2396 ad
414 2374 502 2407 eum,
521 2363 579 2408 qui
597 2363 685 2397 dixit
702 2363 789 2396 inter
804 2371 925 2397 caetera
942 2363 1031 2408 quod
1045 2364 1186 2397 Griseus
1199 2364 1336 2409 quidam
1355 2364 1470 2408 abbas,
1487 2365 1625 2398 nomine

96 2408 275 2454 Robertus,
302 2409 352 2442 vir
376 2415 524 2453 sanctus,
551 2421 656 2455 nuper
681 2410 858 2455 migrasset
883 2422 903 2443 a
924 2410 1075 2452 saecu103
1110 2416 1143 2443 et
1169 2410 1210 2444 de
1240 2417 1347 2445 morte
1375 2410 1482 2456 ipsius
1513 2411 1625 2444 dolere

96 2455 325 2501 quamplures.
388 2456 444 2489 Ad
469 2455 533 2489 hoc
566 2455 623 2489 ille
648 2456 837 2501 respondit:
872 2458 880 2475 ⁴
901 2456 1072 2498 Quoniam
1097 2457 1234 2502 spiritus
1259 2469 1279 2490 a
1303 2464 1410 2490 morte
1435 2458 1555 2490 transit
1580 2457 1623 2491 ad

96 2502 212 2545 vitam,
229 2501 343 2546 gaudii
361 2502 404 2535 ad
420 2502 484 2535 hoc
501 2510 582 2547 puto
601 2514 674 2535 esse
698 2503 886 2547 materiam,
904 2515 971 2536 non
989 2502 1125 2537 doloris.
1174 2503 1238 2537 Vir
1254 2504 1312 2537 ille
1328 2503 1480 2537 ⁴Sabbato
1497 2515 1623 2549 praece-

97 2547 189 2581 denti
206 2554 282 2593 post
299 2560 422 2582 nonam
448 2549 557 2593 urgeri
583 2549 685 2594 coepit
702 2549 744 2582 ad
762 2549 875 2593 finem,
900 2549 960 2582 sed
986 2549 1185 2594 dispositum
1211 2556 1282 2583 erat
1299 2562 1319 2584 a
1336 2550 1483 2583 Domino
1502 2556 1538 2583 ut
1555 2562 1622 2583 non

97 2593 283 2628 discederet
301 2594 343 2628 ab
367 2594 431 2628 hac
448 2595 517 2628 vita
543 2596 637 2640 prius
661 2607 762 2640 quam
790 2596 929 2629 haberet
945 2596 1073 2629 sociam
1090 2596 1268 2640 cujusdam
1296 2596 1447 2630 honestae
1472 2596 1623 2630 mulieris

97 2640 245 2673 animam
275 2640 316 2674 de
346 2640 540 2685 Hastinges,
559 2653 633 2686 quae
652 2642 833 2675 vocabatur
862 2642 982 2676 Ediva.
1034 2642 1078 2675 Et
1108 2643 1267 2687 quoniam
1295 2643 1372 2689 plus
1400 2643 1564 2676 laboravit
1589 2644 1624 2676 in

98 2687 205 2730 exitu,
224 2686 327 2720 dilata
344 2693 394 2720 est
412 2687 514 2720 etiam
530 2699 621 2721 mors
638 2688 769 2722 abbatis
784 2701 792 2730 ;
816 2694 850 2722 et
867 2700 928 2734 ego
945 2688 1102 2722 similiter
1125 2689 1255 2722 animas
1276 2701 1390 2722 eorum
1409 2689 1478 2722 vidi
1495 2689 1538 2722 ad
1555 2701 1623 2723 coe-

98 2732 169 2766 lum
187 2732 228 2766 ab
246 2733 373 2777 angelis
400 2733 589 2778 deportari!
639 2734 715 2768 Hoc
732 2735 804 2780 ipse
829 2735 926 2768 nobis
955 2735 1102 2769 referens
1127 2735 1226 2778 dixit,
1250 2736 1387 2780 spiritus
1414 2742 1623 2769 mortuorum

98 2779 222 2812 formas
240 2791 306 2812 non
323 2779 447 2812 habere
465 2780 626 2813 discretas
647 2781 749 2814 maris
767 2787 801 2814 et
817 2781 968 2815 foeminae
986 2794 994 2823 ;
1020 2781 1109 2826 quod
1126 2782 1283 2827 Apostoli
1301 2782 1479 2815 sententiae
1493 2782 1624 2816 videtur

98 2837 292 2870 congruere,
310 2826 367 2869 qui
386 2825 484 2865 dixit,
502 2826 537 2859 in
556 2826 690 2860 Christo
708 2827 793 2860 Jesu
810 2839 872 2861 nec
890 2828 1059 2861 masculos
1077 2839 1161 2872 esse,
1180 2839 1241 2862 nec
1258 2828 1452 2862 foeminas.”

146 2872 159 2890 ⁵
177 2871 217 2904 In
235 2871 291 2905 the
310 2871 405 2905 Harl.
425 2871 500 2905 Ms.
518 2872 656 2918 chapter
674 2873 845 2908 LXXVI.
