<?xml version="1.0" encoding="UTF-8"?>
<!DOCTYPE html PUBLIC "-//W3C//DTD XHTML 1.0 Transitional//EN"
    "http://www.w3.org/TR/xhtml1/DTD/xhtml1-transitional.dtd">
<html xmlns="http://www.w3.org/1999/xhtml" xml:lang="en" lang="en">
 <head>
  <title>
</title>
<meta http-equiv="Content-Type" content="text/html;charset=utf-8" />
  <meta name='ocr-system' content='tesseract 3.04.00' />
  <meta name='ocr-capabilities' content='ocr_page ocr_carea ocr_par ocr_line ocrx_word'/>
</head>
<body>
  <div class='ocr_page' id='page_1' title='image "./libellusdevitaet00regi/libellusdevitaet00regi_0436.png"; bbox 0 0 1839 3186; ppageno 0'>
   <div class='ocr_carea' id='block_1_1' title="bbox 160 177 1175 217">
    <p class='ocr_par' dir='ltr' id='par_1_1' title="bbox 160 177 1175 217">
     <span class='ocr_line' id='line_1_1' title="bbox 160 177 1175 217; baseline -0.001 0"><span class='ocrx_word' id='word_1_1' title='bbox 160 177 244 217; x_wconf 88' lang='grc'>390</span> <span class='ocrx_word' id='word_1_2' title='bbox 523 192 527 195; x_wconf 84' lang='lat'><em>-</em></span> <span class='ocrx_word' id='word_1_3' title='bbox 695 184 932 217; x_wconf 81' lang='lat' dir='ltr'><strong>LIBELLUS</strong></span> <span class='ocrx_word' id='word_1_4' title='bbox 964 185 1027 216; x_wconf 87' lang='lat' dir='ltr'>DE</span> <span class='ocrx_word' id='word_1_5' title='bbox 1059 185 1175 216; x_wconf 82' lang='lat' dir='ltr'><strong>VITA</strong></span> 
     </span>
    </p>
   </div>
   <div class='ocr_carea' id='block_1_2' title="bbox 158 286 1719 2674">
    <p class='ocr_par' dir='ltr' id='par_1_2' title="bbox 158 286 1714 1545">
     <span class='ocr_line' id='line_1_2' title="bbox 158 286 1704 344; baseline -0.001 -13"><span class='ocrx_word' id='word_1_6' title='bbox 158 288 471 331; x_wconf 90' lang='lat' dir='ltr'>consistentium</span> <span class='ocrx_word' id='word_1_7' title='bbox 514 288 565 330; x_wconf 92' lang='lat' dir='ltr'>de</span> <span class='ocrx_word' id='word_1_8' title='bbox 611 286 699 344; x_wconf 84' lang='lat' dir='ltr'>ejus</span> <span class='ocrx_word' id='word_1_9' title='bbox 730 288 920 330; x_wconf 87' lang='lat' dir='ltr'>manibus</span> <span class='ocrx_word' id='word_1_10' title='bbox 958 289 1030 330; x_wconf 89' lang='lat' dir='ltr'>vix</span> <span class='ocrx_word' id='word_1_11' title='bbox 1063 288 1230 344; x_wconf 87' lang='lat' dir='ltr'>eriperit</span> <span class='ocrx_word' id='word_1_12' title='bbox 1275 292 1316 329; x_wconf 91' lang='lat' dir='ltr'>et</span> <span class='ocrx_word' id='word_1_13' title='bbox 1348 292 1537 343; x_wconf 85' lang='lat' dir='ltr'>ereptum</span> <span class='ocrx_word' id='word_1_14' title='bbox 1568 291 1704 329; x_wconf 88' lang='lat' dir='ltr'>custo-</span> 
     </span>
     <span class='ocr_line' id='line_1_3' title="bbox 161 355 1704 411; baseline -0.001 -14"><span class='ocrx_word' id='word_1_15' title='bbox 161 356 279 398; x_wconf 90' lang='lat' dir='ltr'>divit.</span> <span class='ocrx_word' id='word_1_16' title='bbox 371 355 474 397; x_wconf 90' lang='lat' dir='ltr'>Post</span> <span class='ocrx_word' id='word_1_17' title='bbox 508 355 689 396; x_wconf 89' lang='lat' dir='ltr'>multum</span> <span class='ocrx_word' id='word_1_18' title='bbox 729 370 827 397; x_wconf 90' lang='lat' dir='ltr'>vero</span> <span class='ocrx_word' id='word_1_19' title='bbox 863 356 1062 411; x_wconf 87' lang='lat' dir='ltr'>temporis</span> <span class='ocrx_word' id='word_1_20' title='bbox 1102 355 1405 410; x_wconf 89' lang='lat' dir='ltr'>aliquantulum</span> <span class='ocrx_word' id='word_1_21' title='bbox 1440 355 1483 395; x_wconf 90' lang='lat' dir='ltr'>in</span> <span class='ocrx_word' id='word_1_22' title='bbox 1525 369 1568 396; x_wconf 91' lang='lat' dir='ltr'>se</span> <span class='ocrx_word' id='word_1_23' title='bbox 1609 369 1704 395; x_wconf 92' lang='lat' dir='ltr'>con-</span> 
     </span>
     <span class='ocr_line' id='line_1_4' title="bbox 158 420 1704 477; baseline -0.002 -13"><span class='ocrx_word' id='word_1_24' title='bbox 158 437 278 465; x_wconf 88' lang='lat' dir='ltr'>versa</span> <span class='ocrx_word' id='word_1_25' title='bbox 317 437 365 464; x_wconf 90' lang='lat' dir='ltr'>ac</span> <span class='ocrx_word' id='word_1_26' title='bbox 407 422 635 464; x_wconf 78' lang='lat' dir='ltr'>sensibilior</span> <span class='ocrx_word' id='word_1_27' title='bbox 675 421 837 470; x_wconf 84' lang='lat' dir='ltr'>effecta,</span> <span class='ocrx_word' id='word_1_28' title='bbox 874 422 965 463; x_wconf 90' lang='lat' dir='ltr'>loca</span> <span class='ocrx_word' id='word_1_29' title='bbox 1008 427 1151 464; x_wconf 87' lang='lat' dir='ltr'>sancta</span> <span class='ocrx_word' id='word_1_30' title='bbox 1191 437 1264 477; x_wconf 90' lang='lat' dir='ltr'>per</span> <span class='ocrx_word' id='word_1_31' title='bbox 1304 421 1490 463; x_wconf 88' lang='lat' dir='ltr'>Scotiam</span> <span class='ocrx_word' id='word_1_32' title='bbox 1530 420 1704 462; x_wconf 90' lang='lat' dir='ltr'>circum-</span> 
     </span>
     <span class='ocr_line' id='line_1_5' title="bbox 160 487 1704 544; baseline -0.002 -13"><span class='ocrx_word' id='word_1_33' title='bbox 160 490 261 540; x_wconf 91' lang='lat' dir='ltr'>ibat,</span> <span class='ocrx_word' id='word_1_34' title='bbox 286 489 358 531; x_wconf 86' lang='lat' dir='ltr'>sed</span> <span class='ocrx_word' id='word_1_35' title='bbox 379 489 555 530; x_wconf 88' lang='lat' dir='ltr'>salutem</span> <span class='ocrx_word' id='word_1_36' title='bbox 576 489 829 544; x_wconf 86' lang='lat' dir='ltr'>postulatam</span> <span class='ocrx_word' id='word_1_37' title='bbox 850 488 1030 544; x_wconf 89' lang='lat' dir='ltr'>recipere</span> <span class='ocrx_word' id='word_1_38' title='bbox 1051 504 1133 530; x_wconf 86' lang='lat' dir='ltr'>non</span> <span class='ocrx_word' id='word_1_39' title='bbox 1153 488 1333 531; x_wconf 87' lang='lat' dir='ltr'>valebat.</span> <span class='ocrx_word' id='word_1_40' title='bbox 1396 487 1586 542; x_wconf 89' lang='lat' dir='ltr'>Denique</span> <span class='ocrx_word' id='word_1_41' title='bbox 1607 487 1704 528; x_wconf 90' lang='lat' dir='ltr'>illuc</span> 
     </span>
     <span class='ocr_line' id='line_1_6' title="bbox 158 554 1704 611; baseline -0.002 -13"><span class='ocrx_word' id='word_1_42' title='bbox 158 555 338 606; x_wconf 90' lang='lat' dir='ltr'>veniens,</span> <span class='ocrx_word' id='word_1_43' title='bbox 363 561 404 597; x_wconf 94' lang='lat' dir='ltr'>et</span> <span class='ocrx_word' id='word_1_44' title='bbox 435 556 477 596; x_wconf 89' lang='lat' dir='ltr'>in</span> <span class='ocrx_word' id='word_1_45' title='bbox 502 556 653 597; x_wconf 87' lang='lat' dir='ltr'>mentis</span> <span class='ocrx_word' id='word_1_46' title='bbox 678 570 849 596; x_wconf 87' lang='lat' dir='ltr'>excessu</span> <span class='ocrx_word' id='word_1_47' title='bbox 871 556 956 597; x_wconf 89' lang='lat' dir='ltr'>solo</span> <span class='ocrx_word' id='word_1_48' title='bbox 981 561 1103 597; x_wconf 84' lang='lat' dir='ltr'>tenus</span> <span class='ocrx_word' id='word_1_49' title='bbox 1127 555 1412 611; x_wconf 76' lang='lat' dir='ltr'>procumbens,</span> <span class='ocrx_word' id='word_1_50' title='bbox 1436 554 1573 597; x_wconf 87' lang='lat' dir='ltr'>subito</span> <span class='ocrx_word' id='word_1_51' title='bbox 1597 554 1704 596; x_wconf 86' lang='lat' dir='ltr'>vidit</span> 
     </span>
     <span class='ocr_line' id='line_1_7' title="bbox 163 620 1705 677; baseline -0.001 -13"><span class='ocrx_word' id='word_1_52' title='bbox 163 622 365 664; x_wconf 85' lang='lat' dir='ltr'>Sanctum</span> <span class='ocrx_word' id='word_1_53' title='bbox 396 622 427 663; x_wconf 82' lang='lat' dir='ltr'><strong>J</strong></span> <span class='ocrx_word' id='word_1_54' title='bbox 431 623 635 663; x_wconf 87' lang='lat' dir='ltr'>ohannem</span> <span class='ocrx_word' id='word_1_55' title='bbox 667 621 905 677; x_wconf 88' lang='lat' dir='ltr'>Baptistam</span> <span class='ocrx_word' id='word_1_56' title='bbox 940 622 1085 664; x_wconf 87' lang='lat' dir='ltr'>villosa</span> <span class='ocrx_word' id='word_1_57' title='bbox 1109 626 1237 672; x_wconf 86' lang='lat' dir='ltr'>veste,</span> <span class='ocrx_word' id='word_1_58' title='bbox 1271 637 1395 675; x_wconf 90' lang='lat' dir='ltr'>quam</span> <span class='ocrx_word' id='word_1_59' title='bbox 1435 620 1705 663; x_wconf 80' lang='lat' dir='ltr'>lcaracallam</span> 
     </span>
     <span class='ocr_line' id='line_1_8' title="bbox 163 688 1706 743; baseline -0.002 -12"><span class='ocrx_word' id='word_1_60' title='bbox 163 695 326 740; x_wconf 84' lang='lat' dir='ltr'>vocant,</span> <span class='ocrx_word' id='word_1_61' title='bbox 363 689 569 738; x_wconf 87' lang='lat' dir='ltr'>indutum,</span> <span class='ocrx_word' id='word_1_62' title='bbox 603 693 644 730; x_wconf 93' lang='lat' dir='ltr'>et</span> <span class='ocrx_word' id='word_1_63' title='bbox 668 688 828 743; x_wconf 86' lang='lat' dir='ltr'>virgam</span> <span class='ocrx_word' id='word_1_64' title='bbox 861 704 913 730; x_wconf 91' lang='lat' dir='ltr'>ex</span> <span class='ocrx_word' id='word_1_65' title='bbox 944 703 1028 730; x_wconf 90' lang='lat' dir='ltr'>una</span> <span class='ocrx_word' id='word_1_66' title='bbox 1057 688 1224 743; x_wconf 80' lang='lat' dir='ltr'>regione</span> <span class='ocrx_word' id='word_1_67' title='bbox 1255 688 1476 738; x_wconf 77' lang='lat' dir='ltr'>albentem,</span> <span class='ocrx_word' id='word_1_68' title='bbox 1500 703 1552 729; x_wconf 89' lang='lat' dir='ltr'>ex</span> <span class='ocrx_word' id='word_1_69' title='bbox 1573 688 1706 729; x_wconf 89' lang='lat' dir='ltr'>altera</span> 
     </span>
     <span class='ocr_line' id='line_1_9' title="bbox 164 752 1706 809; baseline -0.002 -11"><span class='ocrx_word' id='word_1_70' title='bbox 164 771 260 798; x_wconf 84' lang='lat' dir='ltr'>vero</span> <span class='ocrx_word' id='word_1_71' title='bbox 282 756 510 806; x_wconf 89' lang='lat' dir='ltr'>rubentem,</span> <span class='ocrx_word' id='word_1_72' title='bbox 537 754 711 796; x_wconf 86' lang='lat' dir='ltr'>dextera</span> <span class='ocrx_word' id='word_1_73' title='bbox 734 760 976 804; x_wconf 70' lang='lat' dir='ltr'>tenentem3</span> <span class='ocrx_word' id='word_1_74' title='bbox 1012 760 1053 795; x_wconf 90' lang='lat' dir='ltr'>et</span> <span class='ocrx_word' id='word_1_75' title='bbox 1077 754 1280 796; x_wconf 84' lang='lat' dir='ltr'>Sanctum</span> <span class='ocrx_word' id='word_1_76' title='bbox 1303 754 1512 796; x_wconf 89' lang='lat' dir='ltr'>Thomam</span> <span class='ocrx_word' id='word_1_77' title='bbox 1542 752 1706 809; x_wconf 84' lang='lat' dir='ltr'>pontifi-</span> 
     </span>
     <span class='ocr_line' id='line_1_10' title="bbox 164 820 1707 877; baseline -0.002 -13"><span class='ocrx_word' id='word_1_78' title='bbox 164 823 321 864; x_wconf 91' lang='lat' dir='ltr'>calibus</span> <span class='ocrx_word' id='word_1_79' title='bbox 342 827 609 877; x_wconf 86' lang='lat' dir='ltr'>perornatum</span> <span class='ocrx_word' id='word_1_80' title='bbox 641 826 682 863; x_wconf 90' lang='lat' dir='ltr'>et</span> <span class='ocrx_word' id='word_1_81' title='bbox 714 821 935 877; x_wconf 86' lang='lat' dir='ltr'>episcopali</span> <span class='ocrx_word' id='word_1_82' title='bbox 966 822 1114 863; x_wconf 88' lang='lat' dir='ltr'>baculo</span> <span class='ocrx_word' id='word_1_83' title='bbox 1145 821 1364 870; x_wconf 78' lang='lat' dir='ltr'>innixum3</span> <span class='ocrx_word' id='word_1_84' title='bbox 1403 836 1451 862; x_wconf 89' lang='lat' dir='ltr'>ac</span> <span class='ocrx_word' id='word_1_85' title='bbox 1480 820 1707 862; x_wconf 76' lang='lat' dir='ltr'>Godricum</span> 
     </span>
     <span class='ocr_line' id='line_1_11' title="bbox 162 887 1709 944; baseline -0.001 -14"><span class='ocrx_word' id='word_1_86' title='bbox 162 890 297 931; x_wconf 90' lang='lat' dir='ltr'>virum</span> <span class='ocrx_word' id='word_1_87' title='bbox 329 889 409 930; x_wconf 89' lang='lat' dir='ltr'>Dei</span> <span class='ocrx_word' id='word_1_88' title='bbox 430 888 720 931; x_wconf 88' lang='lat' dir='ltr'>venerabiliter</span> <span class='ocrx_word' id='word_1_89' title='bbox 754 888 1039 944; x_wconf 88' lang='lat' dir='ltr'>superpellicio</span> <span class='ocrx_word' id='word_1_90' title='bbox 1072 887 1317 930; x_wconf 90' lang='lat' dir='ltr'>sacerdotali</span> <span class='ocrx_word' id='word_1_91' title='bbox 1353 887 1709 929; x_wconf 87' lang='lat' dir='ltr'>circumamictum</span> 
     </span>
     <span class='ocr_line' id='line_1_12' title="bbox 166 954 1710 1011; baseline -0.002 -13"><span class='ocrx_word' id='word_1_92' title='bbox 166 961 207 998; x_wconf 89' lang='lat' dir='ltr'>et</span> <span class='ocrx_word' id='word_1_93' title='bbox 251 956 397 997; x_wconf 89' lang='lat' dir='ltr'>baculo</span> <span class='ocrx_word' id='word_1_94' title='bbox 432 956 605 1011; x_wconf 89' lang='lat' dir='ltr'>pulchro</span> <span class='ocrx_word' id='word_1_95' title='bbox 643 955 889 1004; x_wconf 79' lang='lat' dir='ltr'>suffultmn3</span> <span class='ocrx_word' id='word_1_96' title='bbox 946 955 1148 997; x_wconf 84' lang='lat' dir='ltr'>Sanctum</span> <span class='ocrx_word' id='word_1_97' title='bbox 1184 954 1214 995; x_wconf 81' lang='lat' dir='ltr'>J</span> <span class='ocrx_word' id='word_1_98' title='bbox 1218 955 1421 996; x_wconf 87' lang='lat' dir='ltr'>ohannem</span> <span class='ocrx_word' id='word_1_99' title='bbox 1459 954 1509 995; x_wconf 90' lang='lat' dir='ltr'>de</span> <span class='ocrx_word' id='word_1_100' title='bbox 1540 954 1710 995; x_wconf 90' lang='lat' dir='ltr'>interio-</span> 
     </span>
     <span class='ocr_line' id='line_1_13' title="bbox 169 1021 1712 1077; baseline -0.002 -12"><span class='ocrx_word' id='word_1_101' title='bbox 169 1023 283 1065; x_wconf 91' lang='lat' dir='ltr'>ribus</span> <span class='ocrx_word' id='word_1_102' title='bbox 307 1023 504 1065; x_wconf 75' lang='lat' dir='ltr'>Ecclesiae</span> <span class='ocrx_word' id='word_1_103' title='bbox 537 1023 642 1064; x_wconf 89' lang='lat' dir='ltr'>citra</span> <span class='ocrx_word' id='word_1_104' title='bbox 672 1022 815 1064; x_wconf 89' lang='lat' dir='ltr'>limina</span> <span class='ocrx_word' id='word_1_105' title='bbox 839 1027 1069 1077; x_wconf 78' lang='lat' dir='ltr'>sequentes.</span> <span class='ocrx_word' id='word_1_106' title='bbox 1133 1021 1215 1075; x_wconf 76' lang='lat' dir='ltr'>Qui</span> <span class='ocrx_word' id='word_1_107' title='bbox 1249 1036 1391 1063; x_wconf 88' lang='lat' dir='ltr'>omnes</span> <span class='ocrx_word' id='word_1_108' title='bbox 1421 1021 1569 1077; x_wconf 88' lang='lat' dir='ltr'>palmis</span> <span class='ocrx_word' id='word_1_109' title='bbox 1590 1021 1712 1063; x_wconf 81' lang='lat' dir='ltr'>simul</span> 
     </span>
     <span class='ocr_line' id='line_1_14' title="bbox 165 1088 1712 1144; baseline -0.001 -13"><span class='ocrx_word' id='word_1_110' title='bbox 165 1089 341 1140; x_wconf 82' lang='lat' dir='ltr'>innexis,</span> <span class='ocrx_word' id='word_1_111' title='bbox 364 1104 485 1131; x_wconf 89' lang='lat' dir='ltr'>omne</span> <span class='ocrx_word' id='word_1_112' title='bbox 516 1089 669 1130; x_wconf 87' lang='lat' dir='ltr'>atrium</span> <span class='ocrx_word' id='word_1_113' title='bbox 701 1089 822 1131; x_wconf 88' lang='lat' dir='ltr'>simul</span> <span class='ocrx_word' id='word_1_114' title='bbox 858 1104 952 1130; x_wconf 88' lang='grc'><strong>611111</strong></span> <span class='ocrx_word' id='word_1_115' title='bbox 988 1089 1100 1130; x_wconf 88' lang='grc'><strong>0111111</strong></span> <span class='ocrx_word' id='word_1_116' title='bbox 1135 1089 1287 1144; x_wconf 90' lang='lat' dir='ltr'>populo</span> <span class='ocrx_word' id='word_1_117' title='bbox 1318 1088 1640 1143; x_wconf 77' lang='lat' dir='ltr'>perlustrabant,</span> <span class='ocrx_word' id='word_1_118' title='bbox 1663 1102 1712 1129; x_wconf 88' lang='lat' dir='ltr'>ac</span> 
     </span>
     <span class='ocr_line' id='line_1_15' title="bbox 170 1155 1710 1211; baseline -0.001 -13"><span class='ocrx_word' id='word_1_119' title='bbox 170 1157 337 1198; x_wconf 89' lang='lat' dir='ltr'>demum</span> <span class='ocrx_word' id='word_1_120' title='bbox 360 1156 402 1197; x_wconf 94' lang='lat' dir='ltr'>in</span> <span class='ocrx_word' id='word_1_121' title='bbox 426 1156 550 1211; x_wconf 80' lang='lat' dir='ltr'>plaga</span> <span class='ocrx_word' id='word_1_122' title='bbox 570 1156 758 1198; x_wconf 89' lang='lat' dir='ltr'>orientali</span> <span class='ocrx_word' id='word_1_123' title='bbox 783 1171 924 1197; x_wconf 88' lang='lat' dir='ltr'>omnes</span> <span class='ocrx_word' id='word_1_124' title='bbox 954 1155 1116 1197; x_wconf 86' lang='lat' dir='ltr'>modice</span> <span class='ocrx_word' id='word_1_125' title='bbox 1138 1155 1431 1197; x_wconf 86' lang='lat' dir='ltr'>subsistebant.</span> <span class='ocrx_word' id='word_1_126' title='bbox 1503 1155 1621 1196; x_wconf 89' lang='lat' dir='ltr'>Tunc</span> <span class='ocrx_word' id='word_1_127' title='bbox 1645 1170 1710 1197; x_wconf 90' lang='lat' dir='ltr'>ve-</span> 
     </span>
     <span class='ocr_line' id='line_1_16' title="bbox 167 1221 1708 1274; baseline -0.001 -9"><span class='ocrx_word' id='word_1_128' title='bbox 167 1222 360 1265; x_wconf 87' lang='lat' dir='ltr'>nerabilis</span> <span class='ocrx_word' id='word_1_129' title='bbox 383 1223 445 1264; x_wconf 85' lang='lat' dir='ltr'>vir</span> <span class='ocrx_word' id='word_1_130' title='bbox 467 1222 636 1264; x_wconf 90' lang='lat' dir='ltr'>Domini</span> <span class='ocrx_word' id='word_1_131' title='bbox 654 1222 858 1264; x_wconf 76' lang='lat' dir='ltr'>Godricus</span> <span class='ocrx_word' id='word_1_132' title='bbox 879 1223 936 1264; x_wconf 91' lang='lat' dir='ltr'>sic</span> <span class='ocrx_word' id='word_1_133' title='bbox 961 1237 1142 1274; x_wconf 85' lang='lat' dir='ltr'>exorsus,</span> <span class='ocrx_word' id='word_1_134' title='bbox 1167 1222 1239 1271; x_wconf 89' lang='lat' dir='ltr'>ait,</span> <span class='ocrx_word' id='word_1_135' title='bbox 1265 1222 1457 1263; x_wconf 79' lang='lat' dir='ltr'>“Sancte</span> <span class='ocrx_word' id='word_1_136' title='bbox 1479 1221 1509 1262; x_wconf 83' lang='lat' dir='ltr'><strong>J</strong></span> <span class='ocrx_word' id='word_1_137' title='bbox 1513 1221 1708 1273; x_wconf 88' lang='lat' dir='ltr'>ohannes,</span> 
     </span>
     <span class='ocr_line' id='line_1_17' title="bbox 169 1287 1713 1345; baseline 0 -14"><span class='ocrx_word' id='word_1_138' title='bbox 169 1305 305 1345; x_wconf 77' lang='lat' dir='ltr'>quaeso</span> <span class='ocrx_word' id='word_1_139' title='bbox 329 1294 384 1340; x_wconf 90' lang='lat' dir='ltr'>te,</span> <span class='ocrx_word' id='word_1_140' title='bbox 407 1288 530 1345; x_wconf 83' lang='lat' dir='ltr'>hujus</span> <span class='ocrx_word' id='word_1_141' title='bbox 560 1289 701 1344; x_wconf 86' lang='lat' dir='ltr'>populi</span> <span class='ocrx_word' id='word_1_142' title='bbox 723 1289 789 1344; x_wconf 91' lang='lat' dir='ltr'>qui</span> <span class='ocrx_word' id='word_1_143' title='bbox 816 1289 929 1332; x_wconf 89' lang='lat' dir='ltr'>venit</span> <span class='ocrx_word' id='word_1_144' title='bbox 951 1289 1006 1330; x_wconf 91' lang='lat' dir='ltr'>ad</span> <span class='ocrx_word' id='word_1_145' title='bbox 1026 1304 1114 1340; x_wconf 87' lang='lat' dir='ltr'>nos,</span> <span class='ocrx_word' id='word_1_146' title='bbox 1136 1288 1371 1331; x_wconf 76' lang='lat' dir='ltr'>miserere.”</span> <span class='ocrx_word' id='word_1_147' title='bbox 1434 1287 1511 1331; x_wconf 83' lang='lat' dir='ltr'>Oui</span> <span class='ocrx_word' id='word_1_148' title='bbox 1534 1288 1713 1331; x_wconf 85' lang='lat' dir='ltr'>Sanctus</span> 
     </span>
     <span class='ocr_line' id='line_1_18' title="bbox 171 1355 1714 1411; baseline -0.001 -14"><span class='ocrx_word' id='word_1_149' title='bbox 171 1357 202 1397; x_wconf 79' lang='lat' dir='ltr'><strong>J</strong></span> <span class='ocrx_word' id='word_1_150' title='bbox 206 1357 399 1406; x_wconf 85' lang='lat' dir='ltr'>ohannes,</span> <span class='ocrx_word' id='word_1_151' title='bbox 426 1360 452 1378; x_wconf 73' lang='lat'>‘⁶</span> <span class='ocrx_word' id='word_1_152' title='bbox 472 1356 729 1411; x_wconf 73' lang='lat' dir='ltr'>Quicumque</span> <span class='ocrx_word' id='word_1_153' title='bbox 757 1356 838 1397; x_wconf 89' lang='lat' dir='ltr'>huc</span> <span class='ocrx_word' id='word_1_154' title='bbox 868 1371 942 1411; x_wconf 94' lang='lat' dir='ltr'>pro</span> <span class='ocrx_word' id='word_1_155' title='bbox 974 1356 1106 1398; x_wconf 89' lang='lat' dir='ltr'>salute</span> <span class='ocrx_word' id='word_1_156' title='bbox 1138 1371 1212 1398; x_wconf 89' lang='lat' dir='ltr'>sua</span> <span class='ocrx_word' id='word_1_157' title='bbox 1231 1355 1444 1398; x_wconf 78' lang='lat' dir='ltr'>venientes</span> <span class='ocrx_word' id='word_1_158' title='bbox 1474 1358 1595 1396; x_wconf 89' lang='lat' dir='ltr'>nocte</span> <span class='ocrx_word' id='word_1_159' title='bbox 1616 1355 1714 1397; x_wconf 68' lang='lat' dir='ltr'>²sua</span> 
     </span>
     <span class='ocr_line' id='line_1_19' title="bbox 168 1422 1713 1478; baseline 0 -14"><span class='ocrx_word' id='word_1_160' title='bbox 168 1423 236 1465; x_wconf 86' lang='lat' dir='ltr'>hic</span> <span class='ocrx_word' id='word_1_161' title='bbox 272 1438 410 1464; x_wconf 88' lang='lat' dir='ltr'>coram</span> <span class='ocrx_word' id='word_1_162' title='bbox 444 1422 562 1464; x_wconf 87' lang='lat' dir='ltr'>nobis</span> <span class='ocrx_word' id='word_1_163' title='bbox 592 1422 858 1478; x_wconf 83' lang='lat' dir='ltr'>prociderint,</span> <span class='ocrx_word' id='word_1_164' title='bbox 892 1422 1114 1465; x_wconf 89' lang='lat' dir='ltr'>sanitatem</span> <span class='ocrx_word' id='word_1_165' title='bbox 1150 1422 1408 1464; x_wconf 81' lang='lat' dir='ltr'>consecuturi</span> <span class='ocrx_word' id='word_1_166' title='bbox 1439 1426 1535 1464; x_wconf 88' lang='lat' dir='ltr'>sunt</span> <span class='ocrx_word' id='word_1_167' title='bbox 1571 1437 1713 1477; x_wconf 86' lang='lat' dir='ltr'>quam-</span> 
     </span>
     <span class='ocr_line' id='line_1_20' title="bbox 172 1489 604 1545; baseline -0.005 -13"><span class='ocrx_word' id='word_1_168' title='bbox 172 1505 346 1544; x_wconf 88' lang='lat' dir='ltr'>cumque</span> <span class='ocrx_word' id='word_1_169' title='bbox 368 1489 604 1545; x_wconf 71' lang='lat' dir='ltr'>petierint.”</span> 
     </span>
    </p>

    <p class='ocr_par' dir='ltr' id='par_1_3' title="bbox 169 1554 1719 2674">
     <span class='ocr_line' id='line_1_21' title="bbox 229 1554 1715 1612; baseline 0 -15"><span class='ocrx_word' id='word_1_170' title='bbox 229 1557 247 1610; x_wconf 57' lang='grc' dir='ltr'><em>ᾗ</em></span> <span class='ocrx_word' id='word_1_171' title='bbox 270 1559 367 1598; x_wconf 73' lang='lat'>412.</span> <span class='ocrx_word' id='word_1_172' title='bbox 401 1556 749 1612; x_wconf 83' lang='lat' dir='ltr'>Regredientibus</span> <span class='ocrx_word' id='word_1_173' title='bbox 779 1556 872 1608; x_wconf 85' lang='lat' dir='ltr'>illis,</span> <span class='ocrx_word' id='word_1_174' title='bbox 897 1556 1046 1597; x_wconf 89' lang='lat' dir='ltr'>mulier</span> <span class='ocrx_word' id='word_1_175' title='bbox 1075 1555 1140 1597; x_wconf 90' lang='lat' dir='ltr'>his</span> <span class='ocrx_word' id='word_1_176' title='bbox 1169 1554 1336 1607; x_wconf 87' lang='lat' dir='ltr'>auditis,</span> <span class='ocrx_word' id='word_1_177' title='bbox 1360 1556 1517 1598; x_wconf 86' lang='lat' dir='ltr'>cunctis</span> <span class='ocrx_word' id='word_1_178' title='bbox 1546 1555 1715 1598; x_wconf 87' lang='lat' dir='ltr'>audien-</span> 
     </span>
     <span class='ocr_line' id='line_1_22' title="bbox 171 1622 1713 1678; baseline -0.001 -13"><span class='ocrx_word' id='word_1_179' title='bbox 171 1624 298 1672; x_wconf 84' lang='lat' dir='ltr'>tibus,</span> <span class='ocrx_word' id='word_1_180' title='bbox 321 1622 457 1665; x_wconf 88' lang='lat' dir='ltr'>altiori</span> <span class='ocrx_word' id='word_1_181' title='bbox 478 1638 578 1665; x_wconf 86' lang='lat' dir='ltr'>voce</span> <span class='ocrx_word' id='word_1_182' title='bbox 601 1623 722 1678; x_wconf 86' lang='lat' dir='ltr'>coepit</span> <span class='ocrx_word' id='word_1_183' title='bbox 743 1623 1010 1678; x_wconf 84' lang='lat' dir='ltr'>proclamare,</span> <span class='ocrx_word' id='word_1_184' title='bbox 1035 1627 1076 1664; x_wconf 89' lang='lat' dir='ltr'>et</span> <span class='ocrx_word' id='word_1_185' title='bbox 1102 1622 1249 1675; x_wconf 84' lang='lat' dir='ltr'>dicere,</span> <span class='ocrx_word' id='word_1_186' title='bbox 1272 1626 1295 1645; x_wconf 80' lang='grc'>“</span> <span class='ocrx_word' id='word_1_187' title='bbox 1314 1622 1466 1664; x_wconf 84' lang='lat' dir='ltr'>Sancte</span> <span class='ocrx_word' id='word_1_188' title='bbox 1485 1623 1516 1664; x_wconf 86' lang='lat' dir='ltr'><strong>J</strong></span> <span class='ocrx_word' id='word_1_189' title='bbox 1519 1623 1713 1674; x_wconf 85' lang='lat' dir='ltr'>ohannes,</span> 
     </span>
     <span class='ocr_line' id='line_1_23' title="bbox 169 1689 1715 1746; baseline 0.001 -15"><span class='ocrx_word' id='word_1_190' title='bbox 169 1690 364 1746; x_wconf 87' lang='lat' dir='ltr'>piissime,</span> <span class='ocrx_word' id='word_1_191' title='bbox 387 1690 482 1740; x_wconf 90' lang='lat' dir='ltr'>mei,</span> <span class='ocrx_word' id='word_1_192' title='bbox 507 1690 688 1739; x_wconf 88' lang='lat' dir='ltr'>obsecro,</span> <span class='ocrx_word' id='word_1_193' title='bbox 712 1690 947 1732; x_wconf 69' lang='lat' dir='ltr'>miserere.”</span> <span class='ocrx_word' id='word_1_194' title='bbox 1009 1690 1170 1745; x_wconf 91' lang='lat' dir='ltr'>Nempe</span> <span class='ocrx_word' id='word_1_195' title='bbox 1206 1689 1338 1731; x_wconf 87' lang='lat' dir='ltr'>sancti</span> <span class='ocrx_word' id='word_1_196' title='bbox 1372 1689 1431 1731; x_wconf 89' lang='lat' dir='ltr'>illi</span> <span class='ocrx_word' id='word_1_197' title='bbox 1466 1694 1567 1732; x_wconf 90' lang='lat' dir='ltr'>tunc</span> <span class='ocrx_word' id='word_1_198' title='bbox 1598 1704 1715 1732; x_wconf 86' lang='lat' dir='ltr'>secus</span> 
     </span>
     <span class='ocr_line' id='line_1_24' title="bbox 171 1756 1712 1812; baseline -0.001 -13"><span class='ocrx_word' id='word_1_199' title='bbox 171 1758 286 1799; x_wconf 89' lang='lat' dir='ltr'>illam</span> <span class='ocrx_word' id='word_1_200' title='bbox 309 1772 438 1812; x_wconf 89' lang='lat' dir='ltr'>usque</span> <span class='ocrx_word' id='word_1_201' title='bbox 472 1756 515 1797; x_wconf 90' lang='lat' dir='ltr'>in</span> <span class='ocrx_word' id='word_1_202' title='bbox 540 1756 771 1798; x_wconf 85' lang='lat' dir='ltr'>Ecclesiam</span> <span class='ocrx_word' id='word_1_203' title='bbox 802 1756 1111 1812; x_wconf 80' lang='lat' dir='ltr'>procedebant3</span> <span class='ocrx_word' id='word_1_204' title='bbox 1137 1762 1178 1798; x_wconf 92' lang='lat' dir='ltr'>et</span> <span class='ocrx_word' id='word_1_205' title='bbox 1209 1756 1361 1798; x_wconf 89' lang='lat' dir='ltr'>idcirco</span> <span class='ocrx_word' id='word_1_206' title='bbox 1383 1756 1499 1811; x_wconf 87' lang='lat' dir='ltr'>quasi</span> <span class='ocrx_word' id='word_1_207' title='bbox 1521 1772 1589 1799; x_wconf 90' lang='lat' dir='ltr'>eos</span> <span class='ocrx_word' id='word_1_208' title='bbox 1613 1757 1712 1798; x_wconf 90' lang='lat' dir='ltr'>allo-</span> 
     </span>
     <span class='ocr_line' id='line_1_25' title="bbox 173 1822 1712 1879; baseline 0 -14"><span class='ocrx_word' id='word_1_209' title='bbox 173 1839 300 1879; x_wconf 89' lang='lat' dir='ltr'>quens</span> <span class='ocrx_word' id='word_1_210' title='bbox 320 1824 422 1865; x_wconf 89' lang='lat' dir='ltr'>talia</span> <span class='ocrx_word' id='word_1_211' title='bbox 442 1823 591 1865; x_wconf 87' lang='lat' dir='ltr'>anxius</span> <span class='ocrx_word' id='word_1_212' title='bbox 611 1828 802 1879; x_wconf 88' lang='lat' dir='ltr'>repetens</span> <span class='ocrx_word' id='word_1_213' title='bbox 823 1823 1120 1879; x_wconf 84' lang='lat' dir='ltr'>ingeminabat.</span> <span class='ocrx_word' id='word_1_214' title='bbox 1173 1822 1404 1865; x_wconf 76' lang='lat' dir='ltr'>Conversus</span> <span class='ocrx_word' id='word_1_215' title='bbox 1425 1839 1523 1866; x_wconf 87' lang='lat' dir='ltr'>vero</span> <span class='ocrx_word' id='word_1_216' title='bbox 1547 1824 1615 1865; x_wconf 90' lang='lat' dir='ltr'>ille</span> <span class='ocrx_word' id='word_1_217' title='bbox 1636 1823 1712 1873; x_wconf 86' lang='lat' dir='ltr'>ait,</span> 
     </span>
     <span class='ocr_line' id='line_1_26' title="bbox 176 1890 1715 1946; baseline -0.001 -14"><span class='ocrx_word' id='word_1_218' title='bbox 176 1895 200 1914; x_wconf 84' lang='lat'>“</span> <span class='ocrx_word' id='word_1_219' title='bbox 223 1891 356 1933; x_wconf 79' lang='lat' dir='ltr'>Citius</span> <span class='ocrx_word' id='word_1_220' title='bbox 377 1890 432 1932; x_wconf 92' lang='lat' dir='ltr'>ad</span> <span class='ocrx_word' id='word_1_221' title='bbox 452 1895 494 1931; x_wconf 92' lang='lat' dir='ltr'>te</span> <span class='ocrx_word' id='word_1_222' title='bbox 516 1895 768 1941; x_wconf 85' lang='lat' dir='ltr'>convertere,</span> <span class='ocrx_word' id='word_1_223' title='bbox 795 1895 837 1932; x_wconf 90' lang='lat' dir='ltr'>et</span> <span class='ocrx_word' id='word_1_224' title='bbox 862 1895 904 1932; x_wconf 93' lang='lat' dir='ltr'>te</span> <span class='ocrx_word' id='word_1_225' title='bbox 937 1891 1069 1946; x_wconf 90' lang='lat' dir='ltr'>ipsam</span> <span class='ocrx_word' id='word_1_226' title='bbox 1092 1890 1144 1931; x_wconf 89' lang='lat' dir='ltr'>ab</span> <span class='ocrx_word' id='word_1_227' title='bbox 1165 1890 1354 1932; x_wconf 89' lang='lat' dir='ltr'>hostibus</span> <span class='ocrx_word' id='word_1_228' title='bbox 1383 1890 1575 1946; x_wconf 89' lang='lat' dir='ltr'>malignis</span> <span class='ocrx_word' id='word_1_229' title='bbox 1598 1895 1715 1932; x_wconf 91' lang='lat' dir='ltr'>tuere</span> 
     </span>
     <span class='ocr_line' id='line_1_27' title="bbox 174 1956 1714 2013; baseline -0.001 -14"><span class='ocrx_word' id='word_1_230' title='bbox 174 1962 216 1999; x_wconf 91' lang='lat' dir='ltr'>et</span> <span class='ocrx_word' id='word_1_231' title='bbox 239 1957 450 2013; x_wconf 46' lang='lat' dir='ltr'>protege?</span> <span class='ocrx_word' id='word_1_232' title='bbox 512 1957 617 2010; x_wconf 73' lang='lat' dir='ltr'>Quae</span> <span class='ocrx_word' id='word_1_233' title='bbox 639 1972 738 1998; x_wconf 88' lang='lat' dir='ltr'>mox</span> <span class='ocrx_word' id='word_1_234' title='bbox 758 1957 906 1998; x_wconf 92' lang='lat' dir='ltr'>baculo</span> <span class='ocrx_word' id='word_1_235' title='bbox 930 1972 1052 2012; x_wconf 91' lang='lat' dir='ltr'>quem</span> <span class='ocrx_word' id='word_1_236' title='bbox 1074 1956 1295 2012; x_wconf 76' lang='lat' dir='ltr'>3corripuit</span> <span class='ocrx_word' id='word_1_237' title='bbox 1321 1957 1645 2013; x_wconf 86' lang='lat' dir='ltr'>circumpositos,</span> <span class='ocrx_word' id='word_1_238' title='bbox 1672 1961 1714 1998; x_wconf 89' lang='lat' dir='ltr'>et</span> 
     </span>
     <span class='ocr_line' id='line_1_28' title="bbox 172 2022 1717 2079; baseline 0 -14"><span class='ocrx_word' id='word_1_239' title='bbox 172 2024 263 2066; x_wconf 88' lang='lat' dir='ltr'>loca</span> <span class='ocrx_word' id='word_1_240' title='bbox 283 2025 325 2066; x_wconf 93' lang='lat' dir='ltr'>in</span> <span class='ocrx_word' id='word_1_241' title='bbox 347 2023 494 2078; x_wconf 87' lang='lat' dir='ltr'>quibus</span> <span class='ocrx_word' id='word_1_242' title='bbox 512 2022 698 2079; x_wconf 70' lang='lat' dir='ltr'>jacebat,</span> <span class='ocrx_word' id='word_1_243' title='bbox 720 2024 799 2065; x_wconf 85' lang='lat' dir='ltr'>hac</span> <span class='ocrx_word' id='word_1_244' title='bbox 828 2024 1002 2078; x_wconf 89' lang='lat' dir='ltr'>illacque</span> <span class='ocrx_word' id='word_1_245' title='bbox 1032 2023 1193 2065; x_wconf 85' lang='lat' dir='ltr'>tutudit</span> <span class='ocrx_word' id='word_1_246' title='bbox 1224 2028 1348 2078; x_wconf 90' lang='lat' dir='ltr'>atque</span> <span class='ocrx_word' id='word_1_247' title='bbox 1379 2024 1597 2079; x_wconf 86' lang='lat' dir='ltr'>percellere</span> <span class='ocrx_word' id='word_1_248' title='bbox 1630 2027 1717 2065; x_wconf 88' lang='lat' dir='ltr'>stu-</span> 
     </span>
     <span class='ocr_line' id='line_1_29' title="bbox 175 2089 1714 2146; baseline -0.001 -14"><span class='ocrx_word' id='word_1_249' title='bbox 175 2091 281 2141; x_wconf 88' lang='lat' dir='ltr'>duit,</span> <span class='ocrx_word' id='word_1_250' title='bbox 301 2096 425 2145; x_wconf 90' lang='lat' dir='ltr'>atque</span> <span class='ocrx_word' id='word_1_251' title='bbox 451 2093 518 2146; x_wconf 92' lang='lat' dir='ltr'>(ut</span> <span class='ocrx_word' id='word_1_252' title='bbox 539 2090 805 2145; x_wconf 88' lang='lat' dir='ltr'>postmodum</span> <span class='ocrx_word' id='word_1_253' title='bbox 827 2095 974 2132; x_wconf 90' lang='lat' dir='ltr'>sanata</span> <span class='ocrx_word' id='word_1_254' title='bbox 993 2090 1202 2142; x_wconf 54' lang='lat' dir='ltr'>asseruit)</span> <span class='ocrx_word' id='word_1_255' title='bbox 1230 2090 1435 2132; x_wconf 74' lang='lat' dir='ltr'>daemones</span> <span class='ocrx_word' id='word_1_256' title='bbox 1460 2105 1501 2132; x_wconf 91' lang='lat' dir='ltr'>se</span> <span class='ocrx_word' id='word_1_257' title='bbox 1522 2089 1714 2131; x_wconf 71' lang='grc'>4611611111-</span> 
     </span>
     <span class='ocr_line' id='line_1_30' title="bbox 175 2156 1717 2212; baseline -0.001 -12"><span class='ocrx_word' id='word_1_258' title='bbox 175 2157 377 2200; x_wconf 87' lang='lat' dir='ltr'>vallantes</span> <span class='ocrx_word' id='word_1_259' title='bbox 409 2172 451 2199; x_wconf 90' lang='lat' dir='ltr'>se</span> <span class='ocrx_word' id='word_1_260' title='bbox 473 2156 641 2198; x_wconf 90' lang='lat' dir='ltr'>allidere</span> <span class='ocrx_word' id='word_1_261' title='bbox 662 2172 710 2198; x_wconf 91' lang='lat' dir='ltr'>ac</span> <span class='ocrx_word' id='word_1_262' title='bbox 730 2157 976 2212; x_wconf 84' lang='lat' dir='ltr'>percussisse</span> <span class='ocrx_word' id='word_1_263' title='bbox 1002 2157 1195 2212; x_wconf 89' lang='lat' dir='ltr'>speravit.</span> <span class='ocrx_word' id='word_1_264' title='bbox 1258 2156 1445 2198; x_wconf 89' lang='lat' dir='ltr'>Tandem</span> <span class='ocrx_word' id='word_1_265' title='bbox 1469 2161 1552 2199; x_wconf 89' lang='lat' dir='ltr'>tres</span> <span class='ocrx_word' id='word_1_266' title='bbox 1584 2156 1717 2199; x_wconf 87' lang='lat' dir='ltr'>sancti</span> 
     </span>
     <span class='ocr_line' id='line_1_31' title="bbox 174 2222 1714 2274; baseline -0.001 -9"><span class='ocrx_word' id='word_1_267' title='bbox 174 2224 233 2266; x_wconf 88' lang='lat' dir='ltr'>illi</span> <span class='ocrx_word' id='word_1_268' title='bbox 266 2223 509 2274; x_wconf 87' lang='lat' dir='ltr'>Ecclesiam,</span> <span class='ocrx_word' id='word_1_269' title='bbox 532 2223 603 2265; x_wconf 90' lang='lat' dir='ltr'>illa</span> <span class='ocrx_word' id='word_1_270' title='bbox 632 2223 813 2274; x_wconf 84' lang='lat' dir='ltr'>vidente,</span> <span class='ocrx_word' id='word_1_271' title='bbox 835 2223 1077 2274; x_wconf 90' lang='lat' dir='ltr'>introibant,</span> <span class='ocrx_word' id='word_1_272' title='bbox 1111 2223 1183 2265; x_wconf 88' lang='lat' dir='ltr'>sed</span> <span class='ocrx_word' id='word_1_273' title='bbox 1215 2223 1372 2265; x_wconf 88' lang='lat' dir='ltr'>Beatus</span> <span class='ocrx_word' id='word_1_274' title='bbox 1404 2222 1620 2274; x_wconf 80' lang='lat' dir='ltr'>Godricus,</span> <span class='ocrx_word' id='word_1_275' title='bbox 1652 2223 1714 2265; x_wconf 90' lang='lat' dir='ltr'>ul-</span> 
     </span>
     <span class='ocr_line' id='line_1_32' title="bbox 178 2290 1717 2346; baseline -0.001 -14"><span class='ocrx_word' id='word_1_276' title='bbox 178 2295 320 2332; x_wconf 91' lang='lat' dir='ltr'>tronee</span> <span class='ocrx_word' id='word_1_277' title='bbox 345 2290 554 2345; x_wconf 87' lang='lat' dir='ltr'>aperiente</span> <span class='ocrx_word' id='word_1_278' title='bbox 576 2305 618 2332; x_wconf 92' lang='lat' dir='ltr'>se</span> <span class='ocrx_word' id='word_1_279' title='bbox 641 2295 786 2332; x_wconf 89' lang='lat' dir='ltr'>contra</span> <span class='ocrx_word' id='word_1_280' title='bbox 815 2291 931 2332; x_wconf 89' lang='lat' dir='ltr'>illum</span> <span class='ocrx_word' id='word_1_281' title='bbox 962 2291 1176 2346; x_wconf 90' lang='lat' dir='ltr'>sepulchro</span> <span class='ocrx_word' id='word_1_282' title='bbox 1198 2305 1283 2341; x_wconf 84' lang='lat' dir='ltr'>suo,</span> <span class='ocrx_word' id='word_1_283' title='bbox 1309 2290 1412 2331; x_wconf 92' lang='lat' dir='ltr'>illud</span> <span class='ocrx_word' id='word_1_284' title='bbox 1443 2290 1568 2332; x_wconf 87' lang='lat' dir='ltr'>subiit</span> <span class='ocrx_word' id='word_1_285' title='bbox 1593 2295 1634 2331; x_wconf 93' lang='lat' dir='ltr'>et</span> <span class='ocrx_word' id='word_1_286' title='bbox 1655 2290 1717 2331; x_wconf 89' lang='grc'><strong>111-</strong></span> 
     </span>
     <span class='ocr_line' id='line_1_33' title="bbox 175 2356 1717 2411; baseline 0 -12"><span class='ocrx_word' id='word_1_287' title='bbox 175 2357 346 2406; x_wconf 79' lang='lat' dir='ltr'>troivit3</span> <span class='ocrx_word' id='word_1_288' title='bbox 382 2356 440 2398; x_wconf 90' lang='lat' dir='ltr'>illi</span> <span class='ocrx_word' id='word_1_289' title='bbox 470 2371 566 2398; x_wconf 90' lang='lat' dir='ltr'>vero</span> <span class='ocrx_word' id='word_1_290' title='bbox 601 2357 747 2411; x_wconf 87' lang='lat' dir='ltr'>reliqui</span> <span class='ocrx_word' id='word_1_291' title='bbox 783 2357 834 2399; x_wconf 90' lang='lat' dir='ltr'>de</span> <span class='ocrx_word' id='word_1_292' title='bbox 867 2357 942 2399; x_wconf 89' lang='lat' dir='ltr'>sub</span> <span class='ocrx_word' id='word_1_293' title='bbox 978 2357 1109 2399; x_wconf 88' lang='lat' dir='ltr'>altare</span> <span class='ocrx_word' id='word_1_294' title='bbox 1138 2357 1345 2408; x_wconf 90' lang='lat' dir='ltr'>introiere,</span> <span class='ocrx_word' id='word_1_295' title='bbox 1371 2372 1446 2398; x_wconf 90' lang='lat' dir='ltr'>nec</span> <span class='ocrx_word' id='word_1_296' title='bbox 1474 2357 1510 2398; x_wconf 91' lang='lat' dir='ltr'>ei</span> <span class='ocrx_word' id='word_1_297' title='bbox 1543 2357 1717 2399; x_wconf 88' lang='lat' dir='ltr'>ulterius</span> 
     </span>
     <span class='ocr_line' id='line_1_34' title="bbox 177 2422 1714 2479; baseline -0.001 -13"><span class='ocrx_word' id='word_1_298' title='bbox 177 2438 456 2479; x_wconf 87' lang='lat' dir='ltr'>comparuere.</span> <span class='ocrx_word' id='word_1_299' title='bbox 518 2422 635 2464; x_wconf 86' lang='lat' dir='ltr'>Tunc</span> <span class='ocrx_word' id='word_1_300' title='bbox 655 2423 725 2464; x_wconf 87' lang='lat' dir='ltr'>illa</span> <span class='ocrx_word' id='word_1_301' title='bbox 749 2439 848 2465; x_wconf 85' lang='lat' dir='ltr'>mox</span> <span class='ocrx_word' id='word_1_302' title='bbox 873 2439 940 2465; x_wconf 88' lang='lat' dir='ltr'>eos</span> <span class='ocrx_word' id='word_1_303' title='bbox 962 2424 1232 2466; x_wconf 88' lang='lat' dir='ltr'>subsecutura</span> <span class='ocrx_word' id='word_1_304' title='bbox 1251 2428 1420 2479; x_wconf 90' lang='lat' dir='ltr'>repente</span> <span class='ocrx_word' id='word_1_305' title='bbox 1441 2423 1483 2464; x_wconf 90' lang='lat' dir='ltr'>in</span> <span class='ocrx_word' id='word_1_306' title='bbox 1505 2424 1714 2479; x_wconf 90' lang='lat' dir='ltr'>populum,</span> 
     </span>
     <span class='ocr_line' id='line_1_35' title="bbox 179 2489 1717 2546; baseline -0.001 -14"><span class='ocrx_word' id='word_1_307' title='bbox 179 2492 247 2546; x_wconf 91' lang='lat' dir='ltr'>qui</span> <span class='ocrx_word' id='word_1_308' title='bbox 282 2489 636 2545; x_wconf 85' lang='lat' dir='ltr'>frequentissimus</span> <span class='ocrx_word' id='word_1_309' title='bbox 665 2490 856 2532; x_wconf 88' lang='lat' dir='ltr'>tumbam</span> <span class='ocrx_word' id='word_1_310' title='bbox 876 2491 953 2532; x_wconf 88' lang='lat' dir='ltr'>viri</span> <span class='ocrx_word' id='word_1_311' title='bbox 979 2491 1059 2532; x_wconf 89' lang='lat' dir='ltr'>Dei</span> <span class='ocrx_word' id='word_1_312' title='bbox 1089 2490 1271 2545; x_wconf 88' lang='lat' dir='ltr'>undique</span> <span class='ocrx_word' id='word_1_313' title='bbox 1296 2490 1651 2540; x_wconf 80' lang='lat' dir='ltr'>circumcinxerat,</span> <span class='ocrx_word' id='word_1_314' title='bbox 1675 2505 1717 2531; x_wconf 90' lang='lat' dir='ltr'>se</span> 
     </span>
     <span class='ocr_line' id='line_1_36' title="bbox 178 2556 1716 2613; baseline -0.001 -14"><span class='ocrx_word' id='word_1_315' title='bbox 178 2558 377 2613; x_wconf 78' lang='lat' dir='ltr'>ingessit3</span> <span class='ocrx_word' id='word_1_316' title='bbox 412 2572 460 2598; x_wconf 89' lang='lat' dir='ltr'>ac</span> <span class='ocrx_word' id='word_1_317' title='bbox 484 2556 757 2598; x_wconf 81' lang='lat' dir='ltr'>renitentibus</span> <span class='ocrx_word' id='word_1_318' title='bbox 779 2562 820 2598; x_wconf 91' lang='lat' dir='ltr'>et</span> <span class='ocrx_word' id='word_1_319' title='bbox 850 2557 962 2598; x_wconf 89' lang='lat' dir='ltr'>abire</span> <span class='ocrx_word' id='word_1_320' title='bbox 992 2572 1082 2599; x_wconf 85' lang='lat' dir='ltr'>eam</span> <span class='ocrx_word' id='word_1_321' title='bbox 1114 2557 1468 2612; x_wconf 87' lang='lat' dir='ltr'>compellentibus,</span> <span class='ocrx_word' id='word_1_322' title='bbox 1489 2557 1716 2611; x_wconf 88' lang='lat' dir='ltr'>proclama-</span> 
     </span>
     <span class='ocr_line' id='line_1_37' title="bbox 178 2622 1719 2674; baseline -0.001 -8"><span class='ocrx_word' id='word_1_323' title='bbox 178 2624 239 2667; x_wconf 88' lang='lat' dir='ltr'>vit</span> <span class='ocrx_word' id='word_1_324' title='bbox 262 2629 303 2666; x_wconf 91' lang='lat' dir='ltr'>et</span> <span class='ocrx_word' id='word_1_325' title='bbox 326 2623 445 2665; x_wconf 88' lang='lat' dir='ltr'>dixit.</span> <span class='ocrx_word' id='word_1_326' title='bbox 510 2627 535 2645; x_wconf 88' lang='lat'><strong>“</strong></span> <span class='ocrx_word' id='word_1_327' title='bbox 554 2622 756 2673; x_wconf 89' lang='lat' dir='ltr'>Huccine,</span> <span class='ocrx_word' id='word_1_328' title='bbox 778 2623 859 2665; x_wconf 86' lang='lat' dir='ltr'>huc</span> <span class='ocrx_word' id='word_1_329' title='bbox 881 2623 1038 2666; x_wconf 87' lang='lat' dir='ltr'>Beatus</span> <span class='ocrx_word' id='word_1_330' title='bbox 1060 2623 1263 2666; x_wconf 71' lang='lat' dir='ltr'>Orodi-icus</span> <span class='ocrx_word' id='word_1_331' title='bbox 1284 2623 1469 2674; x_wconf 87' lang='lat' dir='ltr'>accessit,</span> <span class='ocrx_word' id='word_1_332' title='bbox 1494 2627 1535 2664; x_wconf 86' lang='lat' dir='ltr'>et</span> <span class='ocrx_word' id='word_1_333' title='bbox 1556 2623 1635 2665; x_wconf 92' lang='grc'><strong>1106</strong></span> <span class='ocrx_word' id='word_1_334' title='bbox 1657 2638 1719 2665; x_wconf 78' lang='lat' dir='ltr'>se—</span> 
     </span>
    </p>
   </div>
   <div class='ocr_carea' id='block_1_3' title="bbox 181 2749 1714 2936">
    <p class='ocr_par' dir='ltr' id='par_1_4' title="bbox 181 2749 1714 2844">
     <span class='ocr_line' id='line_1_38' title="bbox 225 2749 1714 2797; baseline -0.001 -10"><span class='ocrx_word' id='word_1_335' title='bbox 225 2754 232 2773; x_wconf 94' lang='lat'>¹</span> <span class='ocrx_word' id='word_1_336' title='bbox 256 2749 491 2797; x_wconf 71' lang='lat' dir='ltr'>Caracallum]</span> <span class='ocrx_word' id='word_1_337' title='bbox 519 2751 550 2784; x_wconf 93' lang='lat' dir='ltr'>A</span> <span class='ocrx_word' id='word_1_338' title='bbox 569 2750 675 2796; x_wconf 83' lang='lat' dir='ltr'>rough</span> <span class='ocrx_word' id='word_1_339' title='bbox 694 2756 790 2784; x_wconf 88' lang='lat' dir='ltr'>outer</span> <span class='ocrx_word' id='word_1_340' title='bbox 807 2756 971 2796; x_wconf 82' lang='lat' dir='ltr'>garmcnt,</span> <span class='ocrx_word' id='word_1_341' title='bbox 990 2762 1026 2784; x_wconf 83' lang='lat' dir='ltr'>as</span> <span class='ocrx_word' id='word_1_342' title='bbox 1052 2750 1132 2784; x_wconf 86' lang='lat' dir='ltr'>here</span> <span class='ocrx_word' id='word_1_343' title='bbox 1157 2750 1333 2785; x_wconf 86' lang='lat' dir='ltr'>described</span> <span class='ocrx_word' id='word_1_344' title='bbox 1349 2763 1357 2792; x_wconf 77' lang='lat'><em>3</em></span> <span class='ocrx_word' id='word_1_345' title='bbox 1384 2763 1403 2785; x_wconf 85' lang='lat' dir='ltr'>a</span> <span class='ocrx_word' id='word_1_346' title='bbox 1421 2750 1576 2785; x_wconf 79' lang='lat' dir='ltr'>soldier’s</span> <span class='ocrx_word' id='word_1_347' title='bbox 1594 2751 1691 2785; x_wconf 84' lang='lat' dir='ltr'>cloak</span> <span class='ocrx_word' id='word_1_348' title='bbox 1706 2763 1714 2793; x_wconf 90' lang='lat'>;</span> 
     </span>
     <span class='ocr_line' id='line_1_39' title="bbox 181 2797 1620 2844; baseline 0 -12"><span class='ocrx_word' id='word_1_349' title='bbox 181 2811 236 2832; x_wconf 81' lang='lat' dir='ltr'>sce</span> <span class='ocrx_word' id='word_1_350' title='bbox 255 2799 272 2844; x_wconf 64' lang='grc' dir='ltr'>ξ</span> <span class='ocrx_word' id='word_1_351' title='bbox 293 2801 370 2832; x_wconf 85' lang='grc'><strong>153.</strong></span> <span class='ocrx_word' id='word_1_352' title='bbox 1317 2798 1329 2816; x_wconf 81' lang='lat'>²</span> <span class='ocrx_word' id='word_1_353' title='bbox 1346 2797 1442 2844; x_wconf 59' lang='lat' dir='ltr'>Sum]</span> <span class='ocrx_word' id='word_1_354' title='bbox 1469 2798 1549 2842; x_wconf 79' lang='lat' dir='ltr'>Ista,</span> <span class='ocrx_word' id='word_1_355' title='bbox 1572 2798 1620 2832; x_wconf 91' lang='lat' dir='ltr'>H.</span> 
     </span>
    </p>

    <p class='ocr_par' dir='ltr' id='par_1_5' title="bbox 221 2843 944 2890">
     <span class='ocr_line' id='line_1_40' title="bbox 221 2843 944 2890; baseline -0.004 -10"><span class='ocrx_word' id='word_1_356' title='bbox 221 2846 234 2864; x_wconf 84' lang='lat'>³</span> <span class='ocrx_word' id='word_1_357' title='bbox 255 2843 460 2890; x_wconf 59' lang='lat' dir='ltr'>Corripuit]</span> <span class='ocrx_word' id='word_1_358' title='bbox 487 2843 554 2877; x_wconf 91' lang='lat' dir='ltr'>Vel</span> <span class='ocrx_word' id='word_1_359' title='bbox 571 2843 723 2889; x_wconf 84' lang='lat' dir='ltr'>arripuit,</span> <span class='ocrx_word' id='word_1_360' title='bbox 745 2843 826 2878; x_wconf 83' lang='lat' dir='ltr'>MS.</span> <span class='ocrx_word' id='word_1_361' title='bbox 848 2843 944 2877; x_wconf 69' lang='lat' dir='ltr'>Roda.</span> 
     </span>
    </p>

    <p class='ocr_par' dir='ltr' id='par_1_6' title="bbox 222 2889 945 2936">
     <span class='ocr_line' id='line_1_41' title="bbox 222 2889 945 2936; baseline -0.003 -10"><span class='ocrx_word' id='word_1_362' title='bbox 222 2893 233 2912; x_wconf 82' lang='lat'><strong>⁴</strong></span> <span class='ocrx_word' id='word_1_363' title='bbox 256 2889 580 2936; x_wconf 62' lang='lat' dir='ltr'>Circumvallantes]</span> <span class='ocrx_word' id='word_1_364' title='bbox 609 2890 881 2933; x_wconf 72' lang='lat' dir='ltr'>circumuantes,</span> <span class='ocrx_word' id='word_1_365' title='bbox 903 2890 945 2924; x_wconf 90' lang='lat' dir='ltr'>B.</span> 
     </span>
    </p>
   </div>
  </div>
 </body>
</html>
