1839 3186
519 209 576 240 ET
611 208 875 241 MIRACULIS
912 206 1189 240 5001111101.
1541 197 1621 236 ‘299

92 477 175 502 (JAP.
200 477 318 502 CLVII.
352 476 543 506 QUOMODO
565 475 699 502 NOB1L1
722 474 928 501 MATRONAE
950 473 1134 499 REDITUM
1160 473 1245 498 VIRI
1263 472 1326 497 SUI
1346 472 1623 497 PEREGRINAN-

385 543 444 568 TIS
465 543 735 577 PRAEDIXERIT,
759 542 808 566 AC
830 542 882 567 UT
907 541 1021 566 DIXlT
1044 523 1325 565 EXl-IIBUERIT.1

153 643 288 697 §282
322 643 513 684 Accnssnr
549 642 604 684 ad
639 657 803 684 servum
841 640 921 682 Dei
957 640 1147 695 quaedam
1180 639 1506 690 materfamilias,
1539 654 1625 680 ma»

93 714 214 750 trona
247 710 407 759 nobilis,
444 709 572 765 ipsius
605 714 852 765 perceptura
882 707 1098 749 consilium
1133 706 1436 748 consolationis.
1520 705 1625 747 Haec

95 776 273 829 quidem,
296 777 483 830 quamvis
516 792 541 818 a
574 776 797 831 longinquo
829 775 1020 824 venisset,
1044 773 1225 829 optabile
1262 778 1402 814 tamen
1437 772 1558 814 duxit
1578 778 1625 813 ut

93 842 169 883 viri
192 843 272 884 Dei
287 844 479 884 amicitiis
498 843 620 898 potiri
642 843 844 898 potuisset
863 859 874 890 ς
900 857 992 895 quae
1019 841 1195 895 benigne
1214 840 1315 882 satis
1336 844 1527 894 suscepta
1548 844 1624 890 est,

94 923 141 949 ac
165 908 181 930 2
198 909 367 950 domum
388 910 521 951 redire
537 914 697 965 parata,
721 914 862 950 tamen
883 912 1056 963 urgente
1078 907 1186 949 illius
1207 906 1392 962 imperio,
1411 921 1463 947 ex
1484 921 1626 947 mensa

94 973 182 1030 ejus
218 975 419 1031 3paupere
454 975 619 1017 reficere
653 975 955 1030 aliquantulum
993 978 1138 1015 coacta
1171 979 1245 1015 est.
1308 973 1470 1014 Deinde
1496 973 1625 1014 omni-

95 1041 172 1084 bus
193 1040 280 1098 ejus
303 1042 501 1085 ministris
536 1043 632 1084 foris
667 1041 878 1097 expositis,
912 1040 1198 1083 secretioribus
1223 1039 1277 1081 ad
1305 1040 1483 1081 invicem
1511 1038 1627 1095 41101·-

94 1108 308 1150 fruebatur
347 1109 548 1164 alloquiis.
639 1109 772 1164 Coepit
808 1108 936 1163 igitur
973 1107 1044 1149 illa
1083 1106 1297 1148 ardentius
1341 1106 1534 1161 conqueri
1577 1121 1626 1148 ac

94 1175 330 1218 illacrimari
362 1192 435 1231 pro
458 1192 505 1218 eo
538 1176 648 1230 quod
669 1191 694 1217 a
715 1175 802 1218 viro
836 1190 908 1216 suo
936 1172 1027 1229 jam
1059 1188 1132 1228 per
1166 1172 1378 1214 biennium
1415 1173 1625 1224 derelicta,

94 1242 292 1296 quasdam
313 1243 616 1298 possessionum
647 1242 814 1284 divitias
844 1240 938 1298 jure
973 1239 1223 1281 hereditario
1257 1239 1429 1290 debitas,
1453 1254 1536 1281 non
1556 1254 1627 1295 po—

95 1310 242 1351 tuisset
284 1308 380 1365 jure
423 1309 668 1365 perquirere,
710 1309 775 1351 vel
821 1308 999 1349 feminea
1038 1322 1111 1362 pro
1144 1306 1474 1362 impossibilitate
1505 1307 1627 1348 tueri.

98 1375 311 1430 Siquidem
332 1378 394 1419 Vir
415 1377 583 1431 quidam
605 1375 808 1427 militaris,
833 1373 920 1431 ejus
941 1373 1280 1429 consanguineus,
1300 1389 1432 1429 nuper
1453 1373 1625 1425 obierat,

96 1442 212 1499 cujus
243 1443 447 1486 ditissima
476 1448 680 1485 terrarum
717 1442 918 1498 possessio
962 1441 1020 1482 illi
1052 1440 1215 1481 mulieri
1248 1438 1343 1495 jure
1375 1439 1627 1482 hereditario

97 1510 370 1559 succedebat3
405 1508 552 1565 ⁵quam
574 1510 670 1565 quia
701 1525 775 1565 pro
796 1509 897 1564 legis
920 1506 1014 1564 jure
1040 1507 1115 1549 sub
1139 1507 1392 1548 hereditaria
1426 1507 1627 1562 proscrip-

98 1576 210 1618 tione
232 1577 403 1633 adipisci
436 1592 512 1619 nec
549 1577 648 1618 dum
669 1577 820 1632 potuit,
844 1575 997 1617 idcirco
1025 1574 1180 1616 talibus
1215 1573 1405 1628 alloquiis
1437 1574 1513 1615 viri
1543 1573 1626 1615 Dei

97 1643 279 1685 subsidia
311 1644 560 1700 imploravit.
631 1643 703 1685 Ad
736 1658 859 1698 quam
894 1642 974 1693 ille,
1015 1645 1040 1664 “
1059 1641 1155 1682 Noli
1185 1646 1332 1682 moesta
1362 1656 1461 1691 esse,
1485 1641 1550 1683 vel
1585 1645 1627 1682 te

98 1710 306 1752 doloribus
350 1711 570 1752 cruciando
605 1716 829 1760 conterere,
862 1709 958 1763 quia
998 1708 1039 1749 in
1081 1707 1270 1762 proximo
1308 1712 1370 1749 est
1409 1712 1457 1748 ut
1492 1711 1626 1748 totam

99 1782 252 1818 terram
287 1777 401 1819 illam
436 1778 512 1819 tibi
534 1778 780 1819 hereditarie
816 1776 1012 1825 debitam,
1036 1775 1201 1823 debeas,
1234 1774 1415 1816 Domino
1448 1773 1626 1824 volente,

97 1844 297 1899 recipere3
334 1860 431 1886 nam
455 1850 496 1886 et
535 1860 610 1899 ego
629 1859 760 1899 nuper
780 1843 857 1885 tibi
891 1842 1066 1883 militem
1103 1840 1324 1895 quemdam
1356 1840 1627 1882 fortissimum

97 1911 296 1952 missurus
331 1926 435 1962 sum,
473 1910 589 1967 cujus
626 1911 777 1952 fretam
810 1909 965 1951 auxilio
1000 1908 1138 1949 onmia
1174 1913 1216 1949 te
1244 1907 1425 1963 recipere
1458 1922 1625 1949 securus

99 1991 218 2026 sum3
253 1993 374 2031 quem
407 1983 448 2019 et
486 1983 532 2019 tu
566 1978 656 2033 ipsa
676 1977 899 2032 plurimum
935 1975 1083 2031 diligis,
1122 1973 1288 2030 ejusque
1323 1974 1505 2016 reditum
1527 1974 1627 2016 satis

96 2049 310 2098 gratanter
330 2045 578 2100 acceptabis.
642 2044 726 2086 Hic
766 2043 843 2085 tibi
878 2058 1000 2098 super
1033 2047 1203 2097 pontem
1234 2041 1340 2082 forte
1364 2041 1543 2095 aliquem
1574 2055 1627 2082 ex

97 2110 305 2165 insperato
330 2116 515 2153 occurret
537 2130 547 2160 3
583 2117 624 2152 et
645 2126 727 2152 11011
748 2110 911 2151 modica
932 2124 1048 2150 mora
1068 2109 1323 2163 interposita,
1347 2123 1488 2149 omnes
1508 2122 1628 2163 agros

97 2176 148 2217 de
170 2177 316 2230 quibus
337 2184 560 2233 conquesta
581 2193 635 2228 es,
660 2177 736 2219 tibi
757 2176 990 2218 restituet.”
1052 2175 1210 2228 Quibus
1232 2174 1384 2215 domna
1404 2174 1474 2215 illa
1495 2175 1629 2216 laetior

98 2242 256 2293 effecta,
282 2244 449 2285 domum
482 2244 634 2292 rediit;
674 2244 746 2286 sed
780 2244 845 2285 die
867 2249 1015 2284 octava
1048 2242 1234 2296 sequenti
1268 2240 1523 2282 Dunelmum
1554 2256 1628 2296 pro

98 2314 210 2351 terra
230 2310 300 2351 illa
320 2311 569 2366 placitatura
603 2310 852 2360 conscendit,
875 2309 946 2351 ubi
971 2309 1012 2350 in
1045 2310 1133 2363 ipso
1154 2308 1292 2364 pontis
1320 2308 1457 2349 medio
1494 2308 1627 2350 virum

97 2391 216 2417 suum
235 2377 399 2419 obviam
430 2378 623 2433 repperit,
647 2392 767 2431 quem
790 2376 840 2418 de
865 2375 1149 2417 transmarinis
1170 2375 1357 2430 partibus
1373 2379 1627 2416 remeantem

99 2442 254 2485 diutius
274 2449 397 2485 antea
429 2444 638 2500 perditum
670 2444 755 2486 sive
791 2443 1033 2484 defunctum
1059 2442 1248 2483 credidit.
1320 2442 1428 2483 Nam
1461 2441 1626 2483 biennio

99 2510 276 2564 expleto,
319 2526 440 2552 nemo
481 2511 701 2565 quicquam
733 2510 784 2551 de
824 2508 911 2565 ejus
939 2514 1067 2550 ‘statu
1098 2509 1162 2550 vel
1199 2508 1336 2550 reditu
1371 2508 1520 2550 referre
1552 2523 1626 2548 no-

97 2581 243 2624 verat;
293 2578 365 2619 sed
394 2593 468 2619 nec
497 2576 584 2633 ejus
619 2578 845 2619 adventum
875 2576 1022 2630 aliquis
1055 2581 1142 2616 tam
1175 2575 1379 2617 incertum
1414 2573 1627 2629 provenire

98 2643 287 2697 putabat.
311 2644 499 2698 Denique
518 2645 635 2686 miles
655 2644 722 2685 ille
748 2649 949 2694 strenuus,
974 2642 1118 2684 audita
1139 2657 1262 2684 cansa
1283 2657 1355 2697 pro
1378 2656 1459 2696 qua
1479 2655 1628 2695 sponsa

100 2724 173 2751 sua
208 2710 276 2751 illo
311 2716 570 2762 convenerat,
593 2711 738 2753 eadem
766 2711 844 2761 die,
868 2710 978 2752 omni
1010 2709 1194 2766 conjugis
1227 2724 1309 2751 suae
1336 2713 1530 2763 percepta
1558 2707 1627 2748 he-

146 2822 155 2842 ²
184 2823 222 2855 In
241 2822 298 2855 the
317 2822 411 2856 Harl.
431 2822 505 2855 MS.
522 2822 659 2867 chapter
678 2820 825 2855 CXLII.
895 2820 907 2838 2
929 2818 1099 2864 Domum]
1128 2818 1287 2861 Domum,
1309 2817 1355 2852 H.

146 2869 158 2887 ³
180 2868 358 2914 Pcmpcrc]
388 2869 604 2914 Paupcrriina
617 2867 664 2914 [ἶ]
892 2867 904 2886 ⁴
923 2863 1220 2913 Pcrji‘ucbcmtm‘]
1244 2864 1288 2899 H.
1296 2877 1305 2906 3
1325 2864 1567 2910 perfruebantur,
1584 2865 1626 2897 B.

469 2916 481 2934 ⁵
503 2914 608 2953 Quam
627 2916 702 2959 quia
714 2914 808 2960 pra]
838 2916 1016 2957 Quamque
1034 2923 1105 2957 pro,
1128 2911 1174 2944 Η.
