1839 3186
165 207 247 248 198
674 215 906 247 LIBELLUS
943 216 1007 247 DE
1043 216 1160 247 VITA

166 320 317 375 capita,
349 320 414 362 vel
447 320 585 375 aliqua
620 320 701 362 alia
734 325 901 362 artuum
932 335 1097 376 genera,
1135 336 1224 375 quae
1250 320 1372 362 alicui
1407 319 1696 370 animantium,

166 387 431 441 serpentium,
473 403 545 429 seu
588 388 630 429 in
674 392 786 428 terra
827 387 893 429 vel
932 388 975 428 in
1009 387 1126 441 aquis
1165 386 1523 436 commorantium,
1569 386 1698 428 videri

167 453 324 509 possint
363 454 601 497 consimilia.
674 454 895 495 Multoties
936 453 1062 495 etiam
1100 459 1220 495 terrae
1256 454 1467 509 pulverem
1501 468 1598 507 erga
1634 468 1700 493 me

170 520 369 576 dispergit
390 537 401 568 ;
442 526 483 562 01
504 536 529 561 a
558 521 679 575 longe
701 526 822 561 extra
843 520 1032 561 cellulam
1050 520 1219 575 positus,
1240 520 1397 575 lapides
1415 519 1529 561 velut
1551 518 1702 561 fluctus

169 592 373 629 torrentes
395 587 449 628 ad
469 587 647 643 parietes
669 586 865 628 Ecclesiae
887 587 1111 628 exteriores
1132 586 1280 628 allidit.
1334 586 1399 627 De
1416 585 1539 628 silicis
1562 585 1700 626 medio

170 653 392 708 aliquando
422 653 695 709 1prorumpit3
730 658 771 695 et
798 668 891 694 cum
911 653 1100 704 voluerit,
1126 653 1176 695 de
1197 659 1317 695 terrae
1338 653 1465 708 ipsius
1489 652 1616 693 fundo
1647 652 1703 693 ad

170 721 258 761 alta
278 720 449 776 prosilit.
513 721 601 761 Nec
633 720 765 775 magis
801 720 860 761 eis
894 719 1033 760 obstat
1053 720 1222 769 lectum,
1252 720 1317 762 vel
1339 719 1487 774 paries,
1527 733 1598 760 seu
1630 734 1702 760 an-

170 787 303 842 gulus,
337 802 460 841 quam
496 786 689 828 mollities
728 785 957 827 tenuissimi
996 785 1101 828 aeris
1140 784 1276 841 hujus.
1340 786 1441 838 Quae
1482 790 1623 826 autem
1660 785 1702 826 in

170 853 418 909 longissimis
456 852 605 895 finibus
640 851 758 901 fiunt,
783 852 932 893 referre
954 852 1069 906 quasi
1096 852 1242 908 spiritu
1263 851 1503 907 prophetico
1525 852 1698 900 volunt3

173 935 222 960 ea
256 925 396 961 tamen
440 919 578 960 onmia
610 919 785 960 ridicula
816 924 857 960 et
893 917 1092 974 figmenta
1128 919 1241 962 varia
1279 923 1387 968 sunt,
1424 933 1513 972 quae
1553 923 1705 960 cuncta

173 985 365 1027 falsitatis
398 985 529 1040 elogio
552 990 593 1027 et
614 985 866 1040 deceptionis
893 985 1114 1028 involucris
1143 986 1309 1027 obtecta
1342 990 1452 1026 sunt.
1514 984 1587 1026 Ad
1616 985 1704 1026 haec

173 1053 266 1093 ideo
288 1051 559 1108 confingendo
592 1051 839 1101 conficiunt3
868 1051 963 1106 quia
991 1051 1024 1093 si
1046 1053 1104 1094 eis
1126 1052 1360 1107 aliquando,
1383 1051 1450 1093 vel
1471 1051 1704 1106 permodice

176 1119 315 1169 etiam,
349 1118 610 1169 obaudiatur,
641 1118 782 1160 statim
819 1118 1019 1160 retiacula
1050 1135 1136 1161 suae
1173 1119 1330 1160 callidae
1363 1118 1615 1173 deceptionis
1645 1118 1706 1159 in-

173 1186 387 1227 nectunt.77
459 1185 625 1226 Horum
659 1185 821 1240 singula
848 1185 881 1226 si
902 1185 1076 1228 velimus
1108 1185 1319 1241 sigillatim
1351 1200 1569 1240 exponere,
1592 1184 1705 1227 vide-

174 1252 311 1293 bimur
330 1252 501 1293 modum
521 1252 741 1294 voluminis
762 1251 1000 1293 Qexcedere.

223 1361 233 1381 1
253 1360 481 1408 Prorumpit]
509 1362 674 1407 Compare
692 1361 709 1407 ξ
729 1364 808 1396 262.

223 1411 236 1429 ²
254 1407 447 1454 Escedere]
476 1411 496 1427 “
511 1409 679 1442 Godrieus
700 1409 747 1441 ita
762 1409 836 1452 jam
862 1413 963 1442 aetate
988 1408 1162 1443 confectus
1179 1415 1216 1442 ut
1233 1408 1343 1442 alieno
1361 1409 1543 1454 erigeretur
1567 1408 1708 1452 auxilio,

176 1466 293 1499 graves
317 1455 509 1488 daemonum
526 1455 715 1500 perferebat
728 1455 886 1489 insultus.
936 1454 1130 1500 Aliquando
1148 1467 1183 1489 se
1197 1455 1350 1489 diabolus
1368 1455 1519 1489 vertebat
1532 1455 1566 1488 in
1580 1467 1708 1499 ursum,

178 1501 378 1546 quandoque
396 1502 429 1535 in
448 1514 584 1535 corvum
601 1507 660 1535 aut
677 1502 835 1546 aquilam,
854 1501 1054 1546 quandoque
1072 1502 1107 1535 in
1125 1502 1270 1546 simiam,
1289 1502 1489 1547 quandoque
1506 1502 1541 1535 in
1559 1501 1711 1544 arietem,

177 1554 210 1580 et
228 1548 364 1582 similia.
407 1548 555 1591 Quidam
573 1548 683 1593 capita
700 1560 800 1594 super
816 1549 927 1582 trabes
945 1548 1065 1582 domus
1083 1548 1251 1591 attollunt,
1267 1549 1404 1593 quidam
1423 1548 1465 1582 ad
1482 1548 1606 1582 coelum
1625 1548 1712 1581 colla

177 1595 392 1639 protendunt,
408 1595 544 1640 quidam
562 1607 629 1628 uno
646 1594 731 1640 pede
749 1595 910 1629 incedunt
924 1608 932 1637 ;
958 1606 1048 1628 nunc
1066 1601 1135 1628 erat
1153 1595 1265 1640 aquila
1282 1595 1405 1629 saliens
1419 1601 1452 1628 et
1464 1594 1591 1628 habens
1608 1595 1710 1629 tibias

177 1641 355 1686 longiores,
383 1648 416 1674 et
440 1641 573 1687 plumas
598 1641 654 1675 1110
679 1641 783 1685 albas,
800 1641 857 1675 hic
881 1642 1004 1686 nigras,
1021 1641 1076 1675 1110
1097 1642 1228 1685 rubeas,
1246 1642 1302 1675 1110
1319 1642 1451 1685 lividas,
1468 1642 1525 1675 hic
1551 1653 1685 1675 croceas
1702 1654 1711 1684 3

179 1693 212 1720 et
230 1688 364 1732 similia,
384 1700 459 1733 quae
477 1689 534 1721 vix
552 1700 713 1721 numerus
732 1688 998 1734 comprehendit.
1048 1688 1141 1721 Nam
1160 1688 1288 1721 colores
1306 1695 1338 1721 et
1355 1689 1480 1722 formas
1498 1694 1529 1721 et
1548 1688 1710 1732 membra,

180 1740 231 1767 tot
261 1735 372 1768 modis
399 1735 583 1778 variabant,
614 1734 704 1779 quod
732 1734 796 1768 hoc
825 1747 892 1768 non
921 1740 1035 1780 posset
1063 1735 1163 1780 plene
1192 1735 1339 1768 hominis
1364 1735 1480 1780 lingua
1510 1734 1712 1769 describere.

180 1780 391 1826 Quandoque
417 1793 535 1815 saccus
560 1782 736 1815 videbatui
761 1782 921 1815 stramine
946 1781 1104 1827 repletus,
1132 1782 1268 1814 omnino
1292 1782 1444 1815 membra
1468 1793 1535 1815 non
1559 1781 1712 1823 habens3

181 1828 381 1873 quandoque
399 1828 440 1861 de
458 1828 562 1862 silicis
579 1828 692 1861 medio
705 1828 954 1880 prorumpebat,
968 1828 1170 1873 quandoque
1187 1828 1291 1861 veluti
1310 1828 1350 1861 de
1363 1828 1469 1861 fundo
1483 1834 1580 1861 teuae
1591 1828 1633 1861 ad
1646 1827 1714 1861 alta

180 1874 346 1927 11105111111.
398 1875 608 1920 Quandoque
634 1881 750 1908 contra
776 1875 840 1908 Dei
865 1887 973 1908 urum
998 1874 1078 1920 pulv
1082 1886 1171 1908 erem
1197 1875 1419 1920 dispergebat,
1447 1875 1647 1920 quandoque
1664 1874 1714 1907 fo-

181 1921 332 1954 rinsecus
361 1921 491 1966 lapides
514 1921 646 1954 cellulae
669 1922 788 1966 parieti
815 1921 987 1955 allidebat.
1037 1921 1244 1966 Fr-equentffl
1267 1922 1301 1954 in
1327 1933 1463 1967 10511010
1488 1921 1712 1966 malignorum

183 1968 363 2012 spirituum
380 1968 605 2001 numerositas
622 1968 754 2001 infinita
772 1967 926 2001 cellulam
947 1968 1106 2001 introibat
1122 1981 1130 2009 ;
1157 1974 1189 2000 et
1207 1973 1300 2001 erant
1318 1968 1428 2001 colore
1445 1968 1628 2012 nigerrimi,
1647 1974 1714 2001 sta-

183 2020 258 2047 tura
274 2014 471 2059 permodici,
490 2014 610 2059 quales¹
623 2014 780 2047 dicuntur
798 2026 870 2047 esse
889 2014 1043 2059 Pigmaei.
1087 2014 1234 2056 Quidam
1254 2015 1435 2048 cachinnos
1454 2015 1487 2047 in
1505 2026 1582 2048 eum
1600 2026 1715 2047 move-

182 2060 274 2104 bant,
290 2061 425 2105 quidam
444 2060 605 2094 stridente
623 2061 721 2094 sibilo
739 2060 933 2104 saeviebant,
953 2060 1088 2105 quidam
1103 2072 1180 2093 eum
1193 2060 1270 2094 telis
1287 2061 1482 2094 ardentibus
1499 2060 1714 2106 appetebant.

187 2106 331 2140 Dicebat
349 2113 462 2140 autem
479 2107 576 2140 nobis
594 2107 643 2140 vir
664 2113 799 2140 sanctus
816 2107 901 2139 nihil
919 2107 967 2140 cis
985 2118 1058 2140 0550
1083 2106 1259 2140 111010511115
1277 2119 1377 2152 quam
1403 2107 1467 2140 hoc
1492 2107 1581 2151 quod
1599 2119 1715 2152 aspec-

187 2160 257 2186 tum
277 2153 448 2186 avertebat
465 2153 506 2186 ab
524 2154 572 2186 eis
588 2166 595 2194 ;
620 2165 682 2186 1100
700 2153 812 2198 aliquo
835 2153 935 2186 modo
957 2153 1079 2186 melius
1102 2165 1217 2186 eorum
1235 2154 1405 2187 vesaniam
1423 2154 1593 2197 declinari,
1613 2165 1713 2198 qnam

188 2201 215 2234 si
234 2200 357 2233 clausis
379 2199 550 2232 oculorum
577 2199 745 2245 palpebris
771 2205 1039 2233 contemnantur.
1090 2199 1234 2242 Quando
1259 2201 1349 2233 enim
1374 2200 1546 2245 aspicitur,
1565 2200 1606 2233 de
1623 2200 1715 2234 facili

187 2247 229 2280 ad
246 2247 374 2279 malum
392 2246 515 2279 animae
532 2258 650 2279 50115115
676 2246 869 2279 inflectitur.
920 2246 1032 2279 Nobis
1057 2252 1170 2279 autem
1190 2247 1429 2290 quaerentibus,
1448 2259 1490 2280 an
1508 2247 1580 2292 ipse
1597 2247 1717 2290 hujus-

186 2293 279 2327 modi
297 2292 532 2338 phantasmata
548 2292 799 2337 pertimesceret
814 2305 821 2334 3
849 2292 946 2335 dixit,
961 2304 996 2325 50
1010 2293 1179 2326 munitum
1197 2293 1292 2337 signo
1308 2293 1427 2326 Crucis
1444 2305 1510 2326 non
1528 2293 1636 2338 magis
1654 2293 1717 2327 1100

185 2339 339 2374 fremitus
358 2351 457 2384 quam
475 2339 602 2372 factum
620 2339 709 2372 circa
726 2350 761 2372 se
778 2344 907 2372 motum
926 2339 1011 2372 aeris
1029 2339 1246 2374 formidare.”
1274 2340 1369 2374 Harl.
1388 2340 1645 2385 Abridgement.
