1839 3186
213 161 296 202 430
733 171 964 205 LIBELLUS
999 172 1062 204 DE
1098 172 1214 203 VITA

212 275 310 323 tuit,
328 274 516 316 mordere
536 280 577 317 et
595 275 826 332 discerpere
846 277 1057 319 consuevit
1075 294 1086 325 ;
1122 281 1163 317 et
1180 276 1276 330 quia
1293 276 1453 316 nullum
1470 275 1507 316 ei
1529 275 1743 316 consilium

212 341 359 382 melius
382 342 596 396 superfuit,
616 343 670 384 ad
692 344 953 399 sepulchrum
976 343 1052 385 viri
1075 343 1157 384 Dei
1177 343 1229 384 ab
1251 343 1393 384 amicis
1416 342 1617 397 perducta
1634 342 1740 390 fuit:,

213 407 318 460 Quae
354 422 396 449 se
426 422 564 449 coram
593 409 782 451 omnibus
815 410 871 451 ibi
902 410 1048 451 misere
1081 409 1281 457 distorsit,
1314 413 1449 450 Vestes
1480 413 1521 449 et
1551 408 1742 463 peliciam

211 473 420 528 propriam
440 489 509 515 ore
532 480 573 516 et
594 491 720 517 manu
742 476 981 517 discidendo
1004 476 1212 530 discerpit.
1284 475 1387 516 Post
1408 479 1550 516 noctes
1570 474 1741 515 tandem

213 540 316 581 duos
340 540 397 580 ibi
420 542 643 592 convaluit,
666 547 707 583 et
729 543 906 583 sanitate
930 547 1138 597 percepta,
1159 556 1299 596 sospes
1321 556 1415 582 cum
1437 541 1557 582 sociis
1585 540 1742 581 Dunel-

211 621 327 646 mum
348 606 484 648 rediit.
547 607 649 660 Quae
668 609 794 649 etiam
812 609 935 649 modo
958 623 1057 649 sana
1075 608 1302 649 Dominum
1324 607 1367 648 in
1388 607 1541 648 Sancto
1562 606 1741 647 Godrico

211 671 426 727 glorificat,
449 678 490 714 et
509 673 667 715 factum
688 674 730 715 in
752 690 793 716 se
816 675 897 715 Dei
918 674 1241 716 misericordiam
1263 674 1422 715 cunctis
1439 674 1581 714 audire
1603 674 1739 715 volen-

211 739 324 780 tibus
346 738 538 780 dulcifiue
566 740 801 794 frequenter
826 746 1016 789 enarrat;
1053 740 1189 793 Quam
1209 741 1330 781 multi
1355 740 1396 780 in
1418 740 1625 780 Dunelmo
1647 754 1741 780 con-

211 809 422 846 versantes
454 812 720 860 cognoscunt,
754 812 795 849 et
829 807 879 849 de
922 806 1009 863 ejus
1042 806 1282 848 infirmitate
1318 821 1366 847 ac
1400 807 1578 848 sanitate
1613 810 1742 847 testes

212 871 380 926 plurimi
406 876 448 912 et
470 871 621 914 infiniti
646 873 847 915 existunt.

672 1037 800 1063 CLXXI.
833 1036 885 1062 DE
915 1036 1085 1062 LEPROSO
1114 1035 1282 1063 CURATO.

272 1137 293 1191 ᾗ
317 1139 414 1179 544.
449 1137 568 1177 ERAT
584 1136 753 1191 quidam
774 1141 915 1191 pastor
930 1136 1082 1186 ovium,
1100 1136 1287 1177 minister
1304 1134 1607 1176 Monachorum
1625 1134 1738 1176 Gris-

212 1218 366 1254 eorum,
386 1204 514 1258 Hugo
534 1203 711 1253 nomine,
731 1203 799 1257 qui
822 1203 978 1244 diutius
999 1203 1100 1244 alios
1121 1203 1249 1243 latere
1270 1202 1335 1242 vel
1356 1202 1463 1242 inter
1484 1216 1552 1243 eos
1573 1216 1739 1242 conver-

212 1270 292 1311 sari
314 1285 397 1310 non
417 1269 567 1324 potuit,
585 1270 681 1323 quia
701 1269 815 1324 lepra
835 1284 1051 1324 percussus
1072 1269 1231 1310 cunctis
1251 1268 1411 1309 horrori
1431 1268 1524 1309 fuit.
1586 1268 1671 1308 Hic
1692 1274 1739 1310 ut

212 1336 411 1390 comperit
442 1336 641 1376 miracula
683 1335 726 1375 in
742 1335 940 1376 Finchale
961 1334 1061 1384 fieri,
1088 1335 1235 1389 quibus
1266 1334 1399 1375 modis
1429 1335 1566 1389 potuit
1597 1334 1666 1375 illo
1698 1350 1739 1376 se

213 1402 402 1443 contulit.
455 1402 691 1442 Procedens
709 1416 805 1442 Vero
823 1401 879 1442 ibi
903 1405 1024 1442 nocte
1045 1416 1128 1442 una
1148 1401 1191 1441 in
1212 1400 1397 1441 maxima
1412 1401 1605 1455 angustia
1622 1400 1739 1442 desu-

213 1467 350 1509 dando
374 1468 592 1518 laboravit,
617 1468 763 1521 dieque
799 1467 987 1521 sequenti
1008 1482 1236 1522 exsurgens
1257 1482 1299 1508 se
1323 1467 1575 1508 levissimum
1598 1468 1738 1518 sensit,

212 1539 431 1588 tumorque
456 1535 589 1575 omnis
611 1549 705 1575 cum
725 1533 898 1574 deformi
915 1534 1063 1574 rubore
1084 1534 1252 1588 fugatus
1269 1533 1534 1583 abscesserat,
1552 1548 1740 1587 novaque

213 1601 358 1642 coloris
381 1601 535 1642 insoliti
557 1599 790 1655 superficies
811 1600 854 1641 in
874 1600 978 1641 facie
1000 1605 1041 1640 et
1060 1605 1150 1640 toto
1170 1614 1335 1654 corpore
1351 1599 1479 1654 ipsius
1500 1599 1735 1648 relucebat3

212 1681 415 1721 sanusque
454 1681 593 1708 coram
633 1666 792 1708 cunctis
827 1667 1019 1721 apparuit
1058 1671 1098 1707 et
1133 1666 1246 1706 nulla
1281 1666 1446 1706 omnino
1479 1666 1646 1720 pustula
1675 1666 1740 1707 vel

213 1733 415 1775 cicatricis
435 1733 598 1774 mac-ula
619 1733 661 1773 in
682 1733 770 1787 ipso
787 1732 1004 1773 residendo
1028 1732 1273 1787 comparuit.
1313 1732 1497 1772 Domum
1518 1736 1658 1772 autem
1679 1747 1742 1773 re-

211 1815 386 1854 gressus,
412 1799 525 1854 operi
549 1804 744 1840 consueto
776 1799 943 1847 institit,
966 1799 1148 1852 nullique
1179 1799 1381 1840 sociorum
1403 1798 1644 1848 horrendus,
1668 1798 1740 1839 sed

212 1866 349 1920 potius
373 1881 445 1920 pro
467 1870 710 1920 recuperata
737 1866 915 1906 sanitate
937 1880 1011 1906 sua
1030 1869 1118 1905 tam
1139 1865 1262 1905 modo
1284 1864 1527 1914 incredibili,
1551 1864 1740 1906 omnibus

211 1932 343 1986 magis
357 1931 589 1987 diligendus
610 1931 814 1986 apparuit.
878 1931 982 1972 Post
998 1930 1094 1971 anni
1115 1931 1223 1972 illius
1244 1931 1404 1972 exitum
1421 1930 1502 1971 duo
1525 1930 1575 1971 de
1597 1930 1739 1971 ordine

213 1997 493 2039 Oistricinensi
506 1998 678 2039 abbates
693 1998 735 2038 in
757 1997 956 2038 Finchale
972 1997 1128 2038 oraturi
1144 2012 1382 2052 convenere,
1401 2011 1575 2050 quorum
1592 1997 1741 2038 fratres

212 2069 254 2105 et
275 2064 452 2105 ministri
476 2064 545 2117 qui
567 2079 661 2105 cum
689 2063 768 2105 illis
801 2064 1066 2114 advenerant,
1091 2063 1309 2118 praefatum
1341 2078 1383 2104 se
1412 2078 1530 2104 nosse
1543 2061 1742 2118 juvenem

212 2145 447 2178 asseruereg
482 2129 782 2184 praefatumque
795 2128 995 2184 juvenem
1016 2144 1100 2170 una
1123 2144 1217 2170 cum
1237 2129 1457 2170 abbatibus
1477 2128 1556 2170 illis
1577 2129 1740 2170 sanissi-

213 2211 327 2237 mum
348 2196 433 2237 fore
448 2195 498 2236 de
520 2195 665 2237 eadem
686 2194 928 2236 infirmitate
950 2195 1098 2249 singuli
1116 2196 1305 2236 attestati
1326 2200 1435 2244 sunt,
1456 2200 1496 2236 et
1514 2195 1741 2241 Dominum

213 2262 256 2302 in
285 2261 438 2303 Sancto
469 2261 647 2302 Godrico
682 2260 1088 2316 ἑ(3ν1011110311105,11300
1119 2261 1194 2303 sub
1224 2276 1365 2302 eorum
1398 2261 1636 2302 testimonio
1666 2276 1741 2303 nos

213 2327 377 2382 scriptis
400 2327 576 2369 inserere
599 2330 608 2352 ¹
627 2328 922 2382 compulerunt.

213 2422 246 2449 et
271 2416 439 2459 laetantur,
465 2420 498 2448 et
524 2415 566 2448 ad
591 2415 823 2448 consuendum
851 2415 970 2449 vulnus
995 2415 1091 2449 filum
1116 2415 1305 2460 postulatur
1329 2422 1362 2448 et
1387 2427 1478 2448 acus.
1528 2415 1619 2448 Dum
1641 2427 1742 2448 nemo

213 2462 347 2495 illorum
366 2462 422 2507 qui
440 2461 578 2495 aderant
595 2462 733 2495 haberet
750 2462 791 2494 ad
809 2473 959 2505 manum,
978 2468 1011 2495 et
1028 2462 1118 2495 beati
1137 2462 1276 2495 Godrici
1301 2461 1523 2506 patrocinium
1542 2461 1743 2506 flagitarent,

213 2508 325 2541 subito
343 2508 430 2541 inter
446 2508 591 2541 virentes
609 2508 728 2541 herbas
754 2519 853 2540 acum
876 2508 1052 2541 inveniunt
1078 2508 1253 2541 infilatam.
1304 2507 1405 2540 Unde
1421 2508 1544 2552 gratias
1561 2508 1743 2541 referentes

212 2554 312 2587 beato
330 2554 489 2597 Godrico,
514 2554 644 2587 hiatum
663 2554 809 2587 vulneris
835 2560 1050 2597 consuerunt,
1078 2560 1111 2587 et
1133 2560 1376 2598 consequenter
1394 2554 1435 2587 ad
1453 2553 1637 2599 hospitium
1654 2554 1745 2587 mili-

214 2607 283 2633 tem
302 2600 506 2634 detulerunt.
556 2600 755 2642 Quaerentes
773 2606 885 2633 autem
905 2600 1012 2633 virum
1032 2600 1243 2645 praedictum,
1262 2600 1346 2633 nihil
1368 2600 1484 2633 indicii
1503 2600 1544 2633 de
1561 2600 1619 2633 illo
1636 2600 1743 2645 perei—

213 2658 291 2691 pere
309 2652 500 2691 potuerunt.
550 2646 652 2679 Miles
670 2647 705 2679 in
723 2646 833 2679 triduo
851 2646 949 2690 plene
967 2647 1149 2686 convaluit,
1176 2652 1209 2679 et
1226 2647 1260 2678 in
1279 2647 1371 2679 curia
1393 2646 1479 2690 regis
1497 2646 1632 2690 Angliae
1655 2646 1744 2691 quod

214 2692 382 2726 acciderat
400 2693 557 2726 omnibus
575 2692 752 2726 enarravit.
802 2693 884 2726 Post
908 2692 982 2725 haec
1000 2704 1078 2726 vero
1104 2692 1317 2725 Finchaliam
1342 2698 1453 2737 grates
1476 2692 1667 2725 redditurus
1685 2692 1744 2725 ad-

216 2739 317 2771 venit.
320 2739 342 2754 ''

264 2788 272 2806 ¹
302 2784 568 2830 compulerant]
598 2784 681 2818 This
705 2784 885 2818 incident
877 2796 905 2817 is
928 2784 1007 2818 thus
1030 2784 1216 2829 abridged
1208 2796 1241 2817 111
1259 2784 1317 2817 the
1337 2784 1497 2817 Η31101311
1515 2785 1745 2829 manuscript:

216 2830 400 2872 “Quidam
426 2838 539 2875 pastor
567 2831 679 2864 ovium
707 2831 755 2864 sic
782 2842 960 2876 percussus
987 2836 1037 2864 est
1061 2830 1163 2875 lepra,
1190 2836 1228 2863 ut
1253 2831 1384 2864 cunctis
1410 2836 1498 2863 esset
1520 2830 1658 2874 horr·01i,
1681 2841 1744 2863 1100

215 2884 328 2920 posset
346 2877 432 2910 inter
453 2877 607 2910 hominos
625 2877 825 2911 conver-san.
876 2877 943 2910 Hic
962 2877 1052 2910 venit
1077 2876 1119 2909 ad
1145 2877 1297 2910 tumbam
1324 2876 1438 2910 Sancti
1464 2875 1614 2920 Godrici,
1641 2882 1674 2909 et
1699 2875 1746 2909 ibi
