1839 3186
556 231 615 261 ET
651 230 916 262 MIRACULIS
953 230 988 260 S.
1017 229 1231 261 GODRICI.
1576 216 1657 255 449

130 335 264 376 Gutta
286 334 454 377 Caduca
490 334 676 387 dicitur,)
712 338 799 373 erat
830 346 1038 386 oppressa.
1116 330 1200 371 Sed
1233 330 1287 370 ad
1322 329 1464 370 Sancti
1489 328 1657 369 Godrici

128 402 317 442 tumbam
353 400 609 455 perveniens,
653 399 709 440 ibi
750 413 890 453 preces
932 398 1103 438 devotas
1137 396 1292 437 Sancto
1327 396 1406 436 Dei
1439 395 1657 436 confessori

129 467 296 515 effudit3
331 467 478 521 quibus
508 466 699 521 peractis,
726 465 778 506 ab
812 464 923 505 omni
959 464 1156 504 diuturna
1187 461 1427 503 infirmitate
1460 461 1658 516 praedicta

128 549 169 575 se
191 534 408 574 liberatam
430 532 643 588 persensit.
706 529 833 586 Cujus
864 529 1118 572 infirmitatis
1147 529 1379 570 molestiam
1403 528 1524 569 multi
1546 528 1659 582 prius

128 605 356 648 noverant3
396 606 437 640 et
471 600 521 640 de
558 599 735 640 sanitate
771 598 829 638 illi
868 612 893 638 a
928 596 1080 637 Sancto
1103 595 1272 636 Domini
1305 594 1484 636 Godrico
1520 594 1657 635 subito

129 667 292 716 collata,
315 667 452 721 plures
483 666 706 721 plurimum
728 664 908 705 Domino
940 663 1084 705 salutis
1108 662 1293 717 largitori
1324 661 1480 717 gratias
1512 660 1659 702 refere-

127 733 242 774 bant.

347 833 490 858 CXCVII.
527 833 578 858 DE
607 832 765 858 JUVENE
796 831 952 857 SANATO
984 831 1009 855 A
1042 829 1245 855 TIBIARUM
1276 828 1441 854 DOLORE.

189 941 210 995 ἓ
246 939 341 984 575.
377 940 551 982 HELYAs
586 939 693 981 filius
716 939 823 980 Adae
857 940 907 980 de
931 939 1167 981 Moreslave
1203 953 1372 994 gravem
1403 935 1659 992 aegritudinis

132 1008 283 1048 molem
318 1007 541 1055 inciderat3
577 1022 673 1047 nam
702 1006 916 1060 utriusque
948 1006 1144 1047 tibiarum
1170 1020 1337 1047 suarum
1371 1004 1553 1045 dolorem
1585 1002 1659 1043 du-

130 1073 337 1115 rissimum
369 1074 525 1114 diutius
557 1073 801 1115 sustinebat.
873 1072 1086 1127 Siquidem
1114 1088 1139 1113 a
1161 1070 1406 1112 Nativitatis
1428 1069 1658 1111 Dominicae

129 1145 317 1195 tempore
340 1139 351 1161 ¹
367 1155 494 1194 usque
525 1140 580 1180 ad
612 1139 882 1181 festivitatem
914 1139 1056 1180 Sancti
1075 1138 1105 1179 J
1109 1138 1281 1179 ohannis
1303 1137 1519 1192 Baptistae,
1541 1140 1659 1176 tanto

130 1206 268 1247 dolore
290 1206 333 1247 in
357 1206 469 1248 tibiis
498 1207 670 1247 cruciari
699 1210 981 1254 consueverat,
1009 1205 1119 1260 qued
1141 1204 1345 1260 ejulando,
1373 1202 1658 1250 exclamando,

130 1277 172 1313 et
197 1288 238 1314 se
269 1274 311 1313 in
343 1273 523 1314 diversas
554 1277 693 1328 partes
724 1272 953 1327 torquendo
984 1272 1193 1327 passiones
1225 1286 1331 1320 suas,
1357 1285 1457 1324 quas
1489 1269 1661 1310 interius

130 1354 345 1394 perpessus
377 1339 524 1389 fuerat,
548 1339 808 1381 evidentibus
839 1339 939 1381 satis
969 1338 1131 1380 indiciis
1159 1337 1410 1379 declarabat.
1471 1335 1660 1389 Denique

130 1406 243 1447 tibiae
275 1406 383 1447 illius
418 1407 584 1447 rubenti
607 1411 770 1447 tumore
805 1420 961 1460 coepere
992 1420 1258 1460 groscescere,
1290 1403 1437 1444 deinde
1468 1403 1663 1443 humores

129 1472 277 1514 lividos
310 1477 351 1513 et
376 1471 629 1527 2putrientes
665 1471 869 1513 effluendo
910 1471 1137 1520 distillare3
1177 1471 1324 1526 quibus
1360 1485 1457 1525 opes
1496 1468 1661 1511 sedulus

133 1554 206 1593 per
231 1539 366 1593 plures
395 1539 661 1581 medicinales
694 1538 932 1589 adhibebat,
957 1538 1139 1580 dolorem
1170 1543 1311 1579 tamen
1343 1537 1515 1578 interius
1550 1549 1661 1590 gras-

130 1611 291 1646 santem
324 1620 396 1647 seu
427 1605 600 1647 tumoris
633 1605 789 1647 horridi
826 1610 987 1660 pestem
1020 1605 1164 1646 sedare
1184 1604 1249 1646 vel
1272 1603 1498 1645 diminuere
1529 1602 1661 1642 nulla-

131 1677 253 1713 tenus
274 1672 543 1726 praevalebat.
605 1672 793 1713 Tandem
815 1672 857 1713 in
879 1671 1078 1712 Finchale
1099 1671 1300 1726 pervenit,
1323 1675 1364 1711 et
1383 1674 1503 1710 nocte
1520 1668 1663 1710 Sancti

132 1738 339 1780 «Iohannis
363 1738 566 1793 Baptistae
602 1739 656 1780 ad
687 1739 949 1793 sepulchrum
979 1738 1056 1780 viri
1085 1738 1167 1778 Dei
1197 1737 1419 1779 sanitatem
1451 1734 1661 1791 percepit3

133 1809 175 1845 et
195 1805 264 1859 qui
287 1805 400 1859 prius
430 1805 554 1846 tibias
587 1820 681 1847 suas
701 1820 865 1846 movere
886 1805 949 1847 vel
973 1805 1027 1845 ad
1051 1819 1092 1846 se
1115 1805 1357 1845 contrahere
1377 1818 1459 1843 non
1484 1806 1661 1857 poterat,

124 1869 216 1926 jam
247 1876 347 1912 tunc
378 1886 516 1926 sospes
548 1877 589 1912 et
619 1872 753 1913 alacer
780 1872 866 1913 sine
900 1871 1038 1926 aliqua
1069 1871 1291 1912 offensione
1315 1870 1380 1912 vel
1411 1867 1665 1910 infirmitatis

134 1937 432 1992 impedimento
464 1937 632 1979 domum
667 1938 844 1979 redibat.
907 1938 1034 1979 Unde
1054 1953 1137 1978 non
1169 1937 1301 1978 solum
1331 1937 1399 1977 ille
1424 1934 1590 1991 juvenis
1613 1934 1664 1974 de

134 2004 199 2045 his
231 2004 351 2046 testis
391 2004 559 2054 assistit,
582 2019 725 2046 verum
762 2005 888 2045 etiam
925 2010 1043 2059 pater
1077 2004 1204 2059 ipsius
1239 2018 1333 2044 cum
1371 2002 1482 2043 omni
1518 2001 1665 2042 domus

135 2085 218 2111 suae
236 2070 393 2112 familia
414 2086 503 2125 quae
524 2071 612 2113 haec
631 2076 810 2113 testatur
831 2077 872 2113 et
892 2071 1022 2113 novit.

164 2234 324 2260 CXCVIII.
372 2234 423 2259 DE
454 2234 582 2260 PUERO
614 2233 813 2259 SEMINECE
847 2232 951 2258 PENE
984 2231 1148 2257 FLATUM
1180 2230 1358 2256 SPIRITUS
1389 2229 1633 2255 EMITTENTE.

195 2333 212 2385 ᾧ
239 2331 336 2377 576.
370 2333 490 2373 PUER
511 2332 679 2387 quidam
699 2338 802 2374 natu
825 2333 986 2374 circiter
1000 2331 1173 2381 biennis,
1193 2331 1292 2372 dum
1309 2330 1445 2372 adhuc
1466 2329 1664 2384 penderet

136 2399 190 2441 ad
221 2400 349 2441 ubera
377 2400 523 2441 matris
554 2414 650 2449 suae,
674 2400 904 2454 passionem
926 2398 1157 2439 mirabilem
1185 2397 1380 2439 sustinuit
1413 2395 1667 2436 infirmitatis

136 2467 322 2521 pessimae
347 2471 388 2507 et
405 2466 667 2520 quotidianae.
730 2465 890 2520 Nempe
911 2470 1074 2505 tantam
1094 2465 1245 2505 molem
1267 2463 1463 2505 sustinuit
1483 2461 1666 2516 quotidie

135 2532 260 2574 tussis
297 2532 425 2582 siccae,
466 2532 625 2582 subitae,
664 2537 705 2573 et
740 2531 1004 2587 gravissimae,
1043 2531 1153 2585 quod
1190 2530 1338 2585 saepius
1377 2530 1485 2569 inter
1521 2541 1668 2568 manus

135 2599 366 2640 tenentium
395 2599 531 2640 subito
556 2599 776 2640 videbatur
810 2598 1032 2653 exspirare.
1114 2597 1208 2649 Qua
1243 2596 1430 2651 passione
1472 2594 1670 2634 continua

137 2665 241 2706 adeo
267 2665 473 2706 debilitari
500 2669 541 2706 et
562 2666 705 2706 vexari
731 2665 865 2719 coepit,
892 2664 999 2718 quod
1034 2664 1192 2705 cunctis
1212 2662 1450 2704 videntibus
1475 2659 1562 2716 ejus
1583 2660 1671 2701 vita

140 2731 405 2786 desperabilis
433 2731 525 2772 fuit.
589 2731 725 2786 Igitur
748 2736 940 2786 parentes
962 2730 1151 2771 videntes
1182 2743 1355 2784 puerum
1394 2727 1469 2768 sub
1502 2726 1670 2767 festina-

140 2798 253 2838 tione
291 2798 554 2846 moriturum,
587 2813 685 2838 mox
710 2798 826 2838 illum
866 2797 1120 2838 devoverunt
1157 2811 1198 2837 se
1235 2795 1289 2835 ad
1325 2793 1468 2834 Sancti
1504 2792 1673 2833 Godrici

282 2891 290 2909 ¹
317 2889 452 2937 Usque]
480 2890 569 2923 That
586 2891 626 2934 is,
644 2890 729 2923 from
747 2890 805 2923 the
824 2890 907 2923 25th
925 2890 962 2923 of
976 2889 1165 2924 December
1182 2895 1216 2923 to
1235 2889 1292 2922 the
1311 2888 1392 2922 24th
1412 2888 1449 2920 of
1463 2887 1564 2921 June.

282 2937 294 2955 ²
313 2935 535 2983 Putrz'entesfl
563 2937 750 2979 Purientes,
769 2937 845 2971 MS.
864 2936 963 2970 Bodl.

1398 3002 1477 3026 GG
