1839 3186
523 236 581 267 ET
616 236 881 269 MIRACULls
918 235 954 267 s.
981 234 1196 267 GonmcI.
1549 222 1629 263 265

95 436 181 462 CAP.
217 437 403 462 CXXXVII.
477 437 668 467 QUOMODO
713 438 820 463 IGNIS
860 438 904 462 IN
947 437 1051 463 Aeno
1096 436 1292 463 AooENsus
1340 435 1481 463 SUBITo
1517 436 1630 461 snpns

155 503 284 528 ILLIUS
324 503 552 539 INVASERIT,
598 505 647 530 ET
687 505 761 530 SUB
808 503 974 533 QUANTA
1021 504 1278 541 CELERITATE,
1324 503 1412 529 ILLo
1455 503 1627 538 oRANTE,

154 569 396 596 EXS'IJNCTUS
431 555 520 596 sunl

155 669 177 723 ἓ
203 670 300 710 251.
339 668 499 710 VERUM
524 670 620 724 quia
651 669 742 711 Deo
773 667 950 711 fideliter
982 669 1025 710 in
1056 668 1247 711 omnibus
1283 667 1517 720 deservivit,
1542 668 1628 710 Do-

94 735 195 775 mini
236 735 516 778 misericordia
553 737 590 778 ei
626 737 668 777 in
709 737 899 778 omnibus
934 735 1120 792 adjutrix
1160 736 1359 777 exsistere
1400 736 1626 777 consuevit.

93 801 202 842 Nam
227 802 407 857 quodam
428 808 614 858 tempore
637 803 994 858 Quadi-agesimali
1024 802 1144 858 pauci
1168 803 1256 858 agri
1280 801 1402 852 illius,
1425 802 1493 857 qui
1520 802 1628 844 infra

93 868 203 909 horti
237 869 363 923 ipsius
392 870 596 911 ambitum
632 869 778 911 inclusi
810 870 988 920 fuerant,
1020 868 1111 925 jam
1147 869 1300 910 maturi
1335 884 1409 924 pro
1440 874 1626 924 tempore

93 949 274 990 congruo
298 936 351 977 ad
375 937 577 978 arandum
600 941 641 978 et
664 936 936 977 excolendum
967 941 1110 984 erant;
1150 941 1190 977 et
1213 935 1321 990 quia,
1347 935 1454 977 sicut
1476 934 1627 989 Qquon-

95 1000 192 1042 dam
223 1008 504 1053 consueverat,
529 1019 613 1058 prae
649 1003 828 1058 corporis
863 1003 925 1045 sui
957 1003 1172 1044 debilitate
1204 1002 1333 1043 nimia
1359 1017 1505 1057 agrum
1534 1017 1626 1056 pro-

92 1067 228 1121 prium
250 1068 264 1089 3
276 1069 380 1123 pede
402 1070 566 1124 proprio
588 1085 704 1110 arare
725 1084 806 1110 non
828 1074 1003 1124 poterat,
1028 1069 1227 1123 quosdam
1250 1068 1300 1109 de
1319 1068 1454 1110 vicina
1471 1069 1624 1118 villula,

95 1134 260 1175 Ookene
283 1135 407 1186 dicta,
431 1151 549 1191 prece
575 1151 649 1178 sua
668 1136 722 1176 ad
744 1141 896 1177 terram
920 1151 1035 1177 suam
1058 1135 1313 1176 exarandam
1340 1135 1622 1183 conduxerat3

93 1216 193 1254 quos
213 1201 282 1242 illo
313 1203 580 1245 advenientes
602 1218 695 1244 cum
727 1203 858 1244 bobus
889 1203 931 1243 in
962 1207 1100 1243 aratro
1125 1200 1296 1257 jugatis,
1320 1201 1362 1242 in
1383 1217 1482 1257 agro
1505 1216 1625 1243 exco-

90 1267 212 1308 lendo
244 1269 463 1323 procedere
494 1270 661 1311 fecerat.
734 1269 992 1310 Procedente
1017 1284 1113 1310 vero
1130 1267 1221 1324 jam
1243 1268 1284 1308 in
1306 1268 1438 1309 altum
1461 1268 1539 1317 die,
1564 1269 1627 1309 vir

93 1333 172 1375 Dei
201 1335 348 1376 baculo
376 1337 556 1378 innitens
584 1336 634 1377 de
667 1336 930 1377 interioribus
961 1336 1076 1386 exiit,
1108 1340 1148 1376 et
1177 1350 1293 1376 secus
1325 1340 1490 1376 arantes
1521 1335 1626 1390 pede

89 1401 201 1442 lento
229 1403 465 1456 procedens,
494 1419 562 1445 eos
588 1403 627 1443 in
660 1403 808 1457 quibus
839 1408 1014 1458 poterat,
1038 1401 1235 1458 adjuvare
1265 1401 1436 1456 sategit3
1475 1417 1623 1456 nempe

90 1468 276 1509 radicum
301 1469 474 1524 spineta,
510 1475 551 1511 et
581 1470 802 1511 herba-rum
837 1470 1075 1511 densissime
1107 1468 1181 1510 soli
1212 1468 1253 1509 in
1281 1469 1438 1523 gremio
1467 1468 1624 1510 diutius

91 1534 279 1577 radicata
299 1536 455 1577 fruteta
491 1552 577 1578 sese
618 1537 749 1578 artius
776 1537 831 1577 ad
858 1536 1033 1577 invicem
1062 1535 1370 1590 colligaverant,
1399 1540 1440 1576 et
1464 1550 1515 1576 ne
1544 1536 1624 1576 sul-

91 1615 188 1642 cans
219 1603 345 1644 aratri
380 1619 519 1645 vomer
548 1603 710 1659 glebam
743 1608 863 1644 terrae
901 1603 1130 1644 discindere
1162 1602 1377 1656 potuisset,
1410 1602 1626 1643 arantibus

91 1668 350 1710 resistebant.
422 1669 635 1724 Siquidem
657 1670 824 1725 myricae
847 1675 889 1711 et
914 1675 1062 1710 ceterae
1085 1669 1271 1710 radicum
1285 1667 1376 1724 jam
1399 1668 1469 1710 diu
1491 1669 1624 1723 pullu-

90 1734 224 1776 lantes
244 1735 436 1790 primitiae
450 1735 541 1792 jam
572 1737 729 1791 aliquas
750 1737 855 1778 vires
876 1740 1157 1791 perceperant,
1181 1735 1276 1789 quia
1307 1750 1432 1790 prope
1452 1735 1625 1776 modum

84 1798 174 1855 jam
198 1817 324 1856 usque
354 1803 408 1844 ad
441 1804 652 1859 semigenu
679 1803 943 1844 altitudinem
974 1803 1128 1857 adepta
1150 1802 1304 1843 virtute
1338 1807 1623 1843 excreverant.

94 1867 220 1908 Unde
244 1869 306 1910 vir
341 1869 420 1910 Dei
451 1885 560 1911 nunc
594 1870 741 1911 baculo
776 1885 885 1911 nunc
916 1885 1043 1910 manu
1079 1873 1244 1910 arantes
1276 1868 1523 1923 praecedens,
1556 1883 1625 1910 eas

91 1934 319 1977 conabatur
350 1936 581 1978 divellendo
618 1937 860 1991 discerpere,
893 1951 942 1977 ac
973 1936 1029 1977 sic
1060 1940 1198 1976 aratro
1225 1935 1333 1977 viam
1361 1933 1560 1990 majorem
1582 1941 1624 1976 et

91 2001 317 2055 planiorem
350 2002 536 2051 efficere3
585 2003 658 2045 sed
694 2003 850 2044 diutius
884 2003 948 2044 his
981 2001 1191 2043 immorari
1226 2016 1307 2042 non
1340 2002 1490 2056 potuit,
1527 2002 1623 2056 quia

90 2067 225 2109 victus
249 2084 390 2110 earum
411 2071 519 2111 mole
541 2074 582 2110 et
605 2070 839 2124 quantitate
859 2068 1153 2119 multitudinis,
1174 2073 1294 2110 tanto
1315 2069 1454 2110 labore
1476 2068 1623 2124 fatiga-

90 2138 158 2175 tus
179 2136 313 2177 cessit.
376 2136 534 2178 Volens
558 2142 698 2177 tamen
720 2141 807 2177 tam
825 2136 971 2177 rudem
993 2136 1179 2177 radicum
1202 2136 1418 2177 materiem
1441 2135 1623 2189 quolibet

89 2201 214 2242 modo
232 2202 499 2257 exstirpando
514 2203 661 2254 delere,
680 2203 755 2244 sub
769 2203 1033 2245 festinatione
1051 2203 1220 2243 domum
1236 2202 1374 2253 subiit,
1393 2206 1434 2243 et
1454 2202 1547 2257 igne
1564 2217 1623 2243 se-

91 2282 185 2308 cum
206 2268 304 2310 foris
326 2269 475 2320 delato,
502 2285 584 2311 non
620 2275 839 2311 cunctatus
860 2274 921 2311 est
944 2269 1122 2326 myricas
1150 2269 1241 2310 illas
1263 2268 1418 2310 diutius
1450 2269 1624 2311 siccatas

91 2332 259 2376 flamma
275 2336 440 2390 copiosa
460 2336 719 2378 succendere.
761 2336 897 2392 Igitur
921 2336 1028 2391 ignis
1049 2337 1156 2377 sicca
1173 2335 1383 2390 genimina
1403 2335 1621 2391 reperiens,

90 2399 160 2442 illa
172 2401 456 2444 vehementius
474 2402 670 2444 devorare
685 2408 726 2443 et
741 2403 959 2458 depascere
974 2403 1117 2458 coepit;
1145 2408 1186 2443 et
1205 2402 1301 2456 quia
1317 2417 1432 2444 secus
1448 2417 1564 2456 sepes
1581 2407 1622 2443 et

90 2472 261 2518 veteres,
295 2484 466 2523 gramen
499 2475 619 2511 vetus
651 2469 874 2511 herbarum
901 2469 1134 2519 inhaeserat,
1176 2469 1245 2510 illo
1281 2484 1468 2517 accenso,
1506 2484 1622 2523 sepes

89 2534 269 2589 undique
300 2534 557 2577 inflammata
580 2534 672 2591 Jam
704 2536 896 2578 succendi
927 2536 1178 2591 incipiebat;
1217 2535 1327 2590 quod
1362 2535 1506 2577 videns
1538 2535 1618 2586 ille,

90 2616 213 2654 quam
235 2601 356 2644 citius
377 2617 593 2644 accurrens
615 2618 708 2644 cum
731 2603 888 2654 ceteris,
926 2604 1064 2658 ignem
1087 2603 1138 2644 de
1160 2603 1324 2658 sepibus
1354 2601 1535 2643 accensis
1556 2617 1622 2642 co-

89 2668 266 2709 nabatur
288 2669 563 2724 exstinguere,
601 2669 673 2711 sed
698 2685 777 2724 quo
803 2669 958 2711 diutius
993 2669 1251 2718 insistebant,
1275 2684 1322 2709 eo
1343 2668 1476 2710 acrius
1501 2668 1622 2723 coepit

90 2732 258 2776 flamma
280 2736 525 2790 perturbata
546 2736 829 2792 consurgendo
849 2737 1001 2792 vigere.
1063 2736 1125 2777 At
1145 2736 1208 2777 vir
1230 2735 1322 2786 Dei,
1344 2750 1423 2790 quo
1445 2735 1622 2790 amplius

367 2846 375 2866 ¹
404 2845 477 2879 The
498 2846 593 2879 Harl.
613 2846 687 2879 MS.
707 2846 787 2880 does
805 2853 862 2879 not
881 2846 1015 2880 contain
1035 2845 1101 2879 this
1120 2845 1266 2891 chapter.

366 2892 379 2912 ²
400 2892 571 2930 Quondam
588 2893 823 2938 consueverat]
847 2894 909 2926 See
929 2890 947 2937 ξ
969 2895 1044 2926 ΙΟΟ.

368 2939 380 2958 ³
400 2938 489 2973 Pede
500 2940 638 2984 proprio
654 2939 780 2985 arara]
808 2940 869 2973 See
888 2938 925 2983 ἓξ
947 2939 1000 2981 17,
1020 2942 1097 2973 100.
