1839 3186
541 216 600 247 ET
636 216 900 248 MIRAcums
938 217 971 248 s.
999 215 1219 247 Gonnrct.
1559 204 1643 244 433

110 320 235 370 tibiis,
266 320 524 362 sanissimam
550 321 761 375 repperit;
799 335 1002 375 sanusque
1034 321 1087 361 ad
1120 320 1285 375 propria
1315 319 1452 368 rediit,
1480 319 1549 374 qui
1572 319 1642 361 vix

110 386 206 427 illuc
237 388 350 441 prius
370 402 453 442 prae
476 387 604 428 nimia
635 387 917 428 contractione
948 387 1163 429 advenisse
1194 387 1426 441 praevaluit.
1490 386 1540 427 In
1563 401 1642 440 quo

110 453 278 495 virtutis
308 454 507 495 miraculo
541 453 720 495 Sanctus
752 454 935 495 Thomas
971 459 1012 495 et
1036 453 1216 495 Sanctus
1250 453 1455 494 Godricus
1484 468 1526 494 se
1555 467 1642 493 esse

111 534 249 561 coram
272 520 453 561 Domino
475 520 586 575 paris
602 520 739 561 meriti
761 520 1045 570 ostenderunt,
1065 521 1134 574 qui
1155 520 1214 560 ita
1236 519 1457 560 dimidiata
1477 519 1644 560 virtutis

108 586 245 641 gratia
280 587 546 642 languentem
584 592 846 628 contractum
881 586 1051 628 sanitati
1089 587 1391 635 restituerunt3
1426 600 1501 626 nec
1538 585 1644 626 alter

109 667 250 694 eorum
274 653 366 708 plus
387 654 516 695 altero
534 653 724 695 sanitatis
746 654 930 694 conferre
952 653 1096 704 voluit,
1118 653 1213 708 quia
1235 653 1351 694 Deus
1372 652 1413 694 in
1435 653 1513 693 hoc
1535 652 1642 692 forte

109 720 326 761 ostendere
357 720 601 761 mortalibus
631 721 763 761 voluit
795 720 906 774 quod
947 725 1121 774 uterque
1169 720 1334 761 illorum
1375 734 1513 760 coram
1551 719 1642 759 Deo

110 792 331 828 coronatus
352 787 463 842 paris
484 787 622 828 meriti
645 787 847 829 consistit.

171 852 311 908 Hujus
331 853 519 895 miraculi
542 854 795 895 Procurator
818 853 1052 908 Hospitalis
1074 851 1271 909 ejusdem,
1295 867 1389 894 cum
1410 852 1553 893 multis
1575 851 1643 905 qui

110 919 222 973 prius
253 921 370 961 illum
392 920 583 962 viderant
607 920 663 961 ibi
694 925 735 961 et
758 927 1050 975 cognoverant,
1074 919 1242 970 assistit,
1266 920 1335 974 qui
1365 928 1406 960 et
1428 924 1522 974 post
1543 918 1643 959 heb-

110 985 310 1028 domadas
341 987 498 1041 aliquot
523 988 577 1028 ad
608 987 873 1042 sepulchrum
898 987 973 1028 viri
1010 986 1091 1028 Dei
1122 986 1360 1036 adveniens,
1386 986 1473 1027 haec
1506 985 1644 1025 omnia

108 1052 307 1095 fratribus
327 1054 384 1095 ibi
416 1054 755 1095 conversantibus
777 1053 998 1103 enarravit,
1022 1058 1147 1108 atque
1169 1052 1368 1108 juvenem
1399 1052 1644 1107 praedictum

111 1120 320 1173 quondam
353 1120 411 1161 ibi
446 1121 621 1175 grabato
659 1120 990 1170 decumbentem,
1020 1120 1143 1161 modo
1175 1135 1272 1161 vero
1309 1119 1571 1160 sanissimum
1603 1123 1645 1158 et

109 1186 302 1237 alacrem,
341 1187 533 1229 omnibus
569 1187 611 1228 in
651 1186 796 1228 eadem
833 1187 956 1228 domo
993 1186 1300 1241 promptissime
1338 1186 1646 1227 ministrantem

110 1251 316 1295 ¹asseruit,

398 1348 559 1373 CLXXIV.
597 1348 648 1373 DE
681 1348 811 1374 GUTTA
846 1347 1031 1373 ERRANTE
1064 1348 1111 1372 ET
1144 1348 1356 1373 ERRATILE.

171 1427 192 1481 ξ
219 1429 315 1468 548.
349 1428 526 1480 QUIDAM
550 1427 679 1469 frater
702 1426 931 1468 miserrime
956 1431 1143 1481 tempore
1166 1425 1422 1480 aliquantulo
1448 1425 1645 1481 elanguit,

115 1508 212 1534 nam
236 1499 403 1549 guttam
433 1495 612 1549 ignitam
635 1499 676 1535 et
697 1499 902 1543 urentem,
926 1498 1051 1547 atque
1085 1493 1216 1534 instar
1237 1492 1466 1534 acutissimi
1488 1507 1649 1533 mucro-

112 1560 176 1601 nis
198 1561 408 1602 saeviendo
429 1566 696 1617 pungentem,
721 1561 792 1602 diu
823 1559 1048 1608 sustinuit;
1088 1574 1177 1613 quae
1201 1559 1252 1600 de
1283 1559 1396 1601 tibiis
1423 1564 1464 1600 et
1485 1559 1649 1600 femori-

113 1628 190 1669 bus
211 1627 253 1668 in
271 1628 418 1682 quibus
439 1628 636 1669 miserum
658 1626 1020 1669 consuetudinarie
1044 1641 1196 1668 vexare
1219 1630 1260 1667 et
1282 1626 1455 1667 cruciari
1479 1640 1650 1667 consue·

116 1699 246 1743 verat,
265 1709 337 1749 per
353 1695 486 1736 noctis
503 1694 684 1749 quietem
703 1693 942 1743 ascendens,
964 1693 1025 1734 ita
1041 1693 1157 1734 illum
1175 1693 1284 1734 circa
1298 1707 1415 1733 renes
1430 1698 1472 1733 et
1489 1692 1650 1747 spinam

114 1760 223 1802 dorsi
260 1776 455 1816 pungere,
490 1761 744 1811 exustulare,
783 1760 940 1810 rodere,
979 1765 1021 1801 et
1058 1760 1173 1801 velut
1208 1759 1449 1814 sagittantis
1485 1759 1651 1800 aculeus

112 1827 362 1869 transforare
398 1843 470 1882 per
491 1828 659 1882 aliquod
687 1833 852 1882 tempus
888 1832 1079 1882 coeperat,
1107 1826 1217 1881 quod
1238 1826 1387 1880 saepius
1411 1825 1528 1867 illum
1556 1840 1651 1866 noc-

113 1899 199 1935 tem
235 1895 463 1936 insomnem
501 1895 650 1935 ducere
687 1894 899 1948 querelum
938 1893 1226 1948 compellebat.
1290 1892 1371 1945 Qui
1411 1892 1454 1933 id
1496 1893 1575 1933 loci
1610 1892 1652 1933 in

115 1960 236 2002 dorso
272 1961 454 2002 cauterio
491 1961 656 2002 incendi
688 1960 799 2011 fecit,
835 1975 911 2001 nec
948 1959 1029 2001 ‘²sic
1066 1965 1205 2001 tamen
1240 1958 1397 2013 aliquid
1435 1959 1651 2001 levaminis

116 2027 270 2069 sentire
298 2028 528 2083 praevaluit.
592 2027 798 2082 Denique,
819 2042 918 2068 mox
944 2032 991 2067 ut
1013 2025 1133 2067 flexis
1160 2026 1335 2081 genibus
1362 2026 1553 2066 tumbam
1575 2025 1652 2068 viri

116 2094 197 2135 Dei
233 2093 484 2137 3deosculari
518 2095 654 2150 coepit,
677 2095 766 2149 ipso
799 2094 1031 2149 ignorante,
1055 2093 1167 2135 virus
1202 2108 1295 2133 cum
1328 2092 1548 2147 putredine
1580 2107 1653 2147 per
1689 2138 1693 2139 ⁷

116 2160 351 2202 cicatricem
388 2162 561 2203 cauterii
599 2162 801 2217 prorupit,
834 2165 959 2214 atque
993 2160 1124 2201 latera
1158 2158 1245 2215 ejus
1280 2174 1328 2200 ac
1365 2159 1533 2200 dorsum
1569 2159 1652 2200 late

115 2227 292 2268 rorando
313 2228 509 2282 perfudit,
535 2228 671 2282 sicque
695 2228 811 2269 dolor
831 2227 899 2268 ille
920 2227 1123 2282 paulatim
1146 2226 1376 2267 diminutus
1402 2226 1651 2279 conquievit,

164 2321 172 2340 ¹
191 2320 372 2367 Asseruit]
402 2321 496 2354 Thus
513 2321 613 2366 given
632 2321 664 2354 in
692 2320 750 2353 the
770 2320 931 2353 Harleian
950 2320 1160 2364 manuscript
1177 2332 1183 2353 :
1212 2320 1233 2338 ‘⁶
1248 2319 1288 2352 In
1305 2318 1519 2352 xenodochio
1537 2319 1652 2351 Sancti

118 2367 209 2401 Petri
224 2368 287 2401 fuit
300 2368 436 2411 juvenis
451 2367 643 2401 miseranda
654 2367 847 2400 calamitate
861 2373 1064 2400 contractus.
1094 2365 1251 2399 Habebat
1271 2366 1359 2399 enim
1378 2365 1482 2410 pedes
1494 2371 1526 2398 et
1540 2365 1653 2407 tibias,

112 2426 234 2447 manus
253 2420 286 2447 et
303 2414 440 2447 brachia
457 2414 505 2447 sic
524 2414 675 2457 distorta7
695 2419 731 2446 ut
749 2413 819 2446 suis
838 2418 988 2446 carerent
1016 2424 1151 2458 prorsus
1170 2412 1301 2446 officiis.
1345 2412 1411 2454 Qui
1432 2412 1652 2444 Cantuariam

114 2460 246 2494 delatus
264 2467 341 2494 ante
359 2460 574 2505 sepulchrum
593 2460 707 2493 Sancti
724 2460 878 2500 Thomae,
895 2460 1075 2492 sanitatem
1095 2471 1137 2492 ex
1156 2471 1223 2492 una
1241 2465 1373 2492 tantum
1393 2458 1540 2503 corporis
1557 2463 1651 2502 parte

115 2507 274 2552 suscepit.
341 2507 457 2540 Rediit
482 2513 594 2540 autem
621 2506 788 2540 infirmius
812 2518 855 2539 ex
882 2506 997 2548 altera,
1028 2512 1062 2539 et
1090 2505 1303 2539 Finchaliam
1329 2505 1364 2538 in
1383 2504 1512 2549 Vigilia
1538 2504 1653 2537 Sancti

115 2553 281 2586 Johannis
299 2553 455 2595 advenit;
482 2553 538 2586 ubi
558 2565 634 2586 cum
654 2552 851 2598 aliquandiu
871 2553 1049 2596 jacuisset,
1072 2552 1212 2597 reliquae
1229 2552 1333 2597 partis
1351 2551 1485 2597 plenam
1504 2550 1653 2595 percepit

114 2599 324 2645 sospitatem.
374 2600 430 2633 Sic
455 2600 592 2633 omnino
618 2611 720 2633 sanus
746 2605 780 2633 et
805 2606 936 2633 erectus
962 2599 1004 2632 ad
1029 2600 1162 2644 propria
1187 2598 1297 2641 rediit,
1323 2598 1380 2642 qui
1399 2598 1457 2630 vix
1480 2597 1560 2630 illuc
1584 2608 1652 2642 prae

116 2646 222 2679 nimia
239 2647 468 2679 contractione
485 2646 675 2691 pervenit.⁷'

164 2694 177 2711 ²
194 2691 279 2738 Sia]
309 2693 348 2726 In
368 2692 425 2726 the
444 2693 610 2726 Bodleian
629 2693 704 2727 MS.
725 2692 821 2726 “si''

163 2742 175 2761 ³
196 2738 421 2785 Deosculari]
449 2740 499 2773 As
525 2751 566 2772 an
593 2739 749 2785 example
775 2739 812 2772 of
835 2738 891 2772 the
917 2739 1097 2783 ignorance
1115 2738 1152 2771 of
1175 2738 1232 2770 the
1258 2736 1366 2770 scribe
1392 2736 1437 2781 by
1456 2736 1565 2770 whom
1584 2736 1653 2770 this

116 2785 215 2818 latter
231 2786 364 2830 portion
382 2787 420 2819 of
440 2786 497 2819 the
516 2785 592 2819 MS.
609 2786 671 2819 has
688 2786 774 2819 been
798 2785 929 2830 copied,
956 2785 982 2817 it
1004 2797 1082 2830 may
1099 2784 1141 2818 be
1161 2783 1358 2817 mentioned
1382 2783 1454 2815 that
1476 2783 1543 2816 this
1562 2783 1654 2816 word

115 2831 175 2865 has
194 2831 373 2876 originally
389 2831 474 2865 been
497 2833 630 2866 written
655 2832 733 2866 thus
748 2831 863 2866 ι-ᾶο
881 2831 1087 2876 sciari-—by
1105 2830 1216 2863 which
1241 2830 1284 2863 he
1309 2829 1421 2863 would
1447 2830 1654 2863 understand

117 2878 190 2911 Deo
208 2877 361 2912 seculari.
414 2878 497 2912 This
515 2878 580 2912 and
599 2879 693 2912 other
710 2878 872 2911 blunders
890 2878 974 2911 have
992 2877 1078 2910 been
1097 2876 1261 2921 carefully
1279 2875 1450 2909 corrected
1475 2876 1519 2921 by
1538 2888 1556 2909 a
1575 2888 1654 2909 con-

116 2930 308 2970 temporary
326 2924 426 2958 hand.

1386 2990 1453 3014 FF
