1839 3186
615 210 672 242 TO
709 210 804 241 THE
841 209 1071 242 PREFACE.

398 330 485 356 XIV.

136 397 245 439 Nam
268 414 357 453 quae
380 400 506 441 sentit
529 400 569 441 in
591 401 752 442 occulto

75 463 232 506 Pandit
252 465 332 508 reis
353 482 447 508 cum
469 467 662 522 singulto,

133 531 300 584 Dicens,
326 537 352 555 “
368 533 473 575 Haec
495 534 727 589 corrigite.”

75 596 217 640 Pisces
237 605 398 650 nantes,
422 602 487 642 vel
507 601 700 652 inclusos,

75 663 383 717 Adventantes,
408 682 479 709 seu
501 668 694 719 seclusos,

132 730 220 773 Iter
240 738 402 788 spectat
424 733 637 777 conficere.

403 849 470 877 xv,

131 897 259 940 Dictu
282 899 413 954 pisces
434 901 625 951 irretivit,

72 964 206 1019 Aquae
227 970 366 1008 tumor
386 968 583 1018 obedivit,

124 1031 272 1074 *Fluxu
293 1033 441 1075 sistens
461 1035 663 1084 limitem3

73 1097 171 1139 Sine
192 1099 313 1154 pulsu
335 1101 498 1156 signum
521 1107 654 1151 sonat,

73 1164 196 1207 Lucis
218 1181 383 1208 cursum
405 1173 565 1209 certum
588 1169 729 1220 donat,

128 1231 253 1275 Ritus
274 1239 420 1276 tenens
442 1235 666 1277 cardinem.

387 1350 474 1375 xvi.

131 1397 274 1440 Vacca
295 1415 417 1442 cursu
439 1409 576 1444 servat
598 1402 757 1454 horam,

73 1464 170 1506 Sine
192 1465 321 1508 ductu
343 1468 469 1510 tricat
491 1483 664 1520 moram,

128 1532 323 1576 Clausum
346 1540 466 1576 vocat
487 1536 702 1592 mugiens;

71 1598 222 1642 Servus
242 1601 365 1644 minis
377 1600 468 1657 jam
490 1609 715 1659 correptus,

68 1665 190 1708 Ausu
210 1682 388 1722 nequam
411 1674 473 1711 est
488 1670 729 1730 subreptus,

129 1733 279 1788 Sepem
300 1741 393 1790 post
416 1736 664 1778 transiliens.

381 1851 480 1877 xvn.

127 1902 243 1944 Infra
263 1903 396 1957 ripam
417 1903 535 1957 aquis
555 1904 671 1946 fusus

70 1969 154 2010 Hic
176 1974 425 2024 pernoctans
446 1970 554 2011 redit
576 1970 728 2020 nudus,

125 2035 348 2090 Nunquam
370 2036 528 2078 siccans
550 2038 761 2092 tegmina3

65 2102 163 2152 Nix,
187 2117 263 2143 nec
286 2102 435 2143 crustis
455 2103 695 2157 glacierum,

66 2168 250 2219 Grande,
271 2184 347 2209 nec
367 2183 453 2210 sors
470 2170 623 2223 quaevis
642 2186 793 2222 rerum,

125 2235 271 2276 Mutat
293 2236 381 2276 haec
403 2235 562 2278 inolita.

369 2351 484 2377 xvm.

125 2401 279 2443 Christi
302 2402 477 2443 formam
500 2403 541 2444 in
562 2404 685 2446 altari

67 2467 148 2510 Ter
168 2473 351 2509 meretur
372 2469 585 2523 speculari,

124 2534 252 2576 Parvi
274 2535 349 2576 sub
372 2534 503 2591 effigie
521 2553 531 2584 3

66 2600 125 2642 Et
145 2601 325 2642 foratum
348 2602 498 2656 aperiri

67 2667 197 2708 Latus
220 2667 391 2722 1ipsum,
415 2674 456 2709 et
477 2669 573 2711 hinc
595 2671 644 2712 iri

123 2733 266 2775 Crucis
288 2749 339 2774 ex
361 2734 553 2790 imagine.

1472 199 1607 240 xxxix

1195 330 1276 355 XIX.

927 398 1044 439 Petri
1066 398 1219 440 formas
1241 414 1289 441 ac
1310 399 1341 440 J
1345 398 1519 440 ohannis

872 464 1002 506 Videt
1024 470 1200 520 promte,
1223 481 1305 508 non
1328 466 1403 508 sub
1425 465 1586 520 pannis,

927 531 1081 573 Fretus
1104 540 1146 573 et
1168 533 1349 587 alloquio
1367 550 1376 580 3

870 598 1013 653 Atque
1035 598 1066 639 J
1070 613 1184 640 esum
1207 615 1299 641 cum
1326 600 1465 640 Maria

871 664 1018 708 Gordis
1039 665 1195 708 rimans
1216 666 1258 707 in
1280 666 1439 721 sophia,

929 732 1050 774 Ooetu
1072 733 1148 775 sub
1170 734 1370 789 angelico,

1203 849 1267 874 XX·

930 914 1175 957 Genitorum
1197 931 1245 957 ac
1267 916 1417 958 sororis

870 982 941 1023 Ab
961 982 1160 1037 gehennae
1181 983 1294 1025 fusos
1316 982 1420 1025 1oris

930 1048 1099 1091 Fratris
1114 1049 1219 1091 vidit
1242 1050 1411 1105 spiritus
1429 1068 1439 1099 3

870 1115 983 1168 Quos
1003 1115 1241 1172 redemptos
1262 1117 1332 1172 pia
1352 1132 1485 1172 prece,

871 1182 955 1224 Sed
977 1188 1193 1238 exemptos
1216 1183 1305 1225 dira
1326 1199 1439 1234 nece,

927 1249 1118 1291 Christus
1140 1250 1257 1291 laxat
1280 1251 1452 1292 coelitus.

1186 1367 1275 1391 XXI.

928 1433 1066 1488 Lepus
1088 1434 1177 1475 olus
1200 1434 1300 1475 dum
1322 1435 1387 1476 fur
1408 1434 1523 1485 ledit,

868 1500 1005 1541 Semel
1028 1515 1157 1542 caesus
1179 1516 1391 1555 nunquam
1414 1501 1538 1553 redit,

926 1566 1045 1622 Sepis
1067 1567 1223 1609 rimans
1244 1568 1418 1616 intima;

866 1634 980 1675 Dum
994 1649 1068 1689 pro
1079 1633 1246 1676 Christo
1261 1640 1411 1677 cuncta
1427 1636 1594 1690 spernit,

866 1699 1012 1742 Oordis
1033 1702 1123 1742 luce
1146 1706 1297 1743 cuncta
1318 1702 1460 1753 cernit,

924 1766 1047 1818 Ooelo,
1072 1768 1204 1819 terris,
1228 1768 1383 1823 pervia.

1178 1893 1279 1919 XXII¹

923 1959 1045 2001 Vidit
1066 1965 1225 2002 motam

866 2026 972 2067 Mox
994 2042 1184 2082 yconam,

866 2092 950 2134 Sed
970 2093 1173 2135 infantem

864 2160 968 2201 Post
990 2166 1212 2202 nutantem

922 2227 1055 2282 Super
1079 2228 1233 2270 Matris
1255 2229 1436 2284 gremio3

864 2294 997 2348 Super
1018 2309 1134 2335 aram
1156 2295 1225 2349 qui
1248 2296 1475 2347 descendit,

864 2360 1023 2401 Locum
1044 2361 1223 2415 primum
1243 2362 1315 2403 sed
1335 2363 1589 2411 conscendit,

920 2426 1026 2468 Bino
1048 2428 1195 2482 plexus
1216 2429 1398 2470 brachio.

1167 2543 1282 2569 XXIII.

916 2607 1056 2650 Patris
1078 2607 1202 2651 flatus
1223 2611 1427 2656 obeuntis,

858 2674 924 2715 Ac
944 2689 1043 2716 mox
1065 2676 1185 2717 coelos
1207 2676 1434 2727 subeuntis,

915 2740 1038 2783 Vidit
1059 2743 1113 2783 ad
1134 2742 1301 2798 fastigia
1316 2760 1326 2790 ;

110 2827 121 2848 ¹
150 2826 270 2871 Ipsum.
320 2828 393 2861 The
411 2829 486 2864 MS.
505 2843 614 2865 seems
632 2838 666 2865 to
684 2833 763 2866 read
778 2835 799 2852 ‘⁴
811 2815 967 2868 fesumf'

110 2874 122 2892 ²
149 2873 264 2908 Fusos.
311 2873 342 2907 It
357 2875 384 2908 is
398 2882 456 2909 not
470 2888 549 2922 easy
567 2884 601 2911 to
620 2879 738 2913 decide
751 2880 902 2914 whether
915 2880 972 2913 the
991 2880 1066 2916 MS.
1081 2882 1176 2915 reads
1195 2884 1218 2903 “
1230 2882 1348 2916 fusos''
1366 2895 1402 2916 or
1421 2884 1442 2902 “
1457 2885 1588 2917 susos.⁷'

108 2920 122 2941 ³
151 2919 256 2965 Oris]
281 2920 437 2965 “horis,”
452 2922 527 2956 MS.
