1839 3186
207 172 288 211 112
736 182 971 215 LIBELLUS
1004 182 1069 214 DE
1101 183 1218 215 VITA

203 285 458 340 temporibus
469 285 602 328 Weor
622 284 784 338 fluvius,
803 288 871 342 qui
895 287 937 328 in
958 288 1093 330 vicino
1114 288 1243 329 latere
1266 287 1422 329 cellulae
1443 287 1520 330 viri
1550 287 1630 328 Dei
1652 292 1741 328 erat

204 352 376 406 positus,
400 357 520 394 tanta
540 368 741 408 aquarum
770 354 931 396 1subita
952 354 1220 396 inundatione
1243 354 1477 404 2intumuit,
1504 355 1614 408 quod
1635 354 1741 396 alvei

205 419 267 460 sui
287 417 386 460 fines
411 420 723 475 supergrediens
754 421 892 462 omnia
913 421 954 461 in
976 421 1166 476 proximo
1188 421 1324 476 posita
1347 420 1542 462 fiuctibus
1564 420 1739 475 operuit,

205 489 246 526 et
269 485 529 527 demoliendo
551 487 758 528 eradicare
780 487 891 529 visus
915 487 981 530 sit.
1054 488 1171 528 Tunc
1193 488 1299 528 servi
1323 487 1403 528 Dei
1425 486 1595 528 officinis
1622 487 1742 528 ruina

205 551 462 594 dimersionis
492 568 596 607 pene
635 553 858 595 imminuit.
929 553 1056 595 Unde
1078 569 1264 609 egressus
1285 554 1339 594 ad
1360 554 1521 595 alveum
1544 552 1738 603 fluminis,

207 618 334 673 virga,
358 634 481 673 quam
505 619 679 661 dextera
698 619 1000 674 praetendebat,
1038 625 1221 661 tumores
1244 635 1444 674 aquarum
1466 619 1628 674 potenti
1653 635 1741 662 ver-

204 684 351 726 borum
372 685 526 726 virtute
547 686 753 740 repressit.
815 686 937 728 Dixit
970 686 1092 736 enim,
1132 690 1155 708 ‘⁶
1181 686 1233 727 In
1256 686 1420 727 nomine
1445 686 1613 727 Domini
1636 685 1666 726 J
1670 701 1741 728 esu

205 750 373 803 Christi,
396 751 473 793 Oui
495 752 695 801 deservio,
733 752 822 802 tibi,
852 768 971 807 aqua,
998 752 1203 807 praecipio,
1226 768 1277 793 ne
1295 753 1407 793 ultra
1427 752 1625 794 terminos
1646 757 1741 794 tuos

204 818 269 860 vel
294 816 394 859 fines
415 818 557 860 solitos
588 834 730 861 versus
757 818 939 860 officinas
973 834 1087 861 meas
1109 819 1414 874 progrediaris,
1449 818 1521 860 sed
1544 819 1740 874 repressis

204 884 343 939 potius
363 884 533 935 viribus,
558 884 601 926 in
619 900 740 941 rupes
762 885 876 927 saxei
908 885 1050 927 lateris
1080 901 1132 926 ex
1163 886 1296 927 altera
1319 891 1438 940 parte
1460 885 1585 927 altius
1621 884 1740 941 gpro-

204 950 408 992 minentes
449 956 651 1005 quantum
695 952 849 1007 poteris
889 952 1087 994 altissime
1129 950 1393 994 subleveris.''
1465 952 1573 993 Mox
1613 951 1741 1007 igitur

203 1032 321 1071 aquae
342 1017 455 1058 furor
475 1018 606 1060 instar
628 1018 781 1060 montis
810 1019 1020 1069 intumuit,
1046 1024 1088 1060 et
1113 1034 1166 1059 ex
1187 1019 1319 1060 altera
1338 1023 1456 1074 parte
1478 1034 1551 1074 per
1569 1033 1739 1073 aggeres

203 1083 600 1139 prominentissimos
627 1100 730 1140 pene
752 1085 806 1126 ad
834 1086 948 1127 saxei
980 1086 1092 1127 collis
1126 1085 1310 1126 medium
1330 1101 1372 1126 se
1393 1085 1633 1140 grassandO,
1667 1100 1739 1126 sae-

203 1150 353 1191 viendo
375 1155 417 1192 et
439 1151 750 1193 intumescendo
782 1152 927 1193 erexit.
990 1152 1116 1192 Unde
1142 1152 1392 1193 elementum
1414 1167 1546 1206 aquae,
1570 1151 1680 1205 quod
1702 1151 1739 1192 ei

205 1216 462 1259 dimersionis
484 1217 757 1272 direptionem
778 1218 1029 1267 minabatur,
1055 1218 1208 1273 duplici
1229 1218 1454 1260 famulatus
1475 1233 1644 1259 munere
1679 1217 1737 1259 illi

205 1283 541 1338 obtemperanter
569 1285 901 1338 obsequebatur,
936 1300 1033 1326 nam
1061 1290 1102 1326 et
1124 1285 1234 1326 ultra
1267 1300 1391 1339 quam
1422 1284 1632 1340 prohibuit
1655 1299 1738 1325 non

204 1350 430 1405 processit3
465 1355 506 1391 et
532 1366 583 1392 ex
607 1352 739 1392 altera
759 1356 877 1406 parte
899 1350 1078 1393 fluminis
1096 1351 1139 1392 in
1163 1352 1286 1393 colles
1307 1367 1475 1393 saxosas
1497 1350 1736 1400 desaeviens,

205 1417 425 1472 plurimam
445 1417 631 1472 lapidum
666 1418 976 1459 multitudinem
1008 1419 1058 1459 de
1091 1418 1297 1460 durissimi
1331 1418 1485 1460 montis
1514 1419 1643 1458 latere
1677 1417 1737 1458 di-

205 1484 344 1534 vulsit,
372 1489 413 1525 et
433 1483 476 1524 in
490 1499 605 1538 aquae
628 1489 853 1526 torrentem
879 1485 1051 1540 depulit.
1113 1485 1178 1526 De
1201 1485 1347 1539 quibus
1368 1490 1512 1540 postea
1531 1484 1739 1539 lapidibus

205 1550 248 1591 in
283 1551 480 1592 honorem
503 1551 597 1601 Dei,
628 1556 669 1592 et
705 1552 757 1592 ob
792 1552 1035 1593 memoriam
1070 1551 1176 1593 tanti
1209 1551 1409 1601 miraculi,
1433 1551 1559 1592 etiam
1593 1550 1737 1591 Sancti

204 1616 236 1657 J
239 1617 411 1659 ohannis
446 1616 665 1672 Baptistae,
702 1618 833 1672 qualis
865 1619 1066 1659 hactenus
1099 1617 1293 1668 cernitur,
1327 1617 1529 1659 fabricata
1566 1616 1738 1658 ecclesia

204 1688 296 1732 est3
332 1682 448 1739 cujus
477 1684 535 1725 rei
570 1684 721 1726 notitia
751 1700 825 1740 per
848 1685 956 1727 viros
986 1684 1140 1736 fideles,
1170 1684 1239 1739 qui
1270 1700 1361 1726 eam
1384 1684 1587 1735 viderant,
1619 1683 1738 1725 nobis

206 1748 364 1792 4relata
385 1755 461 1792 est.

265 1818 286 1872 ξ
311 1818 407 1859 106.
444 1817 543 1858 Alio
582 1818 709 1860 etiam
737 1822 923 1874 tempore
959 1818 1110 1860 iterum
1150 1816 1299 1860 fluvius
1338 1817 1406 1859 ille
1441 1818 1577 1859 furore
1609 1816 1736 1858 nimio

205 1883 407 1935 efferbuit,
449 1888 490 1925 et
523 1884 610 1925 lata
643 1890 779 1940 strage
808 1890 958 1926 cuncta
980 1885 1022 1926 in
1044 1884 1219 1926 confinio
1244 1884 1370 1940 ipsius
1400 1884 1535 1939 posita
1565 1884 1737 1924 circum-

207 1966 367 2005 quaque
386 1951 660 2006 consumpsitg
683 1952 752 2006 qui
768 1967 871 2007 pene
885 1952 940 1994 ad
955 1950 1041 2007 ejus
1051 1950 1224 1992 aedificia
1237 1951 1483 2006 properabat
1497 1950 1735 2005 irrumpere,

207 2022 248 2058 et
270 2017 479 2059 rusticana
500 2016 587 2073 ejus
612 2018 796 2074 tuguria,
822 2018 1088 2074 depraedante
1111 2018 1269 2059 saevitia
1291 2017 1463 2072 operire.
1534 2017 1652 2057 Tunc
1674 2016 1737 2058 vir

207 2083 288 2124 Dei
319 2084 563 2139 intrepidus,
596 2085 669 2126 sed
701 2085 782 2126 Dei
810 2085 965 2127 virtute
1000 2099 1177 2135 securus,
1212 2084 1377 2125 obviam
1412 2083 1623 2138 processit,
1649 2087 1690 2124 et
1712 2097 1738 2124 a

207 2165 302 2191 casa
323 2165 397 2192 sua
420 2151 536 2205 quasi
556 2156 640 2193 tres
662 2151 898 2194 salientium
927 2166 1072 2207 passus
1108 2150 1339 2202 dimetiens,
1369 2149 1426 2191 ibi
1449 2149 1499 2191 de
1520 2149 1646 2204 virgis
1677 2149 1737 2191 in-

253 2245 262 2265 ¹
284 2245 402 2279 Subita
430 2243 674 2291 inundatione]
701 2245 805 2278 From
834 2244 892 2278 the
920 2244 1071 2290 peculiar
1096 2244 1269 2277 character
1294 2244 1332 2277 of
1352 2244 1410 2277 the
1435 2242 1567 2277 district
1591 2242 1737 2287 through

207 2291 319 2325 which
337 2291 393 2325 the
412 2291 519 2325 Wear
540 2303 631 2335 runs,
649 2292 676 2325 it
694 2291 722 2325 is
739 2291 842 2325 liable
859 2297 894 2325 to
912 2291 1044 2324 sudden
1060 2290 1234 2324 overflows
1251 2303 1257 2325 :
1284 2290 1350 2324 and
1374 2289 1497 2323 results
1522 2289 1658 2334 equally
1675 2300 1737 2322 un-

206 2338 376 2371 fortunate
387 2338 469 2371 with
481 2338 578 2371 those
595 2338 674 2371 here
691 2337 864 2379 recorded,
879 2349 934 2370 are
951 2337 997 2382 by
1014 2349 1057 2370 no
1075 2349 1192 2371 means
1211 2348 1428 2371 uncommon.
1452 2336 1516 2370 See
1531 2333 1570 2381 ἓξ
1585 2338 1641 2380 98,
1658 2336 1737 2370 137.

253 2385 266 2403 ²
287 2383 485 2430 Intumuit]
515 2384 694 2427 Intumuit,
709 2390 743 2418 et
761 2383 1028 2430 dem0][i]endo,
1049 2383 1097 2418 H.

254 2431 268 2452 3
290 2430 545 2476 Ρ-νοιηίηεηίεε]
571 2430 826 2474 Praeminentes,
847 2430 896 2465 Η.

255 2478 268 2498 4
290 2477 414 2511 Relata
435 2476 513 2523 esth]
541 2479 562 2496 ‘⁶
578 2476 720 2510 Fluvius
738 2477 835 2510 WVeri
858 2477 907 2510 sic
925 2477 997 2510 vice
1019 2476 1165 2521 quadam
1189 2476 1302 2510 subita
1319 2475 1539 2509 inundatione
1561 2473 1735 2517 intumuit,

207 2529 246 2557 ut
263 2524 405 2557 officinis
424 2523 564 2556 Godrici
587 2522 694 2556 ruinae
716 2523 905 2568 periculum
928 2523 1132 2557 immineret.
1183 2523 1247 2556 Ille
1264 2534 1341 2555 vero
1364 2533 1517 2566 egressus
1539 2521 1581 2554 ad
1602 2520 1736 2554 alveum

208 2570 372 2612 fluminis,
390 2570 530 2603 dextera
547 2568 674 2613 virgam
692 2569 881 2614 praetendit,
901 2575 934 2602 et
947 2569 995 2602 ait
1010 2582 1017 2603 z
1044 2570 1053 2587 ‘
1068 2569 1109 2602 In
1126 2569 1263 2602 nomine
1280 2568 1302 2601 J
1305 2580 1364 2601 esu
1379 2568 1516 2611 Christi,
1534 2567 1598 2600 Cui
1616 2566 1735 2610 servio,

208 2617 284 2658 tibi,
306 2628 404 2661 aqua,
430 2615 599 2662 praecipio,
618 2620 656 2647 ut
674 2627 789 2648 versus
815 2615 965 2648 officinas
990 2627 1084 2648 meas
1109 2615 1198 2648 ultra
1223 2614 1340 2648 solitos
1364 2614 1450 2647 fines
1476 2613 1643 2647 excedere
1668 2624 1736 2664 non

207 2674 392 2708 praesumas
406 2675 414 2704 3
442 2662 523 2707 quin
540 2661 653 2707 potius
670 2661 706 2694 in
723 2673 841 2706 rupem
859 2673 902 2694 ex
920 2667 1014 2706 parte
1032 2661 1137 2694 altera
1161 2661 1409 2706 prominentem
1428 2666 1591 2705 quantum
1609 2664 1736 2705 poteris

208 2709 369 2754 erigaris!
419 2709 449 2742 O
466 2720 589 2753 magna
605 2707 690 2741 fides
714 2707 872 2751 hominis,
891 2713 924 2740 et
941 2707 1106 2741 mirabilis
1131 2707 1196 2740 Dei
1216 2707 1341 2741 virtus!
1393 2706 1480 2739 Mox
1499 2706 1622 2739 fluvius
1639 2717 1736 2738 mon-

209 2755 252 2788 tis
280 2756 385 2788 instar
409 2755 570 2797 excrevit,
595 2753 744 2788 elevatus
771 2765 866 2799 paene
891 2753 933 2787 ad
962 2753 1113 2786 medium
1140 2753 1235 2787 collis
1258 2753 1400 2786 adversi.
1451 2752 1553 2786 Unde
1579 2763 1737 2796 magnam

208 2801 361 2846 lapidum
378 2801 634 2835 multitudinem
660 2801 705 2834 ibi
727 2800 915 2844 jacentium
933 2799 1106 2833 transtulit
1123 2799 1155 2833 in
1175 2805 1369 2843 torrentem,
1388 2799 1429 2832 de
1448 2799 1570 2844 quibus
1587 2804 1736 2843 postmo-

209 2848 290 2881 dum
308 2848 470 2881 fabricata
483 2853 534 2881 est
549 2846 673 2881 ibidem
692 2847 835 2880 ecclesia
852 2846 967 2880 Sancti
986 2845 1007 2878 J
1010 2846 1151 2880 ohannis
1166 2846 1341 2891 Baptistae.
1393 2845 1469 2878 Hoc
1487 2845 1620 2890 signum
1638 2843 1736 2877 nobis

207 2905 266 2939 per
284 2894 372 2928 viros
389 2894 518 2937 fideles,
537 2894 594 2938 qui
612 2893 676 2928 hoc
695 2893 859 2936 viderant,
877 2899 927 2927 est
945 2892 1127 2926 relatum.’'
1177 2893 1288 2926 Anon.
1309 2891 1404 2926 Harl.
1424 2891 1500 2926 MS.
