1839 3186
206 128 288 167 288
721 138 953 171 LIBELLUS
990 138 1054 169 DE
1090 136 1206 169 vrrA

203 338 292 365 CAP.
322 339 412 365 CLII.
445 340 648 370 QUALITER
678 341 939 367 SEMI-ANIMIS
981 340 1080 366 VOCE
1120 340 1251 365 ELATA
1294 340 1601 367 KYRIEELEYSON
1636 341 1736 366 CAN-

310 406 497 442 TAVEMT,
530 408 602 433 SEU
633 408 725 437 QUAE
761 408 805 433 IN
834 408 921 433 IPSA
952 408 1062 433 HORA
1091 407 1401 433 SPIRITUALITER
1431 391 1628 434 VIDERI'P.l

265 505 286 559 ἓ
309 503 406 550 273.
441 506 620 548 FACTUM
643 512 705 548 est
726 507 791 549 his
812 507 957 548 diebus
977 512 1024 548 ut
1045 507 1108 548 vir
1129 506 1210 547 Dei
1231 507 1347 562 gravi
1372 507 1626 562 aegritudinis
1647 522 1737 547 mo-

206 572 328 613 lestia
367 572 567 628 fatigatus
611 573 890 624 decumberet,
936 573 997 614 ita
1036 577 1083 613 ut
1124 573 1235 613 omni
1281 574 1563 614 membrorum
1603 571 1736 614 officio

205 637 440 688 destitutus,
482 639 600 680 nobis
629 638 719 694 jam
760 639 1030 680 moribundus
1063 644 1292 693 appareret.
1353 639 1599 681 Resedimus
1638 654 1734 694 ergo

205 718 321 746 secus
341 704 481 746 lectuli
502 705 629 760 ipsius
652 705 866 760 spondilia,
890 705 985 760 quia
1012 704 1066 746 ad
1088 703 1174 760 ejus
1208 705 1436 746 ministeria
1464 706 1583 747 nobis
1608 705 1736 759 ipsius

203 769 339 811 fuerat
360 786 458 812 cura
478 786 560 812 11011
589 771 765 812 modica.
829 771 906 812 Illo
938 772 995 812 sic
1028 771 1266 812 semianime
1299 771 1584 821 decumbente,
1608 770 1735 826 jussit

203 841 250 877 ut
275 841 402 891 caput
425 837 534 878 illius
564 838 865 892 aliquantulum
898 838 940 879 111
972 838 1145 879 51111111110
1177 838 1388 892 erigerem,
1422 843 1464 879 et
1494 838 1620 879 fessos
1640 838 1734 879 sub-

204 903 413 944 curvando
443 903 639 945 humeros
671 905 885 959 paululum
919 909 1207 946 sustentarem.
1280 904 1439 956 Quibus
1470 904 1587 953 actis,
1624 918 1735 945 seor-

203 983 294 1009 sum
315 968 369 1010 ad
393 969 590 1011 Ecclesiae
621 970 764 1012 limina
796 971 954 1022 secessi,
988 970 1126 1024 ibique
1157 970 1296 1024 aliqua
1328 970 1534 1025 operando
1567 969 1731 1023 resedi3

202 1050 278 1075 1100
299 1034 399 1076 dum
428 1036 549 1078 unius
583 1036 694 1078 horae
728 1037 913 1092 spacium
944 1037 1211 1091 praeterierat,
1247 1041 1288 1078 et
1322 1051 1427 1086 ecce,
1461 1037 1523 1077 vir
1548 1036 1641 1086 Dei,
1664 1036 1734 1090 qui

203 1101 454 1143 semianimis
494 1103 726 1154 exstiterat,
773 1103 943 1145 elevatis
988 1102 1193 1153 manibus,
1241 1107 1360 1144 tonos
1399 1103 1576 1144 musicos
1610 1102 1735 1144 altius

201 1200 437 1234 dulcissimum
467 1201 677 1245 decantabat,
697 1203 731 1236 in
749 1204 846 1247 cujus
874 1203 943 1236 fine
961 1203 1010 1236 sic
1039 1202 1153 1246 flebat,
1171 1208 1209 1235 ut
1226 1202 1310 1235 illud
1335 1208 1485 1247 repetere
1502 1214 1570 1235 non
1587 1201 1732 1236 valebat.

203 1246 294 1280 Illud
311 1259 331 1280 a
347 1247 544 1281 beatissima
562 1249 626 1282 Dei
645 1249 820 1282 Genitrice
838 1249 1011 1292 didicerat,
1030 1249 1118 1282 sicut
1136 1249 1219 1282 mihi
1244 1254 1362 1294 postea
1379 1249 1541 1282 secretius
1559 1248 1731 1283 indicavit.

204 1293 345 1327 Interim
372 1294 477 1327 oravit
502 1294 565 1328 hoc
583 1295 701 1330 modo:
735 1296 880 1329 ‘Sancta
898 1295 1010 1328 Maria
1025 1295 1198 1337 miserere,
1216 1306 1385 1338 succurre,
1411 1295 1587 1336 auxiliare,
1605 1301 1638 1328 et
1655 1307 1732 1340 pro-

201 1345 288 1384 tege,
307 1345 340 1374 et
359 1339 399 1373 de
415 1340 480 1374 1100
499 1341 666 1386 ergastulo
685 1347 817 1375 erutum
835 1342 877 1375 ad
895 1347 928 1375 te
945 1341 1121 1387 perducito
1140 1347 1172 1374 et
1190 1342 1224 1374 in
1242 1341 1379 1386 perenni
1397 1341 1503 1386 gloria
1519 1341 1707 1375 collocato.’

392 1599 473 1629 einte
575 1599 686 1630 Ma-rie
861 1599 999 1640 vir-gi-ne
1088 1600 1191 1629 moder
1256 1600 1347 1629 Jesus
1392 1599 1506 1630 Cristes
1563 1599 1708 1629 Naza-re-

242 1864 294 1884 —ne
388 1853 499 1893 onfong
601 1852 697 1883 schild
740 1852 810 1893 help
874 1852 960 1883 thine
1027 1852 1073 1883 Go
1087 1852 1196 1882 -drich
1319 1852 1445 1892 on-fong
1532 1852 1621 1891 bring

283 1933 1631 2035 ΜΗ

373 2048 509 2089 hegliche
575 2048 651 2079 with
710 2048 776 2078 The
848 2048 897 2078 ine
993 2048 1084 2088 godes
1126 2048 1200 2078 rich.

199 2131 208 2147 ‘
221 2127 303 2162 Non
316 2137 371 2159 me
384 2124 526 2158 ulterius
540 2123 573 2156 in
587 2122 745 2167 praesenti
757 2122 894 2155 miseria
905 2122 1128 2167 derclinquas,
1143 2122 1221 2167 quia
1232 2122 1293 2155 tibi
1308 2121 1495 2165 cohaerebo,
1509 2134 1571 2156 1100
1585 2128 1618 2156 10
1630 2123 1726 2158 aliter

199 2174 290 2208 abire
308 2169 525 2218 permittam!
576 2168 663 2202 Cum
692 2168 817 2201 similia
846 2168 899 2201 his
926 2168 1034 2201 multa
1060 2169 1214 2211 dixisset,
1233 2168 1326 2213 quasi
1346 2180 1423 2201 cum
1441 2168 1579 2202 sedente
1596 2176 1725 2204 secreto

200 2220 327 2254 diutius
346 2223 396 2252 est
411 2217 558 2250 locutus.
608 2215 690 2248 Post
711 2214 802 2248 hunc
825 2215 950 2248 mentis
974 2226 1153 2248 excessum
1172 2214 1335 2248 conticuit
1357 2214 1544 2260 paululum,
1560 2215 1725 2261 nobisque

199 2266 340 2307 vocatis,
365 2263 487 2297 deinde
520 2262 568 2295 sic
602 2260 710 2295 dixit:
738 2261 882 2294 ‘Gravis
908 2267 959 2294 est
983 2261 1066 2294 mihi
1093 2260 1273 2306 corporalis
1298 2272 1411 2306 pugna
1433 2261 1576 2305 militiae,
1601 2262 1725 2296 multo-

199 2324 264 2358 que
290 2311 413 2345 melius
434 2308 571 2343 dissolvi
597 2313 630 2340 et
648 2319 722 2340 esse
745 2318 823 2340 cum
851 2306 997 2341 Christo.
1049 2307 1143 2340 Nam
1169 2307 1262 2341 senio
1290 2313 1516 2352 praegravatus
1546 2314 1723 2343 consuetas

198 2359 365 2392 orationes
399 2367 467 2389 non
499 2366 585 2400 queo
617 2353 817 2399 persolvere,
847 2365 909 2387 1100
939 2353 1169 2398 spiritualibus
1199 2359 1232 2386 et
1253 2353 1414 2396 jocundis
1446 2353 1724 2389 meditationibus

197 2406 348 2439 animum
365 2409 479 2437 tenere
504 2399 731 2445 suspensum.'
796 2399 861 2433 His
889 2400 988 2433 dietis
1014 2400 1155 2444 irrugiit,
1174 2405 1207 2433 et
1227 2400 1274 2432 ait
1292 2399 1376 2433 flens
1401 2405 1501 2445 atque
1526 2401 1697 2445 suspirans
1712 2414 1722 2434 :

198 2453 208 2470 ‘
225 2452 338 2494 Quam
362 2448 475 2483 dulcia
499 2447 645 2488 fuerunt,
663 2445 808 2489 Douma,
827 2445 981 2479 faucibus
1007 2446 1092 2479 meis
1118 2446 1251 2491 eloquia
1267 2451 1326 2479 tua
1350 2457 1450 2491 super
1472 2446 1539 2479 mel
1557 2446 1605 2480 ori
1621 2447 1722 2483 meo.’

199 2498 428 2542 Interrogatus
452 2500 567 2528 autem
585 2493 665 2537 quid
684 2492 843 2526 vidisset:
871 2494 879 2510 ‘
895 2492 983 2525 Cum
1010 2492 1140 2536 Beata‚'
1158 2492 1278 2537 inquit,
1297 2494 1306 2510 ‘
1318 2492 1459 2536 Virgine
1484 2504 1559 2526 sum
1576 2492 1721 2537 locutus,

197 2556 272 2589 quae
297 2543 385 2577 sedit
409 2541 467 2575 ubi
491 2546 527 2574 tu
551 2539 661 2581 sedes,
687 2544 720 2571 et
738 2538 779 2572 de
803 2538 911 2583 patria
936 2538 1065 2572 coelesti
1093 2538 1201 2572 multa
1229 2538 1385 2571 narravit.
1434 2538 1593 2572 Promisit
1619 2539 1721 2573 etiam

196 2590 285 2635 quod
302 2601 357 2622 me
375 2600 441 2622 non
460 2587 638 2630 desereret,
657 2585 717 2618 sed
733 2584 966 2618 habitaculum
989 2584 1065 2618 vitae
1082 2584 1239 2630 perennis
1264 2584 1348 2618 mihi
1366 2591 1553 2630 opportuno
1570 2590 1720 2631 tempore

194 2634 420 2682 praepararet.’
437 2633 457 2650 ’'

243 2683 251 2701 ¹
279 2682 319 2716 In
336 2681 394 2715 the
413 2679 510 2714 Harl.
528 2679 606 2713 MS.
625 2677 762 2723 chapter
781 2677 991 2713 CXXXIV,

238 2785 261 2809 ἦ
289 2785 399 2819 There
416 2796 471 2818 are
486 2784 565 2829 only
578 2783 653 2817 four
668 2783 755 2817 lines
769 2789 804 2817 to
822 2782 879 2816 the
896 2788 989 2817 stave
1007 2783 1041 2817 in
1056 2783 1112 2817 the
1129 2783 1230 2818 lower
1245 2783 1388 2830 portion,
1406 2795 1441 2818 as
1456 2784 1490 2818 in
1504 2783 1561 2818 the
1578 2783 1718 2830 original

193 2832 268 2866 MS.
