1839 3186
185 174 268 214 264
703 182 938 214 LIBELLUS
976 181 1039 212 DE
1076 182 1191 213 VITA

188 286 340 327 auxilia
372 286 593 341 postulare.
665 285 793 327 Forte
817 286 943 341 igitur
971 287 1104 341 portio
1136 285 1203 326 illa
1230 285 1469 340 capillorum
1497 285 1717 341 aegrotanti

187 352 241 393 ad
268 353 508 393 memoriam
533 352 684 401 rediit;
718 367 842 406 quam
874 353 936 394 sui
960 351 1081 408 jussu
1111 352 1294 402 allatam,
1327 353 1478 394 hausta
1508 352 1549 392 in
1583 352 1718 407 cypho

188 434 307 473 aqua,
342 420 645 474 portiunculam
673 420 804 473 ipsam
826 419 867 460 in
891 419 980 474 ipsa
1009 419 1146 466 diluit,
1169 433 1292 473 quam
1325 418 1548 474 suscipiens
1569 433 1718 472 aquam

190 500 285 526 cum
318 484 398 526 fide
428 486 566 526 valida
598 485 714 536 bibit,
750 490 792 526 et
823 485 894 534 ait,
930 485 1119 527 “Cuncti
1151 485 1341 527 novimus
1374 486 1484 526 hunc
1512 484 1593 525 Dei
1624 499 1719 525 vere

190 567 353 592 servum
385 552 595 602 exsistere,
619 552 649 592 J
654 566 724 593 esu
752 551 906 593 Christi
941 551 1141 592 famulum
1168 550 1344 603 fidelem,
1377 552 1420 592 in
1456 550 1626 592 Domini
1658 549 1719 592 Sui

191 618 345 660 virtute
378 618 601 673 plurimum
625 633 742 673 posse
774 617 940 658 virtutis
975 616 1147 659 efficere.
1209 617 1336 658 Unde
1365 618 1638 667 obsecremus,
1670 621 1718 657 ut

192 684 397 726 Dominus
426 700 535 725 nunc
567 684 608 724 in
641 699 706 725 me
740 689 970 739 aegrotante
999 684 1136 738 palam
1169 685 1329 725 cunctis
1360 684 1551 726 ostendat
1578 688 1719 724 utrum

194 750 397 792 Godricus
417 766 513 792 suus
534 750 646 805 apud
669 750 813 805 Ipsum
835 749 1008 805 alicujus
1029 750 1165 790 meriti
1186 749 1402 792 exsistat.⁷'
1451 750 1552 802 Quae
1567 749 1721 798 dicens,

193 832 291 858 mox
322 832 471 871 aquam
493 822 626 857 totam
656 816 707 857 de
732 816 856 857 calice
883 816 1014 865 bibit;
1054 831 1135 871 qua
1165 821 1322 871 potata,
1352 817 1508 858 diutius
1530 832 1555 857 a
1575 831 1717 857 somno

192 888 423 938 temperare
444 898 526 923 non
547 883 710 938 potuit;
746 888 787 924 et
809 898 913 933 ecce,
938 882 1048 924 visus
1079 888 1140 924 est
1163 883 1240 924 sibi
1261 883 1302 924 in
1324 898 1420 925 vase
1452 882 1588 937 aliquo
1619 897 1720 937 prae-

191 950 339 1004 grandi
370 949 486 1004 aquis
515 949 744 990 calent-ibus
776 950 896 1004 pleno
927 950 1163 997 consistere,
1186 965 1308 1003 seque
1340 949 1522 990 balneari
1544 949 1723 1003 quodam

193 1016 308 1070 quasi
344 1016 540 1057 solamine
570 1016 813 1064 confovere,
848 1021 939 1056 tota
973 1030 1070 1057 vero
1106 1016 1310 1057 balnearis
1344 1031 1459 1070 aquae
1488 1013 1722 1070 superficies

192 1082 412 1124 videbatur
453 1082 568 1136 quasi
620 1082 808 1136 quaedam
846 1097 1051 1123 venenosa
1097 1087 1364 1137 supernatare
1412 1082 1621 1136 congeries
1659 1081 1723 1121 vel

194 1149 339 1190 limosa
369 1149 543 1203 piscium
572 1154 645 1189 aut
676 1149 878 1189 vermium
909 1149 1032 1189 fuisse
1062 1149 1268 1190 materies.
1359 1149 1587 1202 Subitoque
1617 1147 1722 1188 vidit

193 1216 328 1256 virum
350 1215 430 1256 Dei
453 1215 692 1264 Godricum,
723 1215 869 1255 baculo
891 1215 1093 1263 innixum,
1112 1214 1280 1255 domum
1303 1215 1344 1255 in
1363 1230 1443 1269 qua
1460 1219 1547 1256 erat
1563 1213 1721 1269 positus

194 1282 378 1332 introire,
411 1287 452 1322 et
480 1282 745 1322 accedentem
775 1296 902 1322 manu
930 1296 1004 1322 sua
1029 1296 1193 1321 omnem
1223 1282 1337 1322 illam
1370 1282 1558 1323 limosam
1583 1295 1721 1334 super-

195 1347 328 1389 ficiem
356 1363 605 1403 aggregare,
644 1347 845 1402 coepitque
874 1362 946 1388 vas
976 1347 1078 1388 illud
1103 1348 1301 1389 circuiens
1331 1363 1510 1389 massam
1543 1346 1723 1400 undique

196 1415 410 1455 collectam
431 1414 528 1455 foris
547 1413 690 1470 ejicere
712 1419 752 1455 et
775 1414 955 1469 expiare.
1019 1414 1176 1466 Quibus
1192 1414 1348 1456 balneis
1368 1414 1429 1455 ita
1450 1414 1520 1455 diu
1540 1413 1722 1454 studiose

195 1481 394 1537 purgatis,
429 1481 536 1521 dixit
561 1481 597 1521 ei
618 1481 680 1522 vir
713 1480 874 1521 eximiae
903 1480 1084 1535 pietatis,
1115 1485 1140 1502 “
1158 1479 1266 1521 Νο10
1296 1485 1343 1522 111
1366 1481 1503 1535 aliqua
1534 1479 1720 1534 despera«

196 1547 308 1588 tione
334 1547 550 1602 frangaris,
575 1547 670 1601 quia
700 1547 741 1587 in
766 1547 955 1601 proximo
984 1551 1045 1587 est
1067 1551 1113 1587 ut
1134 1561 1160 1587 a
1188 1547 1279 1588 Deo
1310 1546 1502 1588 cureris.”
1564 1546 1723 1598 Quibus

196 1629 295 1655 mox
318 1613 439 1655 dictis
460 1614 575 1662 abiit,
598 1613 745 1667 illeque
769 1613 978 1668 evigilans,
1001 1628 1101 1653 mox
1126 1628 1167 1654 se
1190 1613 1450 1655 sanissimum
1473 1612 1613 1654 sensit.

264 1680 369 1721 Haec
400 1680 467 1721 ille
499 1680 628 1720 frater
660 1679 874 1734 religiosus
904 1679 1086 1721 veridica
1118 1680 1387 1721 attestatione
1420 1679 1538 1720 nobis
1565 1678 1721 1728 retulit,

195 1747 410 1801 pluresque
432 1746 483 1787 de
503 1746 700 1787 fratribus
731 1747 814 1787 suis
835 1746 886 1787 de
909 1746 974 1787 his
995 1745 1185 1787 omnibus
1206 1751 1334 1787 testes
1354 1745 1559 1787 adhibuit.
1621 1744 1727 1785 Haec

196 1814 259 1854 vir
291 1813 370 1854 Dei
399 1813 557 1868 positus
587 1812 722 1853 adhuc
747 1813 789 1853 in
815 1827 936 1853 carne
970 1813 1171 1863 exercuit,
1204 1817 1245 1853 et
1267 1827 1309 1854 se
1339 1816 1582 1867 praesentem
1611 1809 1726 1865 quasi

194 1885 344 1934 practer
365 1894 529 1920 earnem
552 1879 732 1919 Domino
754 1878 1002 1920 militantem
1025 1878 1240 1920 1ostendit.

245 1991 253 2012 ¹
277 1990 459 2036 Ostendit]
489 1992 509 2008 “
522 1990 640 2023 Frater
654 1989 790 2034 quidam
806 1989 846 2022 de
858 1989 974 2022 ordine
990 1988 1219 2031 Cisterciensi,
1234 1988 1372 2032 cupiens
1384 1987 1512 2032 aliquid
1526 1986 1567 2019 de
1580 1986 1648 2019 viro
1663 1985 1727 2019 Dei

197 2036 319 2071 habere
342 2049 401 2081 per
426 2036 515 2081 quod
543 2037 615 2079 ejus
642 2036 839 2068 memoriam
868 2035 997 2068 firmius
1025 2034 1195 2077 retineret,
1214 2034 1294 2067 dum
1322 2033 1513 2078 loqueretur
1531 2033 1573 2076 61,
1592 2032 1676 2065 vidit
1694 2032 1728 2065 in

198 2084 304 2129 ipsius
327 2083 431 2116 barba
448 2083 554 2128 pilum
574 2082 741 2126 quendam
760 2093 820 2114 sua
844 2081 1000 2126 opinione
1026 2080 1219 2114 deciduum.
1268 2079 1438 2124 Apposuit
1452 2079 1553 2124 igitur
1577 2090 1726 2120 manuni,

198 2130 292 2175 quasi
311 2129 447 2162 barbam
466 2128 750 2173 complanaturus,
770 2134 803 2160 61
820 2127 926 2172 pilum
953 2127 1055 2172 eoepit
1073 2126 1239 2159 attrahere
1254 2139 1262 2166 ;
1288 2126 1376 2170 quod
1395 2126 1443 2159 vir
1461 2131 1597 2158 sanctus
1614 2125 1731 2158 adver-

200 2184 285 2216 tens,
308 2175 525 2220 interrogavit
542 2174 683 2219 quidde
700 2174 764 2207 hoc
789 2174 857 2218 pilo
876 2173 977 2206 vellet
1002 2174 1143 2206 efficere.
1195 2172 1269 2214 Ille,
1294 2172 1438 2215 ‘Paters
1464 2172 1584 2216 inquit,
1610 2171 1729 2204 ‘dulce

198 2222 281 2256 1111111
302 2222 468 2255 videretur
485 2221 528 2254 ob
545 2220 743 2253 memoriam
761 2220 888 2264 aliquid
907 2220 947 2252 (16
965 2219 1064 2252 rebus
1082 2219 1149 2252 tuis
1166 2218 1312 2252 habere.7
1364 2218 1460 2251 Tunc
1478 2230 1583 2251 senex
1601 2217 1730 2261 annuit,

200 2275 232 2302 et
255 2268 400 2312 adjecit:
432 2270 440 2286 ‘
455 2267 644 2312 Diligenter
670 2266 753 2299 illud
778 2266 927 2309 observa,
952 2266 1030 2310 quia
1055 2265 1177 2310 poterit
1200 2265 1339 2298 forsitan
1365 2264 1545 2309 aliquando
1570 2264 1631 2297 tibi
1654 2275 1729 2309 pro-

200 2316 306 2358 desse,
326 2314 378 2347 vel
396 2314 515 2348 alteri.⁷
567 2312 697 2346 Eodem
721 2324 808 2345 anno
834 2312 934 2345 frater
951 2312 1007 2345 1116
1026 2312 1059 2345 111
1079 2311 1312 2356 gravissimam
1339 2311 1465 2344 decidit
1483 2310 1729 2355 aegritudinem,

200 2368 237 2395 ut
256 2368 325 2394 toto
351 2372 488 2406 corpore
507 2361 636 2403 jaceret
662 2359 809 2402 inflatus,
828 2365 861 2391 et
879 2370 955 2391 cum
980 2358 1155 2402 diligentia
1184 2357 1391 2391 medicorum
1410 2357 1440 2390 ei
1459 2357 1636 2390 subvenire
1662 2368 1727 2389 non

200 2415 324 2454 posset,
343 2406 560 2452 desperabilis
586 2404 777 2450 apparebat.
828 2405 890 2437 Ille
908 2405 1009 2449 igitur
1026 2404 1068 2437 ad
1087 2404 1237 2437 divinum
1256 2415 1435 2437 conversus
1453 2403 1631 2446 auxilium,
1649 2402 1729 2435 fecit

200 2454 358 2500 capillum
385 2466 471 2499 aqua
489 2452 583 2494 dilui,
602 2463 667 2496 qua
687 2457 811 2496 potata,
831 2451 930 2492 dixit,
956 2450 1042 2484 ‘Oro
1062 2450 1246 2483 Dominum
1273 2456 1309 2483 ut
1334 2462 1389 2483 me
1413 2449 1588 2494 dignanter
1613 2455 1725 2482 osten-

200 2502 266 2545 dat,
294 2501 408 2545 quanti
435 2499 524 2545 apud
549 2498 638 2531 Eum
667 2498 778 2530 meriti
804 2497 971 2530 Godricus
998 2496 1146 2530 existat.⁹
1196 2496 1282 2530 Mox
1311 2496 1455 2529 dormire
1479 2496 1615 2540 incepit,
1640 2495 1725 2528 etin

199 2548 326 2582 somnis
344 2547 428 2580 vidit
445 2558 480 2580 se
498 2546 531 2578 in
550 2556 635 2589 aqua
661 2543 770 2577 calida
791 2543 952 2587 balneari,
970 2549 1142 2587 totamque
1167 2542 1379 2588 superficiem
1403 2554 1500 2587 aquae
1521 2542 1677 2575 limosam
1696 2546 1730 2574 et

199 2604 345 2628 crassam
371 2593 471 2626 veluti
500 2592 585 2625 solet
612 2602 685 2623 esse
713 2589 753 2623 de
780 2589 940 2635 piscibus.
991 2589 1036 2622 Et
1063 2601 1152 2631 ecee,
1181 2589 1292 2622 subito
1319 2588 1518 2622 venerabilis
1548 2587 1728 2629 Godricus,

200 2640 320 2674 baculo
338 2640 451 2683 nixus,
471 2637 678 2683 ingreditur3
704 2642 736 2669 et
754 2636 929 2678 accedens,
947 2636 1080 2680 propria
1102 2647 1205 2668 manu
1223 2635 1313 2668 illam
1340 2635 1450 2668 balnei
1469 2634 1726 2667 crassitudinem

200 2687 345 2732 collegit,
365 2693 396 2719 et
415 2685 567 2727 abstulit,
586 2684 632 2717 ita
650 2683 765 2716 dicens
780 2694 786 2716 :
815 2686 823 2701 ‘
839 2682 947 2715 Nulla
965 2681 1195 2726 desperatione
1214 2681 1386 2725 frangaris,
1401 2681 1478 2725 quia
1495 2688 1543 2714 est
1563 2681 1596 2713 in
1614 2680 1728 2725 proxi-

200 2745 255 2766 mo
280 2733 370 2767 salus
401 2732 480 2765 tua.'
529 2731 594 2765 His
623 2729 733 2772 dictis,
764 2728 820 2762 ille
850 2728 1016 2771 discessit,
1043 2734 1076 2760 et
1094 2728 1149 2772 qui
1181 2740 1267 2771 aeger
1293 2728 1401 2760 fuerat
1426 2727 1562 2760 omnino
1591 2725 1727 2772 [sanus]

200 2780 345 2824 evigilat.
398 2779 482 2812 Haee
501 2777 597 2812 nobis
616 2776 716 2809 frater
734 2775 790 2809 ille
808 2774 988 2808 narravit.”
1014 2775 1124 2807 Anon.
1146 2774 1305 2807 Harleian
1326 2773 1472 2818 Legend.
