1839 3186
681 186 740 219 TO
775 186 870 218 THE
905 186 1132 219 PREFACE.

144 282 244 317 SEcT.

144 337 195 376 21

143 751 197 790 22

143 1098 198 1138 23

141 1512 196 1552 24

140 2268 207 2309 26.

206 367 215 377 .
243 334 343 377 ΟΑΡ.
370 352 474 378 xvn.
508 335 780 393 Reginaldus.

245 426 464 468 adimeret.
528 425 713 482 Ejusque
739 442 878 468 exem-

277 493 346 548 plo
388 494 457 548 qui
506 494 755 549 loquebatur
801 509 877 535 nec

275 560 497 602 videbatur
518 561 560 601 in
581 561 746 603 ardenti
770 562 874 603 rubo

278 628 449 682 loquens
472 628 546 670 ait.

203 783 211 793 .
240 749 340 793 GAP.
368 767 488 793 xv111.
522 750 793 807 Reginaldus.

244 844 285 881 et
340 840 586 895 quandoque
639 841 779 883 oculos
823 840 877 882 ad

277 908 407 949 eccles

242 974 345 1016 talia
365 990 403 1017 a.
427 975 468 1017 d.
497 990 528 1017 s,
554 989 584 1017 S.
639 974 729 1017 Iste
749 989 846 1016 vero

204 1130 212 1138 .
240 1096 338 1139 GAP.
365 1113 456 1138 xlx.
491 1096 761 1153 Reginaldus.

244 1186 408 1228 silentio

243 1254 468 1296 celebravit
492 1255 753 1310 (perperam)

243 1321 451 1363 abstinere
472 1336 555 1362 non
576 1337 618 1376 p.

243 1388 325 1430 alia
345 1403 469 1443 quam
489 1388 690 1443 praeclara

202 1544 210 1552 .
237 1510 336 1553 OAP.
360 1527 426 1553 xx,
460 1511 709 1554 Germanus.

240 1601 483 1656 reportavit.
599 1601 873 1658 Reginaldus.

275 1668 479 1723 Dixitque
502 1669 539 1710 ei
559 1669 684 1710 homo

204 1822 212 1830 .
240 1788 339 1831 GAP.
361 1806 449 1831 XXI.
483 1790 755 1846 Reginaldus.

242 1879 444 1921 redeundi
465 1880 678 1922 licentiam

246 1946 511 2001 Veniensque
537 1948 689 2002 saepius

242 2013 365 2055 Dixit
387 2019 528 2055 autem

240 2080 347 2121 vade
371 2081 467 2135 quia
486 2096 597 2122 nunc
621 2080 700 2123 hac

241 2147 415 2189 inveniri
437 2148 576 2203 potuit

241 2268 340 2310 GAP.
364 2285 468 2310 xxn.
503 2269 754 2312 Germanus.

240 2358 494 2413 comperiens
519 2359 702 2400 sonitum

240 2426 443 2480 coepitque
469 2426 730 2467 extrahendo

242 2491 401 2544 Quibus
425 2492 493 2533 ille

240 2562 287 2599 ut
310 2558 410 2599 dum
433 2574 550 2600 reum
573 2558 624 2599 de

241 2624 310 2678 qui
333 2625 433 2666 dum
455 2625 596 2666 omnia

200 2766 209 2775 .
238 2734 339 2777 GAP.
363 2750 485 2777 xxm.
519 2735 768 2778 Germanus.

237 2824 351 2878 prius
374 2824 492 2866 stetit

241 2890 380 2933 venire
402 2891 611 2934 festinavi,

1570 170 1675 213 xxiii

939 285 1038 320 SECT.

937 587 1007 627 28.

937 1124 1004 1164 29.

937 2062 1004 2102 30.

936 2340 1004 2380 31.

1038 337 1224 394 intellegi
1258 337 1442 392 poterit?
1475 337 1670 393 Reginal-

1106 405 1195 449 dus.
1240 404 1440 446 Visionis.

1072 477 1206 513 tuum.
1231 471 1466 513 Germanus
1488 486 1605 513 crux.

1036 583 1137 626 ΟΑΡ.
1163 599 1275 625 xxrv.
1309 583 1557 626 Germanus.

1037 675 1202 716 elevata
1224 689 1319 715 eum
1341 689 1397 716 m.

1035 741 1274 783 amicabiles
1295 742 1339 782 in
1361 756 1456 782 eum

1037 824 1171 851 sermo
1192 813 1331 864 potest
1354 823 1592 864 percurrere

1037 881 1077 918 et
1097 876 1328 917 cicatricem
1349 874 1609 918 infidelitatis
1628 876 1669 917 in

1073 942 1213 985 confit.

1035 1011 1078 1051 in
1101 1010 1299 1052 creatoris

1037 1120 1139 1163 OAP.
1163 1136 1264 1163 xxv.
1298 1120 1545 1163 Germanus.

1036 1209 1212 1251 oratoris
1234 1210 1424 1251 cellulam

1036 1277 1205 1319 consilio
1242 1283 1434 1319 metuens
1473 1276 1584 1331 quod
1616 1292 1668 1318 ex

1073 1345 1164 1386 coh.

1036 1411 1205 1466 quievit.
1266 1410 1540 1468 Reginaldus.
1605 1411 1670 1452 De

1070 1477 1187 1534 cujus

1037 1560 1154 1586 suam
1177 1544 1367 1586 eamdem

1037 1627 1085 1653 ea
1109 1613 1193 1654 oris

1036 1694 1118 1720 non
1140 1679 1251 1720 enim
1274 1694 1339 1720 me
1362 1684 1394 1720 t.

1038 1746 1193 1801 gaudia
1213 1750 1361 1787 tenent

1036 1813 1175 1854 liceat.
1220 1813 1491 1868 Reginaldus.
1537 1812 1617 1854 Illa

1036 1880 1226 1921 mirantis
1248 1880 1381 1921 sancti
1406 1880 1669 1922 demulcebat

1038 1946 1297 1988 consendunt

1035 2059 1136 2102 GAP.
1162 2075 1272 2102 xxvr.
1307 2059 1577 2115 Reginaldus.

1039 2148 1168 2204 Wyri

1035 2215 1240 2258 veraciter
1262 2230 1513 2271 cognoscens

1033 2337 1133 2381 Off„
1154 2352 1289 2380 xxvn.
1324 2338 1593 2394 Reginaldus.

1038 2426 1188 2468 Fratre
1208 2441 1386 2482 namque

1035 2494 1107 2535 vix
1128 2509 1202 2548 pro
1224 2494 1363 2548 aliqua

1039 2560 1322 2614 Misertusque
1344 2565 1407 2601 est

1036 2627 1176 2668 fratris
1200 2628 1262 2669 sui
1294 2642 1335 2668 se
1356 2626 1553 2668 lamentis
1581 2626 1667 2668 affi-

1070 2698 1196 2735 ceret.

1035 2760 1252 2801 beatorum
1277 2773 1339 2813 sp.

1038 2826 1257 2867 Venerunt
1277 2825 1333 2866 ad
1354 2840 1448 2867 eum
1468 2825 1534 2868 die

1039 2892 1102 2933 Ne
1124 2892 1341 2934 miremani
