1839 3186
173 205 227 244 22
687 217 922 250 LIBELLUS
957 218 1021 249 DE
1057 218 1174 249 VITA

173 319 393 374 operandae
429 320 596 363 virtutis
628 326 669 362 et
704 321 879 377 gratiae;
929 327 969 363 et
1001 321 1177 363 facultas
1216 321 1467 372 divitiarum,
1503 337 1592 376 quae
1622 337 1704 363 non

173 386 231 427 eis
253 391 340 427 erat
361 387 404 428 in
430 403 568 429 rerum
599 389 842 438 substantia,
865 393 953 430 erat
984 388 1041 429 eis
1062 388 1339 430 abundantior
1371 403 1424 429 ex
1444 403 1550 430 verae
1571 388 1705 429 humi-

173 452 315 504 litatis,
335 454 469 496 cordis
492 454 661 509 pieta-te,
685 455 976 510 comparatiori
992 455 1254 496 conscientia.

233 519 314 572 §9.
353 520 500 575 Itaque
536 521 731 577 simplicis
769 521 865 563 vitae
904 521 1139 563 innocentia
1174 521 1421 563 incedebant
1461 520 1573 562 omni
1609 536 1704 562 con-

175 587 407 629 versatione
443 588 512 643 pia
542 589 654 643 apud
690 588 917 629 Dominum
952 593 993 629 et
1030 588 1217 630 homines
1257 588 1342 630 sine
1375 588 1574 642 lquerela.
1645 588 1704 629 Et

175 653 271 706 quia
303 654 378 695 sub
399 655 656 710 paupertatis
676 655 815 710 inopia
843 655 885 696 in
914 655 1036 696 rebus
1061 654 1213 696 exteris
1243 655 1483 710 deguerant,
1509 670 1561 695 ex
1590 670 1704 710 purae

173 720 422 762 humilitatis
444 721 693 762 conscientia
716 721 914 776 plurimas
944 721 1020 762 sibi
1044 736 1140 776 opes
1168 721 1371 763 virtutum
1390 721 1703 776 perquisierant.

176 786 432 841 Quandoque
475 787 584 828 enim
619 788 663 829 hi
703 788 779 829 sibi
820 787 1080 842 perplurimae
1116 787 1282 829 virtutis
1317 802 1415 842 opes
1453 787 1702 838 adsciscunt,

175 853 244 907 qui
281 854 356 895 sub
394 854 650 908 gravioribus
680 854 937 909 paupertatis
975 854 1166 895 oneribus
1201 853 1379 909 amplius
1415 859 1456 895 et
1496 854 1705 908 operosius

175 919 250 960 sub
287 920 615 976 longanimitatis
652 921 856 975 patientia
898 920 1182 969 desudarunt3
1235 920 1345 961 unde
1379 925 1420 961 et
1464 920 1616 971 divino,
1655 925 1704 962 ut

175 986 365 1036 arbitror,
402 987 614 1038 instinctu,
649 987 829 1041 quodam
865 987 1135 1043 praescientiae
1169 987 1376 1042 praeconio
1409 986 1519 1028 idem
1554 1002 1704 1029 munus

174 1053 446 1095 beatitudinis
492 1053 536 1094 in
577 1054 791 1095 nominum
834 1053 1034 1096 vocabulo
1074 1054 1400 1109 praetendebant,
1442 1053 1553 1108 quod
1592 1054 1705 1109 apud

175 1119 256 1160 Dei
278 1120 541 1161 clementiam
571 1121 613 1162 in
644 1120 830 1176 supernis
861 1120 1197 1176 dispositionibus
1229 1120 1400 1176 adipisci
1428 1120 1470 1161 in
1493 1126 1704 1176 posterum

174 1192 498 1240 promeruerant.
585 1188 827 1228 Vocabatur
861 1187 969 1228 enim
1002 1202 1108 1229 unus
1144 1203 1284 1228 eorum
1314 1187 1556 1228 ²AEilward
1589 1202 1703 1228 more

175 1252 409 1308 Anglorum
434 1254 662 1304 notissimo,
686 1254 795 1308 quod
813 1254 964 1295 Latino
986 1269 1225 1309 expressum
1245 1254 1403 1308 eloquio
1420 1259 1538 1296 sonat
1562 1259 1585 1277 ‘⁶
1604 1254 1704 1296 Ous-

173 1320 315 1360 todem
336 1320 606 1362 beatitudinis
624 1320 664 1367 ;”
703 1321 834 1363 altera
857 1336 953 1363 vero
985 1319 1000 1342 ³
1016 1320 1219 1371 Aedwen,
1243 1321 1352 1375 quod
1384 1336 1558 1362 consone
1580 1320 1704 1376 signi-

173 1384 269 1427 ficat
293 1390 319 1409 ‘⁴
337 1387 615 1429 Beatitudinis
636 1388 853 1439 amicam,”
878 1403 949 1429 seu
982 1392 1007 1410 “
1025 1387 1234 1429 Societate
1262 1387 1469 1429 beatam.''
1539 1388 1632 1441 Qui,
1656 1392 1704 1429 ut

173 1468 226 1494 ex
259 1468 400 1495 eorum
433 1454 666 1497 nominibus
697 1459 992 1509 consequenter
1022 1454 1264 1505 advertitur,
1297 1459 1408 1496 recte
1439 1454 1544 1496 alter
1570 1454 1702 1504 alteri,

175 1535 257 1561 non
293 1525 458 1561 tantum
490 1522 670 1563 maritali
706 1522 922 1572 connubio,
957 1522 1054 1575 quin
1086 1521 1211 1562 immo
1253 1521 1432 1575 quodam
1471 1536 1704 1562 sacramen-

172 1587 246 1627 tali
270 1588 474 1629 consortio
494 1588 720 1629 rectissime
752 1587 944 1644 conjungi
976 1588 1263 1637 debebantur3
1297 1603 1395 1629 nam
1425 1587 1493 1642 qui
1526 1588 1704 1629 beatitu-

173 1653 280 1695 dinis
307 1669 332 1695 a
361 1654 451 1695 Deo
474 1655 551 1696 sibi
573 1655 731 1696 collatae
762 1660 899 1697 custos
930 1659 991 1696 est
1023 1654 1346 1705 sollicitissimus,
1373 1655 1556 1710 profecto
1577 1654 1705 1710 ipsius

175 1720 445 1763 beatitudinis
469 1720 530 1779 (in
562 1727 763 1776 quantum
789 1722 866 1763 sibi
898 1727 959 1764 est
990 1718 1215 1776 possibile,)
1248 1720 1351 1762 effici
1374 1721 1486 1776 cupit
1508 1721 1639 1763 socius
1661 1726 1702 1762 et

171 1787 347 1836 amicus,
383 1793 424 1829 et
458 1803 540 1829 non
570 1794 736 1830 tantum
766 1788 922 1830 amicus
957 1787 1228 1829 beatitudinis
1261 1788 1461 1838 redditur,
1501 1793 1703 1843 quantum

174 1859 215 1894 et
251 1854 340 1909 ipsa
367 1855 497 1896 virtus
533 1856 759 1910 concupitae
795 1854 1064 1896 beatitudinis
1097 1854 1155 1895 illi
1186 1854 1319 1896 amica
1358 1854 1544 1905 efficitur,
1575 1853 1704 1910 juxta

174 1920 275 1962 illud
297 1920 553 1964 4Salamonis
584 1938 663 1976 quo
695 1922 860 1971 dicitur,
887 1926 912 1945 ‘⁶
930 1921 1032 1962 Dixi
1063 1921 1276 1976 sapientiae
1313 1936 1426 1963 soror
1456 1937 1549 1963 mea
1573 1937 1627 1972 es,
1662 1926 1703 1962 et

172 1988 437 2042 prudentiam
464 1989 608 2030 vocavi
638 1989 815 2030 amicam
845 1988 1021 2030 mealn.”
1083 1987 1143 2028 Hi
1175 1987 1326 2041 itaque,
1351 2003 1444 2028 cum
1471 1988 1560 2043 lege
1581 1988 1705 2029 mari-

173 2054 248 2094 tali
269 2055 435 2095 thorum
466 2055 646 2096 Domino
679 2056 992 2096 immaculatum
1014 2054 1287 2104 devovissent,
1310 2054 1562 2108 frequentius
1583 2069 1703 2096 aures

174 2120 344 2161 Domini
379 2121 457 2176 piis
477 2122 696 2176 pulsabant
722 2122 926 2177 precibus,
958 2126 1160 2176 quatenus
1191 2120 1371 2162 sobolem
1395 2120 1480 2176 Ipsi
1510 2121 1702 2176 benepla-

175 2187 299 2228 citam
322 2193 362 2228 et
395 2188 567 2229 electam
594 2188 644 2229 de
676 2204 749 2230 sua
776 2204 897 2229 carne
927 2188 1095 2243 gignere
1116 2187 1371 2242 potuissent3
1407 2203 1581 2241 quorum
1604 2192 1703 2229 vota

176 2252 380 2295 Dominus
408 2269 460 2295 ex
490 2255 574 2295 alto
606 2255 868 2310 prospiciens,
902 2255 1048 2295 faeiem
1081 2253 1210 2295 Suam
1240 2269 1265 2294 a
1288 2254 1366 2309 piis
1390 2254 1572 2309 ipsorum
1597 2253 1702 2295 desi-

176 2320 298 2361 deriis
325 2336 406 2361 non
439 2321 603 2372 avertit,
634 2322 706 2363 sed
726 2321 1049 2363 misericordiam
1077 2320 1204 2361 Suam
1229 2320 1411 2375 ipsorum
1431 2320 1620 2376 precibus
1641 2320 1701 2362 in-

177 2386 382 2441 dulgendo
414 2382 598 2429 ⁵amovit
639 2393 680 2428 et
726 2403 865 2443 preces
901 2402 1128 2443 pauperum
1174 2386 1399 2428 secundum
1427 2385 1587 2442 judicia
1614 2385 1701 2442 jus-

174 2453 280 2494 titiae
299 2453 392 2494 Suae
406 2454 448 2495 in
468 2454 747 2495 misericordia
763 2460 804 2496 et
821 2453 1151 2496 miserationibus
1173 2452 1267 2495 Suis
1283 2453 1425 2495 multis
1441 2453 1701 2495 admittendo

176 2514 192 2541 ὃ
206 2520 433 2562 exaudivit.

223 2614 232 2632 ¹
262 2613 435 2660 Querela]
462 2614 495 2648 S.
515 2614 621 2657 Luke,
639 2614 662 2647 i.
682 2617 713 2648 6.

221 2660 235 2680 2
260 2660 453 2707 AEilwmd]
481 2661 663 2704 Aiclxvard,
685 2661 754 2702 H.;
792 2660 995 2703 Ailwardus,
1024 2660 1145 2705 Capgr.
1193 2660 1256 2693 See
1285 2659 1342 2693 the
1369 2665 1500 2693 extract
1529 2660 1615 2693 from
1642 2659 1700 2693 the

175 2719 385 2752 anonymous
403 2707 477 2740 MS.
496 2713 529 2740 at
547 2707 603 2740 the
622 2707 685 2740 end
704 2707 741 2740 of
754 2707 811 2739 the
829 2706 953 2740 second
967 2706 1114 2751 chapter.

221 2754 233 2772 ³
258 2753 429 2800 Aedwen]
458 2754 642 2797 Edwenna,
661 2754 774 2787 Anon.
793 2753 869 2786 MS.
887 2752 953 2786 and
972 2753 1093 2798 Capgr.
1111 2765 1120 2794 3
1147 2753 1351 2796 Eadwenna,
1370 2753 1404 2785 in
1423 2752 1628 2787 WVendover.

220 2801 233 2820 ‘²
259 2799 471 2846 Salamom's]
499 2801 596 2834 Prov,
616 2800 671 2833 vii.
690 2802 722 2833 4.

222 2847 234 2865 ⁵
259 2846 424 2893 Amovit]
452 2847 570 2880 Above
584 2847 651 2880 this
669 2847 697 2879 is
715 2847 848 2879 written
865 2846 899 2878 in
916 2845 960 2878 Β.
980 2846 999 2863 “
1012 2845 1063 2878 vel
1082 2845 1235 2879 adhibuit
1254 2845 1286 2887 ;’⁷
1312 2845 1473 2886 admovit,
1495 2845 1542 2878 H.

223 2893 236 2912 ⁶
266 2892 471 2939 Erazcdivit]
508 2893 640 2926 Galsrid
665 2893 742 2926 thus
770 2898 937 2926 contracts
966 2891 1024 2925 the
1049 2899 1166 2926 events
1192 2892 1300 2925 which
1327 2892 1412 2925 form
1438 2892 1495 2925 the
1520 2892 1700 2925 substance

176 2939 213 2971 of
235 2939 301 2972 this
329 2940 488 2985 chapter:
514 2942 536 2959 ‘⁴
556 2939 769 2973 Venerabilis
798 2939 967 2973 confessor
996 2938 1134 2972 Domini
1164 2939 1331 2973 Godricus
1361 2950 1403 2971 ex
1426 2939 1597 2983 provincia
1624 2949 1698 2983 quae
