1839 3186
544 209 602 239 ET
636 210 902 242 MIRACULIS
938 210 972 241 s,
999 209 1212 241 GODRICI.
1565 200 1647 239 323

109 311 200 368 jam
221 318 320 355 tunc
340 314 451 368 loqui
472 328 554 354 11011
575 318 754 369 poterat,
778 313 874 367 quia
894 313 1055 368 pondus
1079 311 1333 354 infirmitatis
1355 327 1497 353 vocem
1523 312 1647 353 simul

117 384 159 420 et
180 380 384 434 loquelam
410 379 502 435 jam
537 395 590 421 ex
623 380 808 421 maxima
831 384 948 434 parte
969 379 1262 434 praecluserat3
1297 379 1408 433 quod
1441 378 1642 427 videntes,

115 451 311 501 percepta
346 445 432 501 ejus
461 446 762 495 benedictione,
786 446 955 487 domum
991 446 1142 487 reversi
1176 451 1285 494 sunt,
1309 460 1391 485 uno
1426 445 1482 486 ibi
1519 444 1646 485 fratre

116 512 271 562 relicto,
296 512 346 553 de
369 511 483 568 cujus
506 512 755 567 diligentiori
777 511 1051 554 sollicitudine
1083 510 1223 552 confisi
1245 517 1353 552 sunt.

184 578 314 630 §3061
347 578 665 633 Ingravescente
689 594 784 620 vero
820 593 892 633 per
924 578 1085 632 singula
1104 582 1315 618 momenta
1337 577 1487 625 dolore,
1519 576 1649 616 frater

116 643 203 699 ejus
226 645 425 686 custodiae
448 645 684 700 deputatus,
718 645 864 686 nuntio
895 644 1066 693 directo,
1088 644 1189 685 duos
1210 643 1311 684 alios
1341 658 1480 684 secum
1501 642 1648 682 fratres

118 711 368 765 impetrabat
406 712 615 766 accipere3
670 727 843 765 quorum
879 711 1076 752 adventui
1112 710 1176 751 vir
1212 709 1292 750 Dei
1325 714 1447 764 prout
1484 712 1648 762 poterat

118 777 240 831 coepit
261 777 550 832 congratulari,
584 783 625 818 et
646 778 849 819 intercisis
870 792 952 832 prae
970 776 1100 818 nimia
1119 775 1361 817 infirmitate
1380 774 1647 824 sermonibus,

117 843 275 897 gratias
310 844 469 898 agendo
506 844 739 885 exhilarari.
811 843 954 884 Verba
986 843 1151 897 quidem
1184 842 1320 883 adhuc
1354 842 1492 895 aliqua
1526 846 1650 881 tenue

118 910 313 964 profudit,
349 925 438 964 quae
474 910 546 951 vix
582 910 741 964 aliquis,
774 910 852 951 nisi
880 909 949 964 qui
984 909 1156 950 modum
1189 907 1277 963 ejus
1314 908 1460 949 melius
1497 912 1648 956 nosset,

119 975 348 1031 intelligere
369 976 531 1030 potuim
566 991 726 1031 semper
747 976 913 1030 quidem
934 991 1008 1030 pro
1030 990 1146 1030 posse
1169 974 1336 1016 virtutis
1352 974 1393 1015 in
1416 973 1495 1014 Dei
1519 973 1650 1013 laudi-

119 1042 197 1083 bus
219 1047 260 1083 et
291 1043 444 1097 gaudio
474 1043 700 1096 permansit
738 1042 951 1083 1fraternae
974 1041 1288 1089 consolationis3
1323 1040 1513 1093 diemque
1534 1039 1651 1079 illum

122 1123 217 1149 cum
238 1109 502 1163 subsequenti
536 1109 578 1149 in
602 1109 742 1149 labore
766 1114 808 1149 et
845 1123 1032 1149 aerumna
1066 1107 1244 1162 plurima
1274 1106 1485 1161 perduxit,
1508 1120 1583 1145 nec
1615 1104 1651 1145 ei

121 1174 283 1229 loquela
303 1174 522 1229 aliquando
546 1175 624 1216 nisi
648 1190 718 1229 per
738 1175 972 1229 interrupta
1004 1175 1200 1215 horarum
1232 1178 1447 1213 momenta
1469 1171 1619 1212 defecit
1638 1188 1649 1219 3

120 1256 218 1282 nam
240 1241 483 1295 quandoque
504 1246 647 1282 tantus
668 1241 847 1296 impetus
868 1240 1184 1282 vehementioris
1205 1238 1461 1294 aegritudinis
1478 1237 1654 1287 exstitit,

123 1307 233 1361 quod
255 1323 343 1361 quae
367 1307 501 1348 dicere
529 1307 719 1356 voluerit,
742 1307 820 1348 nisi
851 1321 949 1347 aure
979 1307 1148 1361 propius
1185 1305 1356 1346 admota
1386 1303 1542 1359 percipi
1572 1318 1656 1344 non

123 1374 317 1428 potuerit.
396 1373 465 1415 Ita
503 1378 657 1424 tamen,
692 1379 740 1414 ut
777 1373 939 1428 praefari
982 1377 1159 1427 poterat,
1197 1377 1383 1426 tempore
1422 1369 1657 1412 refectionis

124 1439 271 1481 fratres
292 1439 478 1481 hilariter
507 1439 786 1481 2(1150111111)010
807 1454 856 1480 ac
878 1439 989 1480 cibos
1010 1453 1170 1480 sumere
1192 1438 1508 1485 commonebat3
1548 1436 1656 1476 dice-

125 1506 198 1547 bat
220 1505 341 1555 enim,
378 1510 403 1528 ‘⁴
419 1505 609 1547 Proferte
637 1506 750 1547 cibos
782 1510 830 1547 ut
862 1504 1138 1555 comedamus,
1162 1519 1210 1545 ac
1231 1519 1327 1545 cum
1352 1503 1504 1558 gaudio
1535 1502 1658 1544 simul

124 1586 199 1613 nos
240 1587 333 1613 cum
377 1572 573 1613 fratribus
612 1572 763 1614 nostris
796 1570 1053 1620 reficiamus;
1073 1571 1096 1587 '⁹
1147 1570 1409 1624 extensisque
1448 1570 1491 1610 in
1527 1569 1658 1609 altum

125 1638 316 1689 brachiis,
340 1638 534 1693 praecepit
555 1638 692 1679 afferri
718 1638 885 1692 aliquod
905 1637 1185 1693 perceptibile,
1209 1636 1319 1690 quod
1350 1640 1488 1691 posset
1511 1635 1656 1689 degus-

126 1704 236 1754 tari3
271 1704 381 1758 quod
412 1704 548 1759 ipsum
568 1704 711 1746 fecisse
748 1704 925 1745 arbitror
945 1708 993 1744 ut
1026 1703 1175 1744 fratres
1197 1702 1485 1757 quoquomodo
1520 1700 1657 1755 potuit

125 1770 179 1811 ad
200 1769 466 1811 reficiendum
481 1769 703 1825 jocundius
726 1769 981 1819 accenderet,
1005 1774 1047 1810 et
1068 1769 1280 1810 hilariores
1299 1768 1436 1809 animo
1450 1767 1655 1808 redderet.

127 1835 237 1877 Nam
262 1836 363 1878 cibis
395 1837 608 1878 multoties
640 1837 789 1887 allatis,
820 1837 907 1891 ipse
943 1834 1162 1889 quicquam
1196 1839 1362 1890 gustare
1397 1848 1478 1874 non
1505 1832 1655 1888 potuit,

125 1903 221 1956 quia
234 1903 421 1957 palatum
444 1902 572 1958 ipsius
594 1902 776 1957 gutturis
807 1901 1012 1943 interioris
1034 1900 1289 1942 infirmitatis
1320 1899 1446 1955 pestis
1470 1899 1658 1954 oppilan-

126 1968 179 2009 do
201 1969 457 2023 praestruxit.
518 1968 577 2010 Et
599 1969 676 2009 hoe
697 1969 832 2024 ipsum
862 1968 1009 2009 habuit
1040 1982 1093 2008 ex
1114 1967 1259 2008 inolita
1285 1967 1353 2021 pio
1381 1964 1469 2021 ejus
1500 1964 1657 2020 pectori

127 2034 347 2076 caritativa
374 2035 682 2085 consuetudine,
705 2050 786 2089 qua
809 2048 951 2075 omnes
973 2048 1133 2088 semper
1159 2033 1228 2074 illo
1250 2047 1353 2087 pene
1375 2031 1654 2080 advenientes,

125 2100 180 2142 ad
201 2100 389 2143 convivia
409 2101 547 2155 aliqua
568 2101 714 2143 habuit
737 2100 1001 2156 percipienda
1021 2115 1095 2154 pro
1116 2103 1268 2141 sanctae
1285 2098 1471 2140 caritatis
1491 2096 1656 2138 nomine

123 2171 390 2209 consueverat
416 2167 606 2209 invitare.
675 2166 817 2208 3Inter
838 2182 927 2221 quae
950 2166 1119 2207 hilarior
1139 2165 1320 2216 effectus,
1343 2164 1465 2214 dixit,
1499 2168 1524 2188 ‘⁶
1545 2163 1657 2204 Num

125 2232 292 2286 quinam
313 2238 408 2275 sunt
429 2233 506 2275 viri
525 2238 566 2274 et
596 2233 787 2274 monachi
808 2232 903 2283 albi,
935 2232 1004 2286 qui
1029 2232 1151 2272 toties
1174 2230 1402 2272 adveniunt
1430 2235 1471 2271 et
1492 2229 1559 2270 hic
1581 2229 1657 2270 cir-

126 2304 380 2340 cumstantes
403 2314 469 2340 me
491 2300 773 2341 circumeunt?
833 2298 927 2339 Scio
948 2298 1043 2352 quia
1064 2313 1138 2352 pro
1160 2312 1226 2338 me
1247 2296 1460 2339 veniunff'
1520 2288 1655 2336 Erant

122 2364 227 2405 forte
266 2365 434 2419 spiritus
466 2365 640 2420 angelici
682 2365 737 2405 ad
776 2364 1051 2406 ministerium
1094 2363 1230 2405 exitus
1266 2363 1375 2404 illius
1415 2378 1440 2404 a
1475 2362 1656 2402 Domino

128 2430 299 2478 directi;
335 2431 444 2472 solus
466 2431 575 2472 enim
596 2446 665 2472 eos
686 2431 804 2481 vidit,
829 2430 897 2484 qui
930 2430 1005 2471 tali
1027 2430 1262 2471 visitatione
1296 2429 1445 2484 dignus
1478 2428 1654 2469 exstitit.

128 2495 309 2550 Jamque
330 2497 418 2539 dies
433 2497 500 2537 ille
520 2497 717 2552 vergebat
753 2497 807 2538 ad
827 2501 1053 2551 vesperam,
1089 2501 1130 2537 et
1153 2496 1214 2537 vir
1238 2495 1318 2536 Dei
1339 2495 1490 2536 iterum
1512 2494 1655 2548 depos-

129 2562 248 2603 cebat
269 2561 441 2618 alicujus
462 2563 602 2618 pabuli
625 2562 701 2604 sibi
735 2562 919 2604 exhiberi
952 2562 1217 2610 alimoniam;
1254 2562 1400 2616 quibus
1423 2560 1655 2615 permodice

130 2627 359 2682 degustatis
390 2630 529 2683 orique
563 2629 691 2684 ipsius
719 2629 820 2670 cibis
857 2628 1067 2678 adhibitis,
1101 2628 1224 2677 dixit,
1266 2632 1294 2652 ‘⁶
1313 2627 1655 2669 Consummatum

174 2737 185 2757 ¹
211 2736 407 2783 Fraternae.]
435 2738 608 2783 Supernae,
630 2737 677 2770 H.

173 2783 186 2801 ²
205 2782 444 2830 Disczcmbere]
473 2784 696 2827 Decumbere,
718 2783 765 2817 H.

174 2829 188 2849 ³
206 2828 332 2875 Inter]
361 2830 434 2863 The
451 2842 590 2875 passage
616 2830 798 2874 beginning
814 2829 894 2862 here
918 2829 984 2862 and
1008 2828 1133 2872 ending
1154 2827 1236 2860 with
1255 2826 1455 2870 “exstitit‚”
1479 2827 1505 2859 is
1524 2826 1656 2859 written

128 2887 170 2908 on
189 2875 246 2909 the
263 2875 393 2909 bottom
411 2877 540 2921 margin
559 2876 596 2909 of
612 2876 655 2909 Β.
673 2888 763 2920 upon
781 2887 823 2908 an
841 2887 973 2909 erasure
992 2888 999 2909 :
1025 2875 1053 2907 it
1070 2875 1098 2907 is
1115 2880 1174 2907 not
1192 2872 1296 2906 found
1314 2873 1349 2905 in
1372 2872 1417 2907 Ηι

1411 2960 1471 2990 112
