<?xml version="1.0" encoding="UTF-8"?>
<!DOCTYPE html PUBLIC "-//W3C//DTD XHTML 1.0 Transitional//EN"
    "http://www.w3.org/TR/xhtml1/DTD/xhtml1-transitional.dtd">
<html xmlns="http://www.w3.org/1999/xhtml" xml:lang="en" lang="en">
 <head>
  <title>
</title>
<meta http-equiv="Content-Type" content="text/html;charset=utf-8" />
  <meta name='ocr-system' content='tesseract 3.04.00' />
  <meta name='ocr-capabilities' content='ocr_page ocr_carea ocr_par ocr_line ocrx_word'/>
</head>
<body>
  <div class='ocr_page' id='page_1' title='image "./libellusdevitaet00regi/libellusdevitaet00regi_0187.png"; bbox 0 0 1839 3186; ppageno 0'>
   <div class='ocr_carea' id='block_1_1' title="bbox 577 218 1670 257">
    <p class='ocr_par' dir='ltr' id='par_1_1' title="bbox 577 218 1670 257">
     <span class='ocr_line' id='line_1_1' title="bbox 577 218 1670 257; baseline 0.003 -3"><span class='ocrx_word' id='word_1_1' title='bbox 577 223 636 255; x_wconf 93' lang='lat' dir='ltr'>ET</span> <span class='ocrx_word' id='word_1_2' title='bbox 672 223 938 256; x_wconf 85' lang='lat' dir='ltr'>MIRAOULIS</span> <span class='ocrx_word' id='word_1_3' title='bbox 974 224 1008 256; x_wconf 83' lang='lat' dir='ltr'>S.</span> <span class='ocrx_word' id='word_1_4' title='bbox 1034 224 1250 257; x_wconf 83' lang='lat' dir='ltr'>GODRICI.</span> <span class='ocrx_word' id='word_1_5' title='bbox 1593 218 1670 257; x_wconf 69' lang='lat'>141</span> 
     </span>
    </p>
   </div>
   <div class='ocr_carea' id='block_1_2' title="bbox 137 326 1673 580">
    <p class='ocr_par' dir='ltr' id='par_1_2' title="bbox 137 326 1673 580">
     <span class='ocr_line' id='line_1_2' title="bbox 137 326 1673 386; baseline 0.004 -19"><span class='ocrx_word' id='word_1_6' title='bbox 137 326 267 368; x_wconf 72' lang='lat' dir='ltr'>tatis&#39;&#39;</span> <span class='ocrx_word' id='word_1_7' title='bbox 288 331 478 368; x_wconf 88' lang='lat' dir='ltr'>resonat:</span> <span class='ocrx_word' id='word_1_8' title='bbox 518 326 582 369; x_wconf 89' lang='lat' dir='ltr'>vel</span> <span class='ocrx_word' id='word_1_9' title='bbox 605 332 716 369; x_wconf 87' lang='lat' dir='ltr'>certe</span> <span class='ocrx_word' id='word_1_10' title='bbox 760 331 784 350; x_wconf 82' lang='grc'>“</span> <span class='ocrx_word' id='word_1_11' title='bbox 808 328 999 370; x_wconf 82' lang='lat' dir='ltr'>Thalami</span> <span class='ocrx_word' id='word_1_12' title='bbox 1037 329 1259 371; x_wconf 80' lang='lat' dir='ltr'>amabilem</span> <span class='ocrx_word' id='word_1_13' title='bbox 1290 330 1550 372; x_wconf 80' lang='lat' dir='ltr'>consociam”</span> <span class='ocrx_word' id='word_1_14' title='bbox 1571 346 1673 386; x_wconf 81' lang='lat' dir='ltr'>prae-</span> 
     </span>
     <span class='ocr_line' id='line_1_3' title="bbox 138 393 1672 450; baseline 0.004 -17"><span class='ocrx_word' id='word_1_15' title='bbox 138 393 319 434; x_wconf 87' lang='lat' dir='ltr'>nuntiat.</span> <span class='ocrx_word' id='word_1_16' title='bbox 380 393 543 434; x_wconf 88' lang='lat' dir='ltr'>Futura</span> <span class='ocrx_word' id='word_1_17' title='bbox 565 393 731 448; x_wconf 88' lang='lat' dir='ltr'>quidem</span> <span class='ocrx_word' id='word_1_18' title='bbox 762 400 851 435; x_wconf 90' lang='lat' dir='ltr'>erat</span> <span class='ocrx_word' id='word_1_19' title='bbox 886 394 1080 437; x_wconf 78' lang='lat' dir='ltr'>Civitatis</span> <span class='ocrx_word' id='word_1_20' title='bbox 1111 410 1297 450; x_wconf 81' lang='lat' dir='ltr'>supernae</span> <span class='ocrx_word' id='word_1_21' title='bbox 1330 397 1463 438; x_wconf 88' lang='lat' dir='ltr'>amica</span> <span class='ocrx_word' id='word_1_22' title='bbox 1484 402 1525 438; x_wconf 91' lang='lat' dir='ltr'>et</span> <span class='ocrx_word' id='word_1_23' title='bbox 1550 399 1672 448; x_wconf 87' lang='lat' dir='ltr'>socia,</span> 
     </span>
     <span class='ocr_line' id='line_1_4' title="bbox 140 459 1672 516; baseline 0.005 -17"><span class='ocrx_word' id='word_1_24' title='bbox 140 459 304 500; x_wconf 83' lang='lat' dir='ltr'>Christo</span> <span class='ocrx_word' id='word_1_25' title='bbox 336 465 573 501; x_wconf 89' lang='lat' dir='ltr'>sanctarum</span> <span class='ocrx_word' id='word_1_26' title='bbox 606 460 775 515; x_wconf 87' lang='lat' dir='ltr'>1sponso</span> <span class='ocrx_word' id='word_1_27' title='bbox 808 461 1013 516; x_wconf 90' lang='lat' dir='ltr'>virginum</span> <span class='ocrx_word' id='word_1_28' title='bbox 1045 462 1086 502; x_wconf 90' lang='lat' dir='ltr'>in</span> <span class='ocrx_word' id='word_1_29' title='bbox 1121 462 1306 504; x_wconf 77' lang='lat' dir='ltr'>thalamo</span> <span class='ocrx_word' id='word_1_30' title='bbox 1339 463 1575 505; x_wconf 79' lang='lat' dir='ltr'>Jerusalem</span> <span class='ocrx_word' id='word_1_31' title='bbox 1607 480 1672 506; x_wconf 91' lang='lat' dir='ltr'>su-</span> 
     </span>
     <span class='ocr_line' id='line_1_5' title="bbox 139 525 1220 580; baseline 0.004 -14"><span class='ocrx_word' id='word_1_32' title='bbox 139 540 276 580; x_wconf 87' lang='lat' dir='ltr'>pernae</span> <span class='ocrx_word' id='word_1_33' title='bbox 298 525 432 567; x_wconf 90' lang='lat' dir='ltr'>amica</span> <span class='ocrx_word' id='word_1_34' title='bbox 453 526 680 568; x_wconf 86' lang='lat' dir='ltr'>vicinitatis</span> <span class='ocrx_word' id='word_1_35' title='bbox 701 528 888 568; x_wconf 89' lang='lat' dir='ltr'>amicitia</span> <span class='ocrx_word' id='word_1_36' title='bbox 911 527 1220 570; x_wconf 66' lang='lat' dir='ltr'>20011socianda.</span> 
     </span>
    </p>
   </div>
   <div class='ocr_carea' id='block_1_3' title="bbox 135 832 1675 992">
    <p class='ocr_par' dir='ltr' id='par_1_3' title="bbox 135 832 1675 992">
     <span class='ocr_line' id='line_1_6' title="bbox 135 832 1675 868; baseline 0 -9"><span class='ocrx_word' id='word_1_37' title='bbox 135 833 223 859; x_wconf 84' lang='lat' dir='ltr'>CAP.</span> <span class='ocrx_word' id='word_1_38' title='bbox 249 833 348 858; x_wconf 85' lang='lat' dir='ltr'>LXII.</span> <span class='ocrx_word' id='word_1_39' title='bbox 417 832 620 862; x_wconf 79' lang='lat' dir='ltr'><strong>QUALITER</strong></span> <span class='ocrx_word' id='word_1_40' title='bbox 651 833 825 858; x_wconf 86' lang='lat' dir='ltr'>ANIMAM</span> <span class='ocrx_word' id='word_1_41' title='bbox 861 833 938 858; x_wconf 89' lang='lat' dir='ltr'>SIBI</span> <span class='ocrx_word' id='word_1_42' title='bbox 974 833 1143 858; x_wconf 82' lang='lat' dir='ltr'>DEVOTAE</span> <span class='ocrx_word' id='word_1_43' title='bbox 1179 833 1373 858; x_wconf 83' lang='lat' dir='ltr'>MULIERIS</span> <span class='ocrx_word' id='word_1_44' title='bbox 1405 833 1585 868; x_wconf 76' lang='lat' dir='ltr'>VIDERIT,</span> <span class='ocrx_word' id='word_1_45' title='bbox 1627 835 1675 859; x_wconf 89' lang='lat' dir='ltr'>ET</span> 
     </span>
     <span class='ocr_line' id='line_1_7' title="bbox 194 899 1672 936; baseline 0.001 -12"><span class='ocrx_word' id='word_1_46' title='bbox 194 900 395 929; x_wconf 74' lang='lat' dir='ltr'>QUALITER</span> <span class='ocrx_word' id='word_1_47' title='bbox 425 900 526 932; x_wconf 80' lang='lat' dir='ltr'>EAM,</span> <span class='ocrx_word' id='word_1_48' title='bbox 560 900 635 924; x_wconf 81' lang='lat' dir='ltr'>PRO</span> <span class='ocrx_word' id='word_1_49' title='bbox 665 900 748 929; x_wconf 78' lang='lat' dir='ltr'>QUA</span> <span class='ocrx_word' id='word_1_50' title='bbox 783 900 890 924; x_wconf 82' lang='lat' dir='ltr'>SAEPE</span> <span class='ocrx_word' id='word_1_51' title='bbox 920 899 1149 936; x_wconf 78' lang='lat' dir='ltr'>ORAVERAT,</span> <span class='ocrx_word' id='word_1_52' title='bbox 1188 900 1328 930; x_wconf 81' lang='lat' dir='ltr'>QUIETI</span> <span class='ocrx_word' id='word_1_53' title='bbox 1359 900 1544 926; x_wconf 80' lang='lat' dir='ltr'><strong>AETERNAE</strong></span> <span class='ocrx_word' id='word_1_54' title='bbox 1575 901 1672 926; x_wconf 82' lang='lat' dir='ltr'>RED-</span> 
     </span>
     <span class='ocr_line' id='line_1_8' title="bbox 200 949 694 992; baseline -0.002 -1"><span class='ocrx_word' id='word_1_55' title='bbox 200 966 331 992; x_wconf 87' lang='lat' dir='ltr'>DITAM</span> <span class='ocrx_word' id='word_1_56' title='bbox 361 966 669 991; x_wconf 85' lang='lat' dir='ltr'>INTELLEXERIT.</span> <span class='ocrx_word' id='word_1_57' title='bbox 678 949 694 971; x_wconf 73' lang='lat'><strong>3</strong></span> 
     </span>
    </p>
   </div>
   <div class='ocr_carea' id='block_1_4' title="bbox 139 1063 1674 2118">
    <p class='ocr_par' dir='ltr' id='par_1_4' title="bbox 139 1063 1674 2118">
     <span class='ocr_line' id='line_1_9' title="bbox 199 1063 1672 1122; baseline 0.002 -16"><span class='ocrx_word' id='word_1_58' title='bbox 199 1067 221 1120; x_wconf 57' lang='grc' dir='ltr'>ξ</span> <span class='ocrx_word' id='word_1_59' title='bbox 250 1068 343 1108; x_wconf 79' lang='lat'>132.</span> <span class='ocrx_word' id='word_1_60' title='bbox 382 1064 468 1106; x_wconf 83' lang='lat' dir='ltr'>SUB</span> <span class='ocrx_word' id='word_1_61' title='bbox 496 1064 640 1105; x_wconf 89' lang='lat' dir='ltr'>diebus</span> <span class='ocrx_word' id='word_1_62' title='bbox 675 1063 754 1105; x_wconf 88' lang='lat' dir='ltr'>illis</span> <span class='ocrx_word' id='word_1_63' title='bbox 786 1065 845 1106; x_wconf 86' lang='lat' dir='ltr'>vir</span> <span class='ocrx_word' id='word_1_64' title='bbox 867 1064 947 1106; x_wconf 90' lang='lat' dir='ltr'>Dei</span> <span class='ocrx_word' id='word_1_65' title='bbox 983 1065 1037 1106; x_wconf 88' lang='lat' dir='ltr'>ad</span> <span class='ocrx_word' id='word_1_66' title='bbox 1071 1067 1361 1108; x_wconf 87' lang='lat' dir='ltr'>meditandum</span> <span class='ocrx_word' id='word_1_67' title='bbox 1396 1067 1438 1108; x_wconf 91' lang='lat' dir='ltr'>in</span> <span class='ocrx_word' id='word_1_68' title='bbox 1470 1083 1568 1122; x_wconf 87' lang='lat' dir='ltr'>agro</span> <span class='ocrx_word' id='word_1_69' title='bbox 1599 1083 1672 1109; x_wconf 91' lang='lat' dir='ltr'>suo</span> 
     </span>
     <span class='ocr_line' id='line_1_10' title="bbox 139 1131 1672 1188; baseline 0.001 -15"><span class='ocrx_word' id='word_1_70' title='bbox 139 1147 376 1187; x_wconf 87' lang='lat' dir='ltr'>progressus</span> <span class='ocrx_word' id='word_1_71' title='bbox 418 1136 492 1181; x_wconf 86' lang='lat' dir='ltr'>est,</span> <span class='ocrx_word' id='word_1_72' title='bbox 528 1131 591 1171; x_wconf 84' lang='lat' dir='ltr'>vel</span> <span class='ocrx_word' id='word_1_73' title='bbox 626 1136 672 1172; x_wconf 92' lang='lat' dir='ltr'>ut</span> <span class='ocrx_word' id='word_1_74' title='bbox 706 1131 917 1186; x_wconf 88' lang='lat' dir='ltr'>quippiam</span> <span class='ocrx_word' id='word_1_75' title='bbox 956 1138 1166 1174; x_wconf 81' lang='lat' dir='ltr'>exerceret</span> <span class='ocrx_word' id='word_1_76' title='bbox 1203 1134 1336 1188; x_wconf 89' lang='lat' dir='ltr'>operis</span> <span class='ocrx_word' id='word_1_77' title='bbox 1374 1134 1551 1175; x_wconf 88' lang='lat' dir='ltr'>ruricola</span> <span class='ocrx_word' id='word_1_78' title='bbox 1594 1135 1672 1175; x_wconf 91' lang='lat' dir='ltr'>sol-</span> 
     </span>
     <span class='ocr_line' id='line_1_11' title="bbox 139 1196 1672 1255; baseline 0.002 -16"><span class='ocrx_word' id='word_1_79' title='bbox 139 1198 289 1239; x_wconf 86' lang='lat' dir='ltr'>licitior</span> <span class='ocrx_word' id='word_1_80' title='bbox 313 1198 481 1239; x_wconf 85' lang='lat' dir='ltr'>effectus</span> <span class='ocrx_word' id='word_1_81' title='bbox 509 1203 585 1239; x_wconf 86' lang='lat' dir='ltr'>est.</span> <span class='ocrx_word' id='word_1_82' title='bbox 652 1198 772 1239; x_wconf 85' lang='lat' dir='ltr'>Hora</span> <span class='ocrx_word' id='word_1_83' title='bbox 806 1198 933 1252; x_wconf 89' lang='lat' dir='ltr'>igitur</span> <span class='ocrx_word' id='word_1_84' title='bbox 957 1196 1049 1253; x_wconf 86' lang='lat' dir='ltr'>jam</span> <span class='ocrx_word' id='word_1_85' title='bbox 1073 1214 1176 1253; x_wconf 91' lang='lat' dir='ltr'>pene</span> <span class='ocrx_word' id='word_1_86' title='bbox 1211 1200 1486 1241; x_wconf 84' lang='lat' dir='ltr'>meridianum</span> <span class='ocrx_word' id='word_1_87' title='bbox 1507 1206 1672 1255; x_wconf 90' lang='lat' dir='ltr'>tempus</span> 
     </span>
     <span class='ocr_line' id='line_1_12' title="bbox 140 1264 1671 1322; baseline 0.002 -17"><span class='ocrx_word' id='word_1_88' title='bbox 140 1270 384 1315; x_wconf 76' lang='lat' dir='ltr'>excesserat,</span> <span class='ocrx_word' id='word_1_89' title='bbox 419 1270 460 1306; x_wconf 91' lang='lat' dir='ltr'>et</span> <span class='ocrx_word' id='word_1_90' title='bbox 495 1264 562 1306; x_wconf 88' lang='lat' dir='ltr'>ille</span> <span class='ocrx_word' id='word_1_91' title='bbox 596 1279 711 1306; x_wconf 90' lang='lat' dir='ltr'>secus</span> <span class='ocrx_word' id='word_1_92' title='bbox 744 1264 850 1319; x_wconf 89' lang='lat' dir='ltr'>sepis</span> <span class='ocrx_word' id='word_1_93' title='bbox 888 1280 971 1306; x_wconf 86' lang='lat' dir='ltr'>suae</span> <span class='ocrx_word' id='word_1_94' title='bbox 1001 1266 1218 1316; x_wconf 89' lang='lat' dir='ltr'>ambitum,</span> <span class='ocrx_word' id='word_1_95' title='bbox 1260 1282 1339 1320; x_wconf 93' lang='lat' dir='ltr'>quo</span> <span class='ocrx_word' id='word_1_96' title='bbox 1372 1282 1517 1322; x_wconf 89' lang='lat' dir='ltr'>agrum</span> <span class='ocrx_word' id='word_1_97' title='bbox 1553 1267 1671 1308; x_wconf 90' lang='lat' dir='ltr'>illum</span> 
     </span>
     <span class='ocr_line' id='line_1_13' title="bbox 140 1329 1673 1386; baseline 0.002 -15"><span class='ocrx_word' id='word_1_98' title='bbox 140 1331 490 1386; x_wconf 78' lang='lat' dir='ltr'>circumsepserat,</span> <span class='ocrx_word' id='word_1_99' title='bbox 527 1329 618 1386; x_wconf 80' lang='lat' dir='ltr'>jam</span> <span class='ocrx_word' id='word_1_100' title='bbox 658 1331 762 1372; x_wconf 87' lang='lat' dir='ltr'>forte</span> <span class='ocrx_word' id='word_1_101' title='bbox 804 1331 1076 1373; x_wconf 79' lang='lat' dir='ltr'>lassabundus</span> <span class='ocrx_word' id='word_1_102' title='bbox 1115 1333 1381 1374; x_wconf 74' lang='lat' dir='ltr'>consistebat.</span> <span class='ocrx_word' id='word_1_103' title='bbox 1459 1333 1673 1375; x_wconf 84' lang='lat' dir='ltr'>Attollens</span> 
     </span>
     <span class='ocr_line' id='line_1_14' title="bbox 140 1396 1671 1456; baseline 0.002 -18"><span class='ocrx_word' id='word_1_104' title='bbox 140 1398 279 1452; x_wconf 89' lang='lat' dir='ltr'>itaque</span> <span class='ocrx_word' id='word_1_105' title='bbox 301 1398 439 1439; x_wconf 90' lang='lat' dir='ltr'>oculos</span> <span class='ocrx_word' id='word_1_106' title='bbox 459 1398 512 1438; x_wconf 89' lang='lat' dir='ltr'>ad</span> <span class='ocrx_word' id='word_1_107' title='bbox 536 1398 713 1439; x_wconf 89' lang='lat' dir='ltr'>nemoris</span> <span class='ocrx_word' id='word_1_108' title='bbox 735 1398 997 1439; x_wconf 82' lang='lat' dir='ltr'>solitudinem</span> <span class='ocrx_word' id='word_1_109' title='bbox 1017 1396 1145 1453; x_wconf 80' lang='lat' dir='ltr'>juxta</span> <span class='ocrx_word' id='word_1_110' title='bbox 1169 1399 1304 1454; x_wconf 89' lang='lat' dir='ltr'>positi,</span> <span class='ocrx_word' id='word_1_111' title='bbox 1329 1400 1434 1441; x_wconf 87' lang='lat' dir='ltr'>vidit</span> <span class='ocrx_word' id='word_1_112' title='bbox 1456 1399 1671 1456; x_wconf 78' lang='lat' dir='ltr'>cujusdam</span> 
     </span>
     <span class='ocr_line' id='line_1_15' title="bbox 140 1464 1672 1520; baseline 0.002 -15"><span class='ocrx_word' id='word_1_113' title='bbox 140 1464 368 1519; x_wconf 87' lang='lat' dir='ltr'>gradientis</span> <span class='ocrx_word' id='word_1_114' title='bbox 399 1465 577 1519; x_wconf 87' lang='lat' dir='ltr'>speciem</span> <span class='ocrx_word' id='word_1_115' title='bbox 598 1464 651 1505; x_wconf 88' lang='lat' dir='ltr'>ad</span> <span class='ocrx_word' id='word_1_116' title='bbox 674 1480 715 1505; x_wconf 89' lang='lat' dir='ltr'>se</span> <span class='ocrx_word' id='word_1_117' title='bbox 737 1465 812 1506; x_wconf 92' lang='lat' dir='ltr'>sub</span> <span class='ocrx_word' id='word_1_118' title='bbox 835 1464 954 1505; x_wconf 88' lang='lat' dir='ltr'>celeri</span> <span class='ocrx_word' id='word_1_119' title='bbox 989 1466 1248 1520; x_wconf 82' lang='lat' dir='ltr'>migratione,</span> <span class='ocrx_word' id='word_1_120' title='bbox 1280 1466 1496 1508; x_wconf 87' lang='lat' dir='ltr'>moderata</span> <span class='ocrx_word' id='word_1_121' title='bbox 1530 1472 1672 1508; x_wconf 88' lang='lat' dir='ltr'>tamen</span> 
     </span>
     <span class='ocr_line' id='line_1_16' title="bbox 139 1528 1673 1589; baseline 0.003 -18"><span class='ocrx_word' id='word_1_122' title='bbox 139 1530 419 1581; x_wconf 80' lang='lat' dir='ltr'>4maturitate,</span> <span class='ocrx_word' id='word_1_123' title='bbox 437 1528 626 1579; x_wconf 78' lang='lat' dir='ltr'>⁵defcrri3</span> <span class='ocrx_word' id='word_1_124' title='bbox 655 1530 771 1586; x_wconf 83' lang='lat' dir='ltr'>cujus</span> <span class='ocrx_word' id='word_1_125' title='bbox 788 1531 933 1572; x_wconf 82' lang='lat' dir='ltr'>visioni</span> <span class='ocrx_word' id='word_1_126' title='bbox 949 1532 1048 1572; x_wconf 89' lang='lat' dir='ltr'>dum</span> <span class='ocrx_word' id='word_1_127' title='bbox 1070 1533 1211 1589; x_wconf 86' lang='lat' dir='ltr'>crebro</span> <span class='ocrx_word' id='word_1_128' title='bbox 1233 1532 1481 1582; x_wconf 85' lang='lat' dir='ltr'>intenderet,</span> <span class='ocrx_word' id='word_1_129' title='bbox 1497 1538 1538 1575; x_wconf 88' lang='lat' dir='ltr'>et</span> <span class='ocrx_word' id='word_1_130' title='bbox 1556 1533 1673 1588; x_wconf 88' lang='lat' dir='ltr'>quid-</span> 
     </span>
     <span class='ocr_line' id='line_1_17' title="bbox 140 1597 1673 1656; baseline 0.002 -18"><span class='ocrx_word' id='word_1_131' title='bbox 140 1612 238 1638; x_wconf 87' lang='lat' dir='ltr'>nam</span> <span class='ocrx_word' id='word_1_132' title='bbox 268 1597 373 1638; x_wconf 89' lang='lat' dir='ltr'>foret</span> <span class='ocrx_word' id='word_1_133' title='bbox 407 1598 622 1652; x_wconf 86' lang='lat' dir='ltr'>explorare</span> <span class='ocrx_word' id='word_1_134' title='bbox 655 1597 968 1652; x_wconf 78' lang='lat' dir='ltr'>praemeditatus</span> <span class='ocrx_word' id='word_1_135' title='bbox 998 1604 1116 1651; x_wconf 84' lang='lat' dir='ltr'>esset,</span> <span class='ocrx_word' id='word_1_136' title='bbox 1150 1599 1285 1640; x_wconf 90' lang='lat' dir='ltr'>subito</span> <span class='ocrx_word' id='word_1_137' title='bbox 1313 1600 1468 1655; x_wconf 90' lang='lat' dir='ltr'>species</span> <span class='ocrx_word' id='word_1_138' title='bbox 1491 1600 1580 1656; x_wconf 90' lang='lat' dir='ltr'>ipsa</span> <span class='ocrx_word' id='word_1_139' title='bbox 1601 1616 1673 1655; x_wconf 85' lang='lat' dir='ltr'>per</span> 
     </span>
     <span class='ocr_line' id='line_1_18' title="bbox 140 1664 1673 1721; baseline 0.003 -17"><span class='ocrx_word' id='word_1_140' title='bbox 140 1664 324 1705; x_wconf 89' lang='lat' dir='ltr'>medium</span> <span class='ocrx_word' id='word_1_141' title='bbox 345 1664 525 1705; x_wconf 88' lang='lat' dir='ltr'>nemoris</span> <span class='ocrx_word' id='word_1_142' title='bbox 555 1664 731 1714; x_wconf 87' lang='lat' dir='ltr'>transiit,</span> <span class='ocrx_word' id='word_1_143' title='bbox 765 1668 888 1718; x_wconf 89' lang='lat' dir='ltr'>atque</span> <span class='ocrx_word' id='word_1_144' title='bbox 919 1680 1059 1707; x_wconf 86' lang='lat' dir='ltr'>versus</span> <span class='ocrx_word' id='word_1_145' title='bbox 1093 1666 1228 1706; x_wconf 85' lang='lat' dir='ltr'>locum</span> <span class='ocrx_word' id='word_1_146' title='bbox 1262 1666 1379 1707; x_wconf 91' lang='lat' dir='ltr'>illum</span> <span class='ocrx_word' id='word_1_147' title='bbox 1411 1667 1453 1707; x_wconf 90' lang='lat' dir='ltr'>in</span> <span class='ocrx_word' id='word_1_148' title='bbox 1481 1682 1560 1721; x_wconf 89' lang='lat' dir='ltr'>quo</span> <span class='ocrx_word' id='word_1_149' title='bbox 1593 1673 1673 1708; x_wconf 90' lang='lat' dir='ltr'>ste-</span> 
     </span>
     <span class='ocr_line' id='line_1_19' title="bbox 142 1730 1673 1787; baseline 0.003 -17"><span class='ocrx_word' id='word_1_150' title='bbox 142 1734 263 1780; x_wconf 87' lang='lat' dir='ltr'>terat,</span> <span class='ocrx_word' id='word_1_151' title='bbox 286 1731 483 1771; x_wconf 88' lang='lat' dir='ltr'>mediocri</span> <span class='ocrx_word' id='word_1_152' title='bbox 505 1730 714 1771; x_wconf 87' lang='lat' dir='ltr'>celeritate</span> <span class='ocrx_word' id='word_1_153' title='bbox 735 1731 997 1786; x_wconf 83' lang='lat' dir='ltr'>properabat.</span> <span class='ocrx_word' id='word_1_154' title='bbox 1061 1732 1340 1774; x_wconf 80' lang='lat' dir='ltr'>Gradiebatur</span> <span class='ocrx_word' id='word_1_155' title='bbox 1371 1733 1536 1787; x_wconf 88' lang='lat' dir='ltr'>quidem</span> <span class='ocrx_word' id='word_1_156' title='bbox 1558 1734 1673 1787; x_wconf 88' lang='lat' dir='ltr'>quasi</span> 
     </span>
     <span class='ocr_line' id='line_1_20' title="bbox 141 1793 1673 1854; baseline 0.002 -16"><span class='ocrx_word' id='word_1_157' title='bbox 141 1797 216 1838; x_wconf 91' lang='lat' dir='ltr'>sub</span> <span class='ocrx_word' id='word_1_158' title='bbox 238 1797 448 1852; x_wconf 84' lang='lat' dir='ltr'>pennigeri</span> <span class='ocrx_word' id='word_1_159' title='bbox 476 1802 591 1838; x_wconf 89' lang='lat' dir='ltr'>motu</span> <span class='ocrx_word' id='word_1_160' title='bbox 613 1797 729 1846; x_wconf 86' lang='lat' dir='ltr'>aeris,</span> <span class='ocrx_word' id='word_1_161' title='bbox 751 1797 866 1851; x_wconf 86' lang='lat' dir='ltr'>quasi</span> <span class='ocrx_word' id='word_1_162' title='bbox 886 1798 1114 1852; x_wconf 86' lang='lat' dir='ltr'>gradientis</span> <span class='ocrx_word' id='word_1_163' title='bbox 1135 1799 1244 1840; x_wconf 87' lang='lat' dir='ltr'>illius</span> <span class='ocrx_word' id='word_1_164' title='bbox 1267 1793 1415 1854; x_wconf 77' lang='lat' dir='ltr'>6pedes</span> <span class='ocrx_word' id='word_1_165' title='bbox 1438 1800 1673 1842; x_wconf 88' lang='lat' dir='ltr'>nullatenus</span> 
     </span>
     <span class='ocr_line' id='line_1_21' title="bbox 140 1863 1674 1921; baseline 0.003 -18"><span class='ocrx_word' id='word_1_166' title='bbox 140 1864 430 1918; x_wconf 82' lang='lat' dir='ltr'>pertingebant</span> <span class='ocrx_word' id='word_1_167' title='bbox 456 1878 582 1917; x_wconf 86' lang='lat' dir='ltr'>usque</span> <span class='ocrx_word' id='word_1_168' title='bbox 606 1863 659 1904; x_wconf 86' lang='lat' dir='ltr'>ad</span> <span class='ocrx_word' id='word_1_169' title='bbox 693 1863 927 1904; x_wconf 87' lang='lat' dir='ltr'>inferiorem</span> <span class='ocrx_word' id='word_1_170' title='bbox 948 1870 1071 1905; x_wconf 86' lang='lat' dir='ltr'>terrae</span> <span class='ocrx_word' id='word_1_171' title='bbox 1093 1870 1331 1906; x_wconf 87' lang='lat' dir='ltr'>contactum</span> <span class='ocrx_word' id='word_1_172' title='bbox 1359 1866 1566 1921; x_wconf 80' lang='lat' dir='ltr'>pulveris3</span> <span class='ocrx_word' id='word_1_173' title='bbox 1600 1867 1674 1908; x_wconf 88' lang='lat' dir='ltr'>sed</span> 
     </span>
     <span class='ocr_line' id='line_1_22' title="bbox 142 1929 1671 1985; baseline 0.003 -15"><span class='ocrx_word' id='word_1_174' title='bbox 142 1930 326 1984; x_wconf 88' lang='lat' dir='ltr'>superius</span> <span class='ocrx_word' id='word_1_175' title='bbox 357 1929 443 1985; x_wconf 85' lang='lat' dir='ltr'>ejus</span> <span class='ocrx_word' id='word_1_176' title='bbox 471 1930 645 1984; x_wconf 88' lang='lat' dir='ltr'>vestigia</span> <span class='ocrx_word' id='word_1_177' title='bbox 665 1930 927 1978; x_wconf 82' lang='lat' dir='ltr'>visebantur;</span> <span class='ocrx_word' id='word_1_178' title='bbox 964 1936 1005 1972; x_wconf 94' lang='lat' dir='ltr'>et</span> <span class='ocrx_word' id='word_1_179' title='bbox 1027 1931 1138 1972; x_wconf 91' lang='lat' dir='ltr'>nullo</span> <span class='ocrx_word' id='word_1_180' title='bbox 1160 1932 1283 1973; x_wconf 91' lang='lat' dir='ltr'>modo</span> <span class='ocrx_word' id='word_1_181' title='bbox 1311 1933 1363 1973; x_wconf 89' lang='lat' dir='ltr'>ab</span> <span class='ocrx_word' id='word_1_182' title='bbox 1398 1933 1567 1975; x_wconf 91' lang='lat' dir='ltr'>alterius</span> <span class='ocrx_word' id='word_1_183' title='bbox 1599 1934 1671 1974; x_wconf 88' lang='lat' dir='ltr'>ali-</span> 
     </span>
     <span class='ocr_line' id='line_1_23' title="bbox 141 1994 1672 2052; baseline 0.003 -16"><span class='ocrx_word' id='word_1_184' title='bbox 141 1994 256 2051; x_wconf 84' lang='lat' dir='ltr'>cujus</span> <span class='ocrx_word' id='word_1_185' title='bbox 299 1996 502 2038; x_wconf 86' lang='lat' dir='ltr'>levamine</span> <span class='ocrx_word' id='word_1_186' title='bbox 542 1996 626 2038; x_wconf 88' lang='lat' dir='ltr'>sive</span> <span class='ocrx_word' id='word_1_187' title='bbox 667 1996 946 2037; x_wconf 86' lang='lat' dir='ltr'>modulamine</span> <span class='ocrx_word' id='word_1_188' title='bbox 979 2013 1141 2052; x_wconf 85' lang='lat' dir='ltr'>gressus</span> <span class='ocrx_word' id='word_1_189' title='bbox 1183 1998 1487 2041; x_wconf 87' lang='lat' dir='ltr'>deambulantis</span> <span class='ocrx_word' id='word_1_190' title='bbox 1518 1999 1672 2041; x_wconf 89' lang='lat' dir='ltr'>defere-</span> 
     </span>
     <span class='ocr_line' id='line_1_24' title="bbox 140 2062 1673 2118; baseline 0.003 -15"><span class='ocrx_word' id='word_1_191' title='bbox 140 2062 305 2104; x_wconf 85' lang='lat' dir='ltr'>bantur.</span> <span class='ocrx_word' id='word_1_192' title='bbox 389 2062 568 2117; x_wconf 87' lang='lat' dir='ltr'>Spiritus</span> <span class='ocrx_word' id='word_1_193' title='bbox 601 2062 768 2117; x_wconf 78' lang='lat' dir='ltr'>quidem</span> <span class='ocrx_word' id='word_1_194' title='bbox 811 2064 987 2115; x_wconf 80' lang='lat' dir='ltr'>exstitit,</span> <span class='ocrx_word' id='word_1_195' title='bbox 1036 2065 1132 2118; x_wconf 89' lang='lat' dir='ltr'>quia</span> <span class='ocrx_word' id='word_1_196' title='bbox 1168 2080 1333 2106; x_wconf 86' lang='lat' dir='ltr'>carnem</span> <span class='ocrx_word' id='word_1_197' title='bbox 1372 2071 1414 2107; x_wconf 91' lang='lat' dir='ltr'>et</span> <span class='ocrx_word' id='word_1_198' title='bbox 1457 2081 1549 2108; x_wconf 89' lang='lat' dir='ltr'>ossa</span> <span class='ocrx_word' id='word_1_199' title='bbox 1590 2082 1673 2108; x_wconf 88' lang='lat' dir='ltr'>non</span> 
     </span>
    </p>
   </div>
   <div class='ocr_carea' id='block_1_5' title="bbox 140 2172 1674 2873">
    <p class='ocr_par' dir='ltr' id='par_1_5' title="bbox 189 2172 606 2219">
     <span class='ocr_line' id='line_1_25' title="bbox 189 2172 606 2219; baseline 0.007 -14"><span class='ocrx_word' id='word_1_200' title='bbox 189 2173 197 2191; x_wconf 86' lang='lat'>¹</span> <span class='ocrx_word' id='word_1_201' title='bbox 218 2172 370 2219; x_wconf 62' lang='lat' dir='ltr'>Sponsa]</span> <span class='ocrx_word' id='word_1_202' title='bbox 398 2173 537 2218; x_wconf 84' lang='lat' dir='ltr'>Sponsa,</span> <span class='ocrx_word' id='word_1_203' title='bbox 561 2174 606 2208; x_wconf 91' lang='lat' dir='ltr'>H.</span> 
     </span>
    </p>

    <p class='ocr_par' dir='ltr' id='par_1_6' title="bbox 140 2219 1674 2779">
     <span class='ocr_line' id='line_1_26' title="bbox 187 2219 1674 2269; baseline 0.003 -16"><span class='ocrx_word' id='word_1_204' title='bbox 187 2219 200 2238; x_wconf 79' lang='lat'><strong>²</strong></span> <span class='ocrx_word' id='word_1_205' title='bbox 220 2219 471 2265; x_wconf 50' lang='lat' dir='ltr'>consocianda]</span> <span class='ocrx_word' id='word_1_206' title='bbox 498 2220 571 2254; x_wconf 90' lang='lat' dir='ltr'>The</span> <span class='ocrx_word' id='word_1_207' title='bbox 597 2220 764 2255; x_wconf 87' lang='lat' dir='ltr'>incidents</span> <span class='ocrx_word' id='word_1_208' title='bbox 783 2221 821 2254; x_wconf 87' lang='lat' dir='ltr'>of</span> <span class='ocrx_word' id='word_1_209' title='bbox 834 2221 891 2255; x_wconf 84' lang='lat' dir='ltr'>the</span> <span class='ocrx_word' id='word_1_210' title='bbox 916 2221 981 2255; x_wconf 86' lang='lat' dir='ltr'>last</span> <span class='ocrx_word' id='word_1_211' title='bbox 1000 2228 1065 2255; x_wconf 85' lang='lat' dir='ltr'>two</span> <span class='ocrx_word' id='word_1_212' title='bbox 1091 2222 1247 2268; x_wconf 85' lang='lat' dir='ltr'>chapters</span> <span class='ocrx_word' id='word_1_213' title='bbox 1265 2234 1321 2256; x_wconf 86' lang='lat' dir='ltr'>are</span> <span class='ocrx_word' id='word_1_214' title='bbox 1338 2222 1419 2256; x_wconf 87' lang='lat' dir='ltr'>thus</span> <span class='ocrx_word' id='word_1_215' title='bbox 1446 2223 1603 2257; x_wconf 85' lang='lat' dir='ltr'>narrated</span> <span class='ocrx_word' id='word_1_216' title='bbox 1628 2223 1674 2269; x_wconf 90' lang='lat' dir='ltr'>by</span> 
     </span>
     <span class='ocr_line' id='line_1_27' title="bbox 141 2265 1674 2314; baseline 0.003 -16"><span class='ocrx_word' id='word_1_217' title='bbox 141 2265 198 2299; x_wconf 89' lang='lat' dir='ltr'>the</span> <span class='ocrx_word' id='word_1_218' title='bbox 221 2278 432 2311; x_wconf 86' lang='lat' dir='ltr'>anonymous</span> <span class='ocrx_word' id='word_1_219' title='bbox 459 2266 620 2300; x_wconf 88' lang='lat' dir='ltr'>Harleian</span> <span class='ocrx_word' id='word_1_220' title='bbox 638 2268 770 2302; x_wconf 81' lang='lat' dir='ltr'>writer:</span> <span class='ocrx_word' id='word_1_221' title='bbox 798 2269 819 2286; x_wconf 64' lang='lat'>‘⁴</span> <span class='ocrx_word' id='word_1_222' title='bbox 834 2268 943 2301; x_wconf 84' lang='lat' dir='ltr'>Fama</span> <span class='ocrx_word' id='word_1_223' title='bbox 961 2269 1022 2303; x_wconf 86' lang='lat' dir='ltr'>viri</span> <span class='ocrx_word' id='word_1_224' title='bbox 1048 2269 1265 2311; x_wconf 78' lang='lat' dir='ltr'>clarescente,</span> <span class='ocrx_word' id='word_1_225' title='bbox 1284 2269 1422 2302; x_wconf 88' lang='lat' dir='ltr'>veniunt</span> <span class='ocrx_word' id='word_1_226' title='bbox 1440 2269 1482 2303; x_wconf 89' lang='lat' dir='ltr'>ad</span> <span class='ocrx_word' id='word_1_227' title='bbox 1500 2282 1577 2303; x_wconf 88' lang='lat' dir='ltr'>eum</span> <span class='ocrx_word' id='word_1_228' title='bbox 1596 2282 1674 2314; x_wconf 84' lang='lat' dir='ltr'>cog-</span> 
     </span>
     <span class='ocr_line' id='line_1_28' title="bbox 140 2312 1673 2361; baseline 0.003 -16"><span class='ocrx_word' id='word_1_229' title='bbox 140 2312 211 2345; x_wconf 86' lang='lat' dir='ltr'>nati</span> <span class='ocrx_word' id='word_1_230' title='bbox 236 2313 309 2356; x_wconf 86' lang='lat' dir='ltr'>ejus</span> <span class='ocrx_word' id='word_1_231' title='bbox 332 2312 374 2345; x_wconf 85' lang='lat' dir='ltr'>de</span> <span class='ocrx_word' id='word_1_232' title='bbox 395 2313 547 2358; x_wconf 85' lang='lat' dir='ltr'>partibus</span> <span class='ocrx_word' id='word_1_233' title='bbox 570 2314 732 2356; x_wconf 81' lang='lat' dir='ltr'>remotis3</span> <span class='ocrx_word' id='word_1_234' title='bbox 759 2326 843 2359; x_wconf 92' lang='lat' dir='ltr'>quos</span> <span class='ocrx_word' id='word_1_235' title='bbox 867 2315 1013 2360; x_wconf 83' lang='lat' dir='ltr'>benigne</span> <span class='ocrx_word' id='word_1_236' title='bbox 1036 2317 1195 2361; x_wconf 82' lang='lat' dir='ltr'>suscepit.</span> <span class='ocrx_word' id='word_1_237' title='bbox 1253 2315 1360 2349; x_wconf 84' lang='lat' dir='ltr'>Erant</span> <span class='ocrx_word' id='word_1_238' title='bbox 1382 2316 1472 2349; x_wconf 86' lang='lat' dir='ltr'>enim</span> <span class='ocrx_word' id='word_1_239' title='bbox 1491 2317 1589 2361; x_wconf 85' lang='lat' dir='ltr'>justi,</span> <span class='ocrx_word' id='word_1_240' title='bbox 1613 2317 1673 2350; x_wconf 91' lang='lat' dir='ltr'>scd</span> 
     </span>
     <span class='ocr_line' id='line_1_29' title="bbox 141 2361 1672 2406; baseline 0.004 -15"><span class='ocrx_word' id='word_1_241' title='bbox 141 2370 331 2404; x_wconf 82' lang='lat' dir='ltr'>pauperes3</span> <span class='ocrx_word' id='word_1_242' title='bbox 356 2362 443 2392; x_wconf 87' lang='lat' dir='ltr'>inter</span> <span class='ocrx_word' id='word_1_243' title='bbox 468 2371 552 2404; x_wconf 88' lang='lat' dir='ltr'>quos</span> <span class='ocrx_word' id='word_1_244' title='bbox 578 2367 649 2393; x_wconf 83' lang='lat' dir='ltr'>erat</span> <span class='ocrx_word' id='word_1_245' title='bbox 673 2367 780 2394; x_wconf 85' lang='lat' dir='ltr'>mater</span> <span class='ocrx_word' id='word_1_246' title='bbox 806 2361 912 2406; x_wconf 88' lang='lat' dir='ltr'>ipsius</span> <span class='ocrx_word' id='word_1_247' title='bbox 938 2368 971 2395; x_wconf 85' lang='lat' dir='ltr'>et</span> <span class='ocrx_word' id='word_1_248' title='bbox 996 2362 1096 2395; x_wconf 86' lang='lat' dir='ltr'>frater</span> <span class='ocrx_word' id='word_1_249' title='bbox 1121 2362 1258 2396; x_wconf 89' lang='lat' dir='ltr'>nomine</span> <span class='ocrx_word' id='word_1_250' title='bbox 1280 2361 1504 2406; x_wconf 59' lang='lat' dir='ltr'>WVilliclmus,</span> <span class='ocrx_word' id='word_1_251' title='bbox 1530 2369 1563 2396; x_wconf 90' lang='lat' dir='ltr'>et</span> <span class='ocrx_word' id='word_1_252' title='bbox 1581 2376 1672 2397; x_wconf 89' lang='lat' dir='ltr'>soror</span> 
     </span>
     <span class='ocr_line' id='line_1_30' title="bbox 141 2405 1673 2454; baseline 0.004 -17"><span class='ocrx_word' id='word_1_253' title='bbox 141 2406 278 2438; x_wconf 87' lang='lat' dir='ltr'>nomine</span> <span class='ocrx_word' id='word_1_254' title='bbox 297 2405 510 2447; x_wconf 79' lang='lat' dir='ltr'>Burwenna3</span> <span class='ocrx_word' id='word_1_255' title='bbox 537 2407 593 2451; x_wconf 90' lang='lat' dir='ltr'>qui</span> <span class='ocrx_word' id='word_1_256' title='bbox 612 2412 691 2440; x_wconf 88' lang='lat' dir='ltr'>sunt</span> <span class='ocrx_word' id='word_1_257' title='bbox 708 2407 742 2440; x_wconf 90' lang='lat' dir='ltr'>in</span> <span class='ocrx_word' id='word_1_258' title='bbox 760 2407 835 2441; x_wconf 90' lang='lat' dir='ltr'>istis</span> <span class='ocrx_word' id='word_1_259' title='bbox 859 2408 1011 2453; x_wconf 88' lang='lat' dir='ltr'>partibus</span> <span class='ocrx_word' id='word_1_260' title='bbox 1037 2420 1144 2454; x_wconf 88' lang='lat' dir='ltr'>usque</span> <span class='ocrx_word' id='word_1_261' title='bbox 1161 2409 1203 2443; x_wconf 87' lang='lat' dir='ltr'>ad</span> <span class='ocrx_word' id='word_1_262' title='bbox 1221 2420 1320 2441; x_wconf 87' lang='lat' dir='ltr'>suum</span> <span class='ocrx_word' id='word_1_263' title='bbox 1339 2409 1470 2443; x_wconf 88' lang='lat' dir='ltr'>obitum</span> <span class='ocrx_word' id='word_1_264' title='bbox 1497 2409 1673 2443; x_wconf 90' lang='lat' dir='ltr'>demorati.</span> 
     </span>
     <span class='ocr_line' id='line_1_31' title="bbox 143 2451 1673 2501; baseline 0.004 -17"><span class='ocrx_word' id='word_1_265' title='bbox 143 2451 241 2484; x_wconf 86' lang='lat' dir='ltr'>Soror</span> <span class='ocrx_word' id='word_1_266' title='bbox 258 2452 449 2497; x_wconf 82' lang='lat' dir='ltr'>imploravit</span> <span class='ocrx_word' id='word_1_267' title='bbox 462 2464 481 2485; x_wconf 87' lang='lat' dir='ltr'>a</span> <span class='ocrx_word' id='word_1_268' title='bbox 498 2452 599 2486; x_wconf 87' lang='lat' dir='ltr'>fratre</span> <span class='ocrx_word' id='word_1_269' title='bbox 612 2459 650 2486; x_wconf 92' lang='lat' dir='ltr'>ut</span> <span class='ocrx_word' id='word_1_270' title='bbox 667 2465 741 2487; x_wconf 88' lang='lat' dir='ltr'>eam</span> <span class='ocrx_word' id='word_1_271' title='bbox 759 2465 875 2487; x_wconf 88' lang='lat' dir='ltr'>secum</span> <span class='ocrx_word' id='word_1_272' title='bbox 888 2455 991 2488; x_wconf 85' lang='lat' dir='ltr'>vitam</span> <span class='ocrx_word' id='word_1_273' title='bbox 1010 2454 1132 2489; x_wconf 87' lang='lat' dir='ltr'>ducere</span> <span class='ocrx_word' id='word_1_274' title='bbox 1150 2455 1335 2489; x_wconf 83' lang='lat' dir='ltr'>solitariam</span> <span class='ocrx_word' id='word_1_275' title='bbox 1361 2462 1532 2501; x_wconf 86' lang='lat' dir='ltr'>pateretur</span> <span class='ocrx_word' id='word_1_276' title='bbox 1547 2469 1555 2498; x_wconf 89' lang='grc'><strong>;</strong></span> <span class='ocrx_word' id='word_1_277' title='bbox 1581 2457 1673 2501; x_wconf 87' lang='lat' dir='ltr'>virgo</span> 
     </span>
     <span class='ocr_line' id='line_1_32' title="bbox 142 2497 1673 2547; baseline 0.004 -17"><span class='ocrx_word' id='word_1_278' title='bbox 142 2497 271 2531; x_wconf 87' lang='lat' dir='ltr'>scilicet</span> <span class='ocrx_word' id='word_1_279' title='bbox 296 2498 501 2543; x_wconf 84' lang='lat' dir='ltr'>incorrupta,</span> <span class='ocrx_word' id='word_1_280' title='bbox 528 2505 561 2532; x_wconf 88' lang='lat' dir='ltr'>et</span> <span class='ocrx_word' id='word_1_281' title='bbox 588 2499 661 2532; x_wconf 89' lang='lat' dir='ltr'>Deo</span> <span class='ocrx_word' id='word_1_282' title='bbox 679 2512 698 2533; x_wconf 85' lang='lat' dir='ltr'>a</span> <span class='ocrx_word' id='word_1_283' title='bbox 715 2500 824 2545; x_wconf 87' lang='lat' dir='ltr'>prima</span> <span class='ocrx_word' id='word_1_284' title='bbox 848 2512 979 2547; x_wconf 88' lang='lat' dir='ltr'>semper</span> <span class='ocrx_word' id='word_1_285' title='bbox 1004 2507 1104 2535; x_wconf 81' lang='lat' dir='ltr'>aetate</span> <span class='ocrx_word' id='word_1_286' title='bbox 1130 2502 1261 2536; x_wconf 86' lang='lat' dir='ltr'>devota.</span> <span class='ocrx_word' id='word_1_287' title='bbox 1314 2502 1399 2546; x_wconf 86' lang='lat' dir='ltr'>Ejus</span> <span class='ocrx_word' id='word_1_288' title='bbox 1427 2509 1502 2536; x_wconf 88' lang='lat' dir='ltr'>voto</span> <span class='ocrx_word' id='word_1_289' title='bbox 1527 2503 1673 2536; x_wconf 85' lang='lat' dir='ltr'>libenter</span> 
     </span>
     <span class='ocr_line' id='line_1_33' title="bbox 141 2544 1671 2595; baseline 0.003 -18"><span class='ocrx_word' id='word_1_290' title='bbox 141 2544 272 2588; x_wconf 84' lang='lat' dir='ltr'>annuit,</span> <span class='ocrx_word' id='word_1_291' title='bbox 291 2550 323 2578; x_wconf 85' lang='lat' dir='ltr'>et</span> <span class='ocrx_word' id='word_1_292' title='bbox 341 2545 371 2578; x_wconf 89' lang='lat' dir='ltr'>ei</span> <span class='ocrx_word' id='word_1_293' title='bbox 390 2544 547 2578; x_wconf 88' lang='lat' dir='ltr'>cellulam</span> <span class='ocrx_word' id='word_1_294' title='bbox 568 2546 602 2578; x_wconf 92' lang='lat' dir='ltr'>in</span> <span class='ocrx_word' id='word_1_295' title='bbox 619 2546 694 2579; x_wconf 90' lang='lat' dir='ltr'>loco</span> <span class='ocrx_word' id='word_1_296' title='bbox 719 2546 967 2591; x_wconf 86' lang='lat' dir='ltr'>aliquantulum</span> <span class='ocrx_word' id='word_1_297' title='bbox 996 2547 1060 2594; x_wconf 86' lang='lat' dir='ltr'>[ita</span> <span class='ocrx_word' id='word_1_298' title='bbox 1086 2548 1180 2595; x_wconf 93' lang='lat' dir='ltr'>MS.]</span> <span class='ocrx_word' id='word_1_299' title='bbox 1207 2549 1358 2583; x_wconf 88' lang='lat' dir='ltr'>militans</span> <span class='ocrx_word' id='word_1_300' title='bbox 1379 2548 1514 2583; x_wconf 89' lang='lat' dir='ltr'>Christo</span> <span class='ocrx_word' id='word_1_301' title='bbox 1531 2549 1671 2594; x_wconf 85' lang='lat' dir='ltr'>longum</span> 
     </span>
     <span class='ocr_line' id='line_1_34' title="bbox 142 2591 1673 2636; baseline 0.004 -13"><span class='ocrx_word' id='word_1_302' title='bbox 142 2595 275 2635; x_wconf 88' lang='lat' dir='ltr'>tempus</span> <span class='ocrx_word' id='word_1_303' title='bbox 290 2591 416 2636; x_wconf 79' lang='lat' dir='ltr'>exegit,</span> <span class='ocrx_word' id='word_1_304' title='bbox 431 2591 541 2625; x_wconf 87' lang='lat' dir='ltr'>cilicio</span> <span class='ocrx_word' id='word_1_305' title='bbox 556 2592 684 2636; x_wconf 81' lang='lat' dir='ltr'>induta,</span> <span class='ocrx_word' id='word_1_306' title='bbox 703 2599 736 2626; x_wconf 86' lang='lat' dir='ltr'>et</span> <span class='ocrx_word' id='word_1_307' title='bbox 753 2593 870 2627; x_wconf 90' lang='lat' dir='ltr'>multis</span> <span class='ocrx_word' id='word_1_308' title='bbox 888 2594 1126 2629; x_wconf 86' lang='lat' dir='ltr'>afflictionibus</span> <span class='ocrx_word' id='word_1_309' title='bbox 1143 2602 1323 2629; x_wconf 86' lang='lat' dir='ltr'>macerata.</span> <span class='ocrx_word' id='word_1_310' title='bbox 1349 2596 1405 2629; x_wconf 89' lang='lat' dir='ltr'>Ad</span> <span class='ocrx_word' id='word_1_311' title='bbox 1423 2596 1533 2629; x_wconf 84' lang='lat' dir='ltr'>fratris</span> <span class='ocrx_word' id='word_1_312' title='bbox 1552 2596 1673 2629; x_wconf 89' lang='lat' dir='ltr'>Orato-</span> 
     </span>
     <span class='ocr_line' id='line_1_35' title="bbox 141 2637 1672 2688; baseline 0.004 -19"><span class='ocrx_word' id='word_1_313' title='bbox 141 2637 229 2670; x_wconf 91' lang='lat' dir='ltr'>rium</span> <span class='ocrx_word' id='word_1_314' title='bbox 247 2649 320 2670; x_wconf 90' lang='lat' dir='ltr'>raro</span> <span class='ocrx_word' id='word_1_315' title='bbox 339 2637 493 2671; x_wconf 87' lang='lat' dir='ltr'>veniebat</span> <span class='ocrx_word' id='word_1_316' title='bbox 506 2651 515 2680; x_wconf 89' lang='lat'>;</span> <span class='ocrx_word' id='word_1_317' title='bbox 542 2638 710 2683; x_wconf 82' lang='lat' dir='ltr'>videlicet,</span> <span class='ocrx_word' id='word_1_318' title='bbox 729 2645 766 2672; x_wconf 89' lang='lat' dir='ltr'>ut</span> <span class='ocrx_word' id='word_1_319' title='bbox 783 2640 909 2674; x_wconf 86' lang='lat' dir='ltr'>Missas</span> <span class='ocrx_word' id='word_1_320' title='bbox 935 2641 1066 2674; x_wconf 87' lang='lat' dir='ltr'>audiret</span> <span class='ocrx_word' id='word_1_321' title='bbox 1084 2642 1217 2686; x_wconf 88' lang='lat' dir='ltr'>quando</span> <span class='ocrx_word' id='word_1_322' title='bbox 1235 2642 1357 2687; x_wconf 87' lang='lat' dir='ltr'>aliquis</span> <span class='ocrx_word' id='word_1_323' title='bbox 1375 2642 1455 2675; x_wconf 90' lang='lat' dir='ltr'>illuc</span> <span class='ocrx_word' id='word_1_324' title='bbox 1478 2642 1563 2675; x_wconf 83' lang='lat' dir='ltr'>forte</span> <span class='ocrx_word' id='word_1_325' title='bbox 1580 2654 1672 2688; x_wconf 89' lang='lat' dir='ltr'>pres-</span> 
     </span>
     <span class='ocr_line' id='line_1_36' title="bbox 141 2682 1673 2734; baseline 0.005 -19"><span class='ocrx_word' id='word_1_326' title='bbox 141 2682 239 2727; x_wconf 86' lang='lat' dir='ltr'>byter</span> <span class='ocrx_word' id='word_1_327' title='bbox 256 2683 457 2718; x_wconf 87' lang='lat' dir='ltr'>advenisset.</span> <span class='ocrx_word' id='word_1_328' title='bbox 500 2684 645 2726; x_wconf 84' lang='lat' dir='ltr'>Quando</span> <span class='ocrx_word' id='word_1_329' title='bbox 658 2686 759 2719; x_wconf 84' lang='lat' dir='ltr'>frater</span> <span class='ocrx_word' id='word_1_330' title='bbox 776 2686 818 2719; x_wconf 87' lang='lat' dir='ltr'>ad</span> <span class='ocrx_word' id='word_1_331' title='bbox 835 2686 951 2720; x_wconf 87' lang='lat' dir='ltr'>horam</span> <span class='ocrx_word' id='word_1_332' title='bbox 971 2687 1128 2732; x_wconf 85' lang='lat' dir='ltr'>pulsabat</span> <span class='ocrx_word' id='word_1_333' title='bbox 1141 2689 1286 2734; x_wconf 76' lang='lat' dir='ltr'>signum,</span> <span class='ocrx_word' id='word_1_334' title='bbox 1305 2689 1363 2722; x_wconf 84' lang='lat' dir='ltr'>illa</span> <span class='ocrx_word' id='word_1_335' title='bbox 1375 2688 1516 2733; x_wconf 85' lang='lat' dir='ltr'>genibus</span> <span class='ocrx_word' id='word_1_336' title='bbox 1535 2694 1673 2723; x_wconf 86' lang='lat' dir='ltr'>curvata</span> 
     </span>
     <span class='ocr_line' id='line_1_37' title="bbox 142 2729 1073 2779; baseline 0.008 -18"><span class='ocrx_word' id='word_1_337' title='bbox 142 2729 332 2773; x_wconf 80' lang='lat' dir='ltr'>procubuit,</span> <span class='ocrx_word' id='word_1_338' title='bbox 351 2735 384 2763; x_wconf 85' lang='lat' dir='ltr'>et</span> <span class='ocrx_word' id='word_1_339' title='bbox 401 2731 561 2764; x_wconf 87' lang='lat' dir='ltr'>orationis</span> <span class='ocrx_word' id='word_1_340' title='bbox 578 2743 721 2777; x_wconf 89' lang='lat' dir='ltr'>pensum</span> <span class='ocrx_word' id='word_1_341' title='bbox 739 2732 860 2767; x_wconf 87' lang='lat' dir='ltr'>devota</span> <span class='ocrx_word' id='word_1_342' title='bbox 876 2734 1073 2779; x_wconf 87' lang='lat' dir='ltr'>persolvit.’⁷</span> 
     </span>
    </p>

    <p class='ocr_par' dir='ltr' id='par_1_7' title="bbox 190 2775 800 2823">
     <span class='ocr_line' id='line_1_38' title="bbox 190 2775 800 2823; baseline 0.008 -16"><span class='ocrx_word' id='word_1_343' title='bbox 190 2776 203 2795; x_wconf 83' lang='lat'>³</span> <span class='ocrx_word' id='word_1_344' title='bbox 228 2775 268 2808; x_wconf 92' lang='lat' dir='ltr'>In</span> <span class='ocrx_word' id='word_1_345' title='bbox 286 2776 343 2809; x_wconf 88' lang='lat' dir='ltr'>the</span> <span class='ocrx_word' id='word_1_346' title='bbox 363 2776 457 2810; x_wconf 83' lang='lat' dir='ltr'>Harl.</span> <span class='ocrx_word' id='word_1_347' title='bbox 476 2777 550 2810; x_wconf 91' lang='lat' dir='ltr'>MS.</span> <span class='ocrx_word' id='word_1_348' title='bbox 568 2778 706 2823; x_wconf 88' lang='lat' dir='ltr'>chapter</span> <span class='ocrx_word' id='word_1_349' title='bbox 724 2779 800 2812; x_wconf 88' lang='lat' dir='ltr'>LX.</span> 
     </span>
    </p>

    <p class='ocr_par' dir='ltr' id='par_1_8' title="bbox 188 2822 1671 2873">
     <span class='ocr_line' id='line_1_39' title="bbox 188 2822 1671 2873; baseline 0.006 -20"><span class='ocrx_word' id='word_1_350' title='bbox 188 2822 200 2841; x_wconf 79' lang='lat'><strong>⁴</strong></span> <span class='ocrx_word' id='word_1_351' title='bbox 220 2822 455 2869; x_wconf 60' lang='lat' dir='ltr'>Ilfizturitate]</span> <span class='ocrx_word' id='word_1_352' title='bbox 484 2823 557 2857; x_wconf 89' lang='lat' dir='ltr'>The</span> <span class='ocrx_word' id='word_1_353' title='bbox 576 2824 671 2859; x_wconf 86' lang='lat' dir='ltr'>Harl.</span> <span class='ocrx_word' id='word_1_354' title='bbox 691 2825 765 2858; x_wconf 91' lang='lat' dir='ltr'>MS.</span> <span class='ocrx_word' id='word_1_355' title='bbox 783 2825 891 2869; x_wconf 86' lang='lat' dir='ltr'>reads,</span> <span class='ocrx_word' id='word_1_356' title='bbox 910 2827 932 2844; x_wconf 81' lang='lat'><strong>“</strong></span> <span class='ocrx_word' id='word_1_357' title='bbox 943 2825 985 2859; x_wconf 86' lang='lat' dir='ltr'>ad</span> <span class='ocrx_word' id='word_1_358' title='bbox 1003 2838 1038 2860; x_wconf 89' lang='lat' dir='ltr'>se</span> <span class='ocrx_word' id='word_1_359' title='bbox 1056 2827 1119 2860; x_wconf 88' lang='lat' dir='ltr'>sub</span> <span class='ocrx_word' id='word_1_360' title='bbox 1137 2827 1235 2860; x_wconf 86' lang='lat' dir='ltr'>celeri</span> <span class='ocrx_word' id='word_1_361' title='bbox 1262 2827 1462 2872; x_wconf 85' lang='lat' dir='ltr'>migratione</span> <span class='ocrx_word' id='word_1_362' title='bbox 1488 2828 1671 2873; x_wconf 84' lang='lat' dir='ltr'>moderata,</span> 
     </span>
    </p>
   </div>
   <div class='ocr_carea' id='block_1_6' title="bbox 118 2851 1623 2962">
    <p class='ocr_par' dir='ltr' id='par_1_9' title="bbox 118 2851 1623 2962">
     <span class='ocr_line' id='line_1_40' title="bbox 118 2851 1623 2919; baseline 0.005 -19"><span class='ocrx_word' id='word_1_363' title='bbox 118 2851 121 2853; x_wconf 88' lang='lat'>.</span> <span class='ocrx_word' id='word_1_364' title='bbox 142 2879 219 2901; x_wconf 85' lang='lat' dir='ltr'>cum</span> <span class='ocrx_word' id='word_1_365' title='bbox 238 2869 470 2903; x_wconf 81' lang='lat' dir='ltr'>maturitate.”</span> <span class='ocrx_word' id='word_1_366' title='bbox 798 2872 811 2890; x_wconf 86' lang='lat'>⁵</span> <span class='ocrx_word' id='word_1_367' title='bbox 831 2872 998 2918; x_wconf 65' lang='lat' dir='ltr'>querri]</span> <span class='ocrx_word' id='word_1_368' title='bbox 1024 2873 1146 2907; x_wconf 88' lang='lat' dir='ltr'>Added</span> <span class='ocrx_word' id='word_1_369' title='bbox 1163 2874 1210 2919; x_wconf 88' lang='lat' dir='ltr'>by</span> <span class='ocrx_word' id='word_1_370' title='bbox 1227 2885 1246 2907; x_wconf 90' lang='lat' dir='ltr'>a</span> <span class='ocrx_word' id='word_1_371' title='bbox 1263 2874 1347 2907; x_wconf 87' lang='lat' dir='ltr'>later</span> <span class='ocrx_word' id='word_1_372' title='bbox 1363 2874 1452 2908; x_wconf 90' lang='lat' dir='ltr'>hand</span> <span class='ocrx_word' id='word_1_373' title='bbox 1472 2874 1506 2908; x_wconf 92' lang='lat' dir='ltr'>in</span> <span class='ocrx_word' id='word_1_374' title='bbox 1525 2874 1623 2909; x_wconf 90' lang='lat' dir='ltr'>Bodl.</span> 
     </span>
     <span class='ocr_line' id='line_1_41' title="bbox 187 2914 864 2962; baseline 0.006 -15"><span class='ocrx_word' id='word_1_375' title='bbox 187 2914 200 2933; x_wconf 79' lang='lat'>⁶</span> <span class='ocrx_word' id='word_1_376' title='bbox 219 2914 353 2960; x_wconf 68' lang='lat' dir='ltr'>Pedes]</span> <span class='ocrx_word' id='word_1_377' title='bbox 377 2915 796 2962; x_wconf 84' lang='lat' dir='ltr'>Pedibus—pertingebat,</span> <span class='ocrx_word' id='word_1_378' title='bbox 818 2918 864 2951; x_wconf 93' lang='lat' dir='ltr'>H.</span> 
     </span>
    </p>
   </div>
  </div>
 </body>
</html>
