<?xml version="1.0" encoding="UTF-8"?>
<!DOCTYPE html PUBLIC "-//W3C//DTD XHTML 1.0 Transitional//EN"
    "http://www.w3.org/TR/xhtml1/DTD/xhtml1-transitional.dtd">
<html xmlns="http://www.w3.org/1999/xhtml" xml:lang="en" lang="en">
 <head>
  <title>
</title>
<meta http-equiv="Content-Type" content="text/html;charset=utf-8" />
  <meta name='ocr-system' content='tesseract 3.04.00' />
  <meta name='ocr-capabilities' content='ocr_page ocr_carea ocr_par ocr_line ocrx_word'/>
</head>
<body>
  <div class='ocr_page' id='page_1' title='image "./libellusdevitaet00regi_0070.png"; bbox 0 0 1839 3186; ppageno 0'>
   <div class='ocr_carea' id='block_1_1' title="bbox 150 202 1146 246">
    <p class='ocr_par' dir='ltr' id='par_1_1' title="bbox 150 202 1146 246">
     <span class='ocr_line' id='line_1_1' title="bbox 150 202 1146 246; baseline 0.002 -4"><span class='ocrx_word' id='word_1_1' title='bbox 150 202 204 242; x_wconf 70' lang='lat'>24</span> <span class='ocrx_word' id='word_1_2' title='bbox 612 223 615 226; x_wconf 26' lang='grc' dir='ltr'><em>ι</em></span> <span class='ocrx_word' id='word_1_3' title='bbox 659 212 895 246; x_wconf 84' lang='lat' dir='ltr'>LIBELLUS</span> <span class='ocrx_word' id='word_1_4' title='bbox 931 213 1007 245; x_wconf 26' lang='lat' dir='ltr'>DE,</span> <span class='ocrx_word' id='word_1_5' title='bbox 1030 214 1146 245; x_wconf 84' lang='lat' dir='ltr'><strong>VITA</strong></span> 
     </span>
    </p>
   </div>
   <div class='ocr_carea' id='block_1_2' title="bbox 150 315 1684 1173">
    <p class='ocr_par' dir='ltr' id='par_1_2' title="bbox 150 315 1684 1173">
     <span class='ocr_line' id='line_1_2' title="bbox 150 315 1679 373; baseline -0.003 -14"><span class='ocrx_word' id='word_1_6' title='bbox 150 318 286 359; x_wconf 87' lang='lat' dir='ltr'>batur.</span> <span class='ocrx_word' id='word_1_7' title='bbox 379 318 459 371; x_wconf 73' lang='lat' dir='ltr'>Qui</span> <span class='ocrx_word' id='word_1_8' title='bbox 490 318 653 372; x_wconf 90' lang='lat' dir='ltr'>utrique</span> <span class='ocrx_word' id='word_1_9' title='bbox 695 332 808 359; x_wconf 88' lang='lat' dir='ltr'>sacro</span> <span class='ocrx_word' id='word_1_10' title='bbox 847 317 1099 373; x_wconf 87' lang='lat' dir='ltr'>baptismate</span> <span class='ocrx_word' id='word_1_11' title='bbox 1140 316 1305 373; x_wconf 84' lang='lat' dir='ltr'>perfusi,</span> <span class='ocrx_word' id='word_1_12' title='bbox 1347 315 1679 365; x_wconf 83' lang='lat' dir='ltr'>misericorditer,</span> 
     </span>
     <span class='ocr_line' id='line_1_3' title="bbox 153 383 1680 440; baseline -0.002 -15"><span class='ocrx_word' id='word_1_13' title='bbox 153 384 322 425; x_wconf 84' lang='lat' dir='ltr'>Domini</span> <span class='ocrx_word' id='word_1_14' title='bbox 344 385 585 440; x_wconf 88' lang='lat' dir='ltr'>providente</span> <span class='ocrx_word' id='word_1_15' title='bbox 603 385 834 434; x_wconf 89' lang='lat' dir='ltr'>clementia,</span> <span class='ocrx_word' id='word_1_16' title='bbox 859 385 908 426; x_wconf 90' lang='lat' dir='ltr'>de</span> <span class='ocrx_word' id='word_1_17' title='bbox 938 384 1117 426; x_wconf 89' lang='lat' dir='ltr'>secunda</span> <span class='ocrx_word' id='word_1_18' title='bbox 1132 383 1277 425; x_wconf 87' lang='lat' dir='ltr'>mortis</span> <span class='ocrx_word' id='word_1_19' title='bbox 1299 383 1564 425; x_wconf 76' lang='lat' dir='ltr'>damnatione</span> <span class='ocrx_word' id='word_1_20' title='bbox 1586 387 1680 431; x_wconf 80' lang='lat' dir='ltr'>sunt</span> 
     </span>
     <span class='ocr_line' id='line_1_4' title="bbox 152 449 1682 506; baseline -0.002 -14"><span class='ocrx_word' id='word_1_21' title='bbox 152 451 272 501; x_wconf 87' lang='lat' dir='ltr'>eruti,</span> <span class='ocrx_word' id='word_1_22' title='bbox 306 452 499 506; x_wconf 89' lang='lat' dir='ltr'>quoniam</span> <span class='ocrx_word' id='word_1_23' title='bbox 530 451 669 493; x_wconf 86' lang='lat' dir='ltr'>fratris</span> <span class='ocrx_word' id='word_1_24' title='bbox 701 451 762 493; x_wconf 88' lang='lat' dir='ltr'>sui</span> <span class='ocrx_word' id='word_1_25' title='bbox 790 451 1079 506; x_wconf 70' lang='lat' dir='ltr'>praenominati</span> <span class='ocrx_word' id='word_1_26' title='bbox 1111 450 1391 492; x_wconf 74' lang='lat' dir='ltr'>obtinentibus</span> <span class='ocrx_word' id='word_1_27' title='bbox 1422 449 1610 505; x_wconf 80' lang='lat' dir='ltr'>precibus</span> <span class='ocrx_word' id='word_1_28' title='bbox 1641 453 1682 489; x_wconf 87' lang='lat' dir='ltr'>et</span> 
     </span>
     <span class='ocr_line' id='line_1_5' title="bbox 151 515 1683 573; baseline -0.002 -15"><span class='ocrx_word' id='word_1_29' title='bbox 151 518 321 569; x_wconf 89' lang='lat' dir='ltr'>meritis,</span> <span class='ocrx_word' id='word_1_30' title='bbox 355 519 509 573; x_wconf 80' lang='lat' dir='ltr'>gaudia</span> <span class='ocrx_word' id='word_1_31' title='bbox 543 518 719 560; x_wconf 72' lang='lat' dir='ltr'>assecuti</span> <span class='ocrx_word' id='word_1_32' title='bbox 762 523 858 559; x_wconf 89' lang='lat' dir='ltr'>sunt</span> <span class='ocrx_word' id='word_1_33' title='bbox 898 523 1066 559; x_wconf 83' lang='lat' dir='ltr'>aeternae</span> <span class='ocrx_word' id='word_1_34' title='bbox 1108 517 1328 558; x_wconf 81' lang='lat' dir='ltr'>felicitatis.</span> <span class='ocrx_word' id='word_1_35' title='bbox 1401 517 1585 569; x_wconf 72' lang='lat' dir='ltr'>Quorum</span> <span class='ocrx_word' id='word_1_36' title='bbox 1616 515 1683 555; x_wconf 88' lang='lat' dir='ltr'>hic</span> 
     </span>
     <span class='ocr_line' id='line_1_6' title="bbox 151 582 1684 641; baseline -0.003 -15"><span class='ocrx_word' id='word_1_37' title='bbox 151 585 318 626; x_wconf 87' lang='lat' dir='ltr'>nomina</span> <span class='ocrx_word' id='word_1_38' title='bbox 361 584 570 641; x_wconf 56' lang='lat' dir='ltr'>praefigere</span> <span class='ocrx_word' id='word_1_39' title='bbox 612 600 705 626; x_wconf 90' lang='lat' dir='ltr'>cum</span> <span class='ocrx_word' id='word_1_40' title='bbox 747 600 820 626; x_wconf 91' lang='lat' dir='ltr'>suo</span> <span class='ocrx_word' id='word_1_41' title='bbox 861 589 1008 625; x_wconf 82' lang='lat' dir='ltr'>exortu</span> <span class='ocrx_word' id='word_1_42' title='bbox 1049 584 1312 625; x_wconf 88' lang='lat' dir='ltr'>commodum</span> <span class='ocrx_word' id='word_1_43' title='bbox 1348 583 1556 632; x_wconf 82' lang='lat' dir='ltr'>duximus,</span> <span class='ocrx_word' id='word_1_44' title='bbox 1589 582 1684 636; x_wconf 89' lang='lat' dir='ltr'>quia</span> 
     </span>
     <span class='ocr_line' id='line_1_7' title="bbox 152 649 1684 707; baseline -0.001 -15"><span class='ocrx_word' id='word_1_45' title='bbox 152 652 417 706; x_wconf 88' lang='lat' dir='ltr'>postmodum</span> <span class='ocrx_word' id='word_1_46' title='bbox 457 652 499 692; x_wconf 88' lang='lat' dir='ltr'>in</span> <span class='ocrx_word' id='word_1_47' title='bbox 541 667 732 707; x_wconf 89' lang='lat' dir='ltr'>processu</span> <span class='ocrx_word' id='word_1_48' title='bbox 763 657 804 692; x_wconf 92' lang='lat' dir='ltr'>et</span> <span class='ocrx_word' id='word_1_49' title='bbox 838 651 939 693; x_wconf 88' lang='lat' dir='ltr'>serie</span> <span class='ocrx_word' id='word_1_50' title='bbox 974 651 1184 692; x_wconf 84' lang='lat' dir='ltr'>relationis</span> <span class='ocrx_word' id='word_1_51' title='bbox 1223 650 1273 691; x_wconf 93' lang='lat' dir='ltr'>de</span> <span class='ocrx_word' id='word_1_52' title='bbox 1317 650 1415 705; x_wconf 89' lang='lat' dir='ltr'>ipsis</span> <span class='ocrx_word' id='word_1_53' title='bbox 1448 649 1684 690; x_wconf 89' lang='lat' dir='ltr'>distinctius</span> 
     </span>
     <span class='ocr_line' id='line_1_8' title="bbox 152 715 1684 773; baseline -0.001 -15"><span class='ocrx_word' id='word_1_54' title='bbox 152 723 331 760; x_wconf 88' lang='lat' dir='ltr'>tractare</span> <span class='ocrx_word' id='word_1_55' title='bbox 367 718 607 773; x_wconf 84' lang='lat' dir='ltr'>poterimus.</span> <span class='ocrx_word' id='word_1_56' title='bbox 671 718 730 758; x_wconf 90' lang='lat' dir='ltr'>Hi</span> <span class='ocrx_word' id='word_1_57' title='bbox 757 718 798 758; x_wconf 92' lang='lat' dir='ltr'>in</span> <span class='ocrx_word' id='word_1_58' title='bbox 834 717 1044 772; x_wconf 85' lang='lat' dir='ltr'>provincia</span> <span class='ocrx_word' id='word_1_59' title='bbox 1071 717 1303 773; x_wconf 79' lang='lat' dir='ltr'>Anglorum</span> <span class='ocrx_word' id='word_1_60' title='bbox 1335 732 1423 770; x_wconf 84' lang='lat' dir='ltr'>quae</span> <span class='ocrx_word' id='word_1_61' title='bbox 1455 715 1684 756; x_wconf 85' lang='lat' dir='ltr'>1Norhfolc</span> 
     </span>
     <span class='ocr_line' id='line_1_9' title="bbox 154 782 1684 838; baseline -0.002 -13"><span class='ocrx_word' id='word_1_62' title='bbox 154 785 317 835; x_wconf 88' lang='lat' dir='ltr'>dicitur,</span> <span class='ocrx_word' id='word_1_63' title='bbox 354 786 442 826; x_wconf 88' lang='lat' dir='ltr'>nati</span> <span class='ocrx_word' id='word_1_64' title='bbox 468 790 589 833; x_wconf 70' lang='lat' dir='ltr'>sunt,</span> <span class='ocrx_word' id='word_1_65' title='bbox 630 789 670 825; x_wconf 91' lang='lat' dir='ltr'>et</span> <span class='ocrx_word' id='word_1_66' title='bbox 706 784 748 825; x_wconf 91' lang='lat' dir='ltr'>in</span> <span class='ocrx_word' id='word_1_67' title='bbox 777 784 920 826; x_wconf 79' lang='lat' dir='ltr'>villula</span> <span class='ocrx_word' id='word_1_68' title='bbox 941 784 1121 838; x_wconf 88' lang='lat' dir='ltr'>quadam</span> <span class='ocrx_word' id='word_1_69' title='bbox 1152 798 1241 838; x_wconf 75' lang='lat' dir='ltr'>quae</span> <span class='ocrx_word' id='word_1_70' title='bbox 1268 782 1283 805; x_wconf 74' lang='lat'><strong>²</strong></span> <span class='ocrx_word' id='word_1_71' title='bbox 1301 782 1498 837; x_wconf 88' lang='lat' dir='ltr'>Hanapol</span> <span class='ocrx_word' id='word_1_72' title='bbox 1534 782 1684 823; x_wconf 88' lang='lat' dir='ltr'>dicitur</span> 
     </span>
     <span class='ocr_line' id='line_1_10' title="bbox 155 849 1683 905; baseline -0.001 -14"><span class='ocrx_word' id='word_1_73' title='bbox 155 851 328 901; x_wconf 85' lang='lat' dir='ltr'>oriundi,</span> <span class='ocrx_word' id='word_1_74' title='bbox 375 856 416 892; x_wconf 89' lang='lat' dir='ltr'>et</span> <span class='ocrx_word' id='word_1_75' title='bbox 446 851 674 892; x_wconf 81' lang='lat' dir='ltr'>diutissime</span> <span class='ocrx_word' id='word_1_76' title='bbox 706 851 747 891; x_wconf 91' lang='lat' dir='ltr'>in</span> <span class='ocrx_word' id='word_1_77' title='bbox 788 851 887 893; x_wconf 81' lang='lat' dir='ltr'>vitae</span> <span class='ocrx_word' id='word_1_78' title='bbox 921 865 1006 891; x_wconf 87' lang='lat' dir='ltr'>suae</span> <span class='ocrx_word' id='word_1_79' title='bbox 1043 849 1267 905; x_wconf 88' lang='lat' dir='ltr'>primordio</span> <span class='ocrx_word' id='word_1_80' title='bbox 1302 849 1531 891; x_wconf 85' lang='lat' dir='ltr'>conversati</span> <span class='ocrx_word' id='word_1_81' title='bbox 1573 853 1683 890; x_wconf 89' lang='lat' dir='ltr'>sunt.</span> 
     </span>
     <span class='ocr_line' id='line_1_11' title="bbox 156 915 1684 972; baseline -0.001 -14"><span class='ocrx_word' id='word_1_82' title='bbox 156 918 267 959; x_wconf 85' lang='lat' dir='ltr'>Puer</span> <span class='ocrx_word' id='word_1_83' title='bbox 288 933 384 959; x_wconf 87' lang='lat' dir='ltr'>vero</span> <span class='ocrx_word' id='word_1_84' title='bbox 408 917 577 958; x_wconf 87' lang='lat' dir='ltr'>Domini</span> <span class='ocrx_word' id='word_1_85' title='bbox 600 917 795 958; x_wconf 89' lang='lat' dir='ltr'>diuturno</span> <span class='ocrx_word' id='word_1_86' title='bbox 826 922 1011 972; x_wconf 89' lang='lat' dir='ltr'>tempore</span> <span class='ocrx_word' id='word_1_87' title='bbox 1040 918 1081 958; x_wconf 89' lang='lat' dir='ltr'>in</span> <span class='ocrx_word' id='word_1_88' title='bbox 1106 916 1307 966; x_wconf 88' lang='lat' dir='ltr'>omnibus,</span> <span class='ocrx_word' id='word_1_89' title='bbox 1331 916 1569 972; x_wconf 89' lang='lat' dir='ltr'>parentibus</span> <span class='ocrx_word' id='word_1_90' title='bbox 1590 915 1684 957; x_wconf 86' lang='lat' dir='ltr'>sub-</span> 
     </span>
     <span class='ocr_line' id='line_1_12' title="bbox 154 983 1684 1040; baseline -0.001 -16"><span class='ocrx_word' id='word_1_91' title='bbox 154 984 265 1026; x_wconf 90' lang='lat' dir='ltr'>ditus</span> <span class='ocrx_word' id='word_1_92' title='bbox 297 984 484 1027; x_wconf 82' lang='lat' dir='ltr'>exstitit:</span> <span class='ocrx_word' id='word_1_93' title='bbox 537 989 578 1025; x_wconf 90' lang='lat' dir='ltr'>et</span> <span class='ocrx_word' id='word_1_94' title='bbox 608 999 742 1025; x_wconf 89' lang='lat' dir='ltr'>mores</span> <span class='ocrx_word' id='word_1_95' title='bbox 776 989 816 1025; x_wconf 91' lang='lat' dir='ltr'>et</span> <span class='ocrx_word' id='word_1_96' title='bbox 847 985 990 1033; x_wconf 85' lang='lat' dir='ltr'>vitam,</span> <span class='ocrx_word' id='word_1_97' title='bbox 1015 983 1144 1040; x_wconf 79' lang='lat' dir='ltr'>juxta</span> <span class='ocrx_word' id='word_1_98' title='bbox 1182 989 1399 1038; x_wconf 90' lang='lat' dir='ltr'>parentum</span> <span class='ocrx_word' id='word_1_99' title='bbox 1436 983 1609 1023; x_wconf 86' lang='lat' dir='ltr'>formam</span> <span class='ocrx_word' id='word_1_100' title='bbox 1643 987 1684 1023; x_wconf 93' lang='lat' dir='ltr'>et</span> 
     </span>
     <span class='ocr_line' id='line_1_13' title="bbox 155 1049 1684 1106; baseline -0.001 -15"><span class='ocrx_word' id='word_1_101' title='bbox 155 1050 194 1091; x_wconf 90' lang='lat' dir='ltr'>in</span> <span class='ocrx_word' id='word_1_102' title='bbox 220 1051 331 1092; x_wconf 89' lang='lat' dir='ltr'>omni</span> <span class='ocrx_word' id='word_1_103' title='bbox 348 1052 590 1092; x_wconf 65' lang='lat' dir='ltr'>innocentiae</span> <span class='ocrx_word' id='word_1_104' title='bbox 611 1051 860 1101; x_wconf 86' lang='lat' dir='ltr'>humilitate,</span> <span class='ocrx_word' id='word_1_105' title='bbox 884 1051 1052 1106; x_wconf 88' lang='lat' dir='ltr'>pietate,</span> <span class='ocrx_word' id='word_1_106' title='bbox 1081 1066 1174 1093; x_wconf 89' lang='lat' dir='ltr'>cum</span> <span class='ocrx_word' id='word_1_107' title='bbox 1196 1050 1447 1092; x_wconf 63' lang='lat' dir='ltr'>suavissimae</span> <span class='ocrx_word' id='word_1_108' title='bbox 1469 1049 1684 1105; x_wconf 74' lang='lat' dir='ltr'>patientiae</span> 
     </span>
     <span class='ocr_line' id='line_1_14' title="bbox 157 1117 790 1173; baseline 0 -14"><span class='ocrx_word' id='word_1_109' title='bbox 157 1118 489 1173; x_wconf 81' lang='lat' dir='ltr'>longanimitate,</span> <span class='ocrx_word' id='word_1_110' title='bbox 513 1117 528 1139; x_wconf 75' lang='lat'><strong>3</strong></span> <span class='ocrx_word' id='word_1_111' title='bbox 545 1118 790 1173; x_wconf 81' lang='lat' dir='ltr'>composuit.</span> 
     </span>
    </p>
   </div>
   <div class='ocr_carea' id='block_1_3' title="bbox 204 1419 1639 1513">
    <p class='ocr_par' dir='ltr' id='par_1_3' title="bbox 204 1419 1639 1513">
     <span class='ocr_line' id='line_1_15' title="bbox 204 1419 1639 1456; baseline 0 -11"><span class='ocrx_word' id='word_1_112' title='bbox 204 1420 407 1449; x_wconf 73' lang='lat' dir='ltr'>QUALITER</span> <span class='ocrx_word' id='word_1_113' title='bbox 437 1420 482 1445; x_wconf 83' lang='lat' dir='ltr'>IN</span> <span class='ocrx_word' id='word_1_114' title='bbox 514 1419 812 1446; x_wconf 81' lang='lat' dir='ltr'><strong>ADOLESCENTIA</strong></span> <span class='ocrx_word' id='word_1_115' title='bbox 845 1420 1024 1456; x_wconf 78' lang='lat' dir='ltr'>VIXERIT,</span> <span class='ocrx_word' id='word_1_116' title='bbox 1064 1422 1139 1446; x_wconf 84' lang='lat' dir='ltr'>VEL</span> <span class='ocrx_word' id='word_1_117' title='bbox 1169 1421 1287 1447; x_wconf 81' lang='lat' dir='ltr'>cUJUS</span> <span class='ocrx_word' id='word_1_118' title='bbox 1320 1421 1433 1446; x_wconf 65' lang='lat' dir='ltr'>Aeris</span> <span class='ocrx_word' id='word_1_119' title='bbox 1467 1421 1639 1447; x_wconf 83' lang='lat' dir='ltr'><strong>NEGOTIA</strong></span> 
     </span>
     <span class='ocr_line' id='line_1_16' title="bbox 789 1471 1074 1513; baseline 0.004 -1"><span class='ocrx_word' id='word_1_120' title='bbox 789 1471 1074 1513; x_wconf 57' lang='grc' dir='ltr'>ΕιιΠΞΗΟΗΕΗΙΤ.4</span> 
     </span>
    </p>
   </div>
   <div class='ocr_carea' id='block_1_4' title="bbox 154 1587 1689 2041">
    <p class='ocr_par' dir='ltr' id='par_1_4' title="bbox 154 1587 1689 2041">
     <span class='ocr_line' id='line_1_17' title="bbox 215 1587 1686 1643; baseline 0.001 -16"><span class='ocrx_word' id='word_1_121' title='bbox 215 1587 232 1639; x_wconf 78' lang='lat'>§</span> <span class='ocrx_word' id='word_1_122' title='bbox 259 1589 326 1628; x_wconf 85' lang='lat'>11.</span> <span class='ocrx_word' id='word_1_123' title='bbox 366 1587 563 1628; x_wconf 71' lang='lat' dir='ltr'>SuaeEssn</span> <span class='ocrx_word' id='word_1_124' title='bbox 589 1602 685 1628; x_wconf 90' lang='lat' dir='ltr'>vero</span> <span class='ocrx_word' id='word_1_125' title='bbox 707 1587 903 1643; x_wconf 88' lang='lat' dir='ltr'>temporis</span> <span class='ocrx_word' id='word_1_126' title='bbox 926 1593 966 1628; x_wconf 89' lang='lat' dir='ltr'>et</span> <span class='ocrx_word' id='word_1_127' title='bbox 995 1588 1135 1629; x_wconf 74' lang='lat' dir='ltr'>aetatis</span> <span class='ocrx_word' id='word_1_128' title='bbox 1159 1588 1287 1629; x_wconf 89' lang='lat' dir='ltr'>crevit</span> <span class='ocrx_word' id='word_1_129' title='bbox 1318 1588 1358 1628; x_wconf 90' lang='lat' dir='ltr'>in</span> <span class='ocrx_word' id='word_1_130' title='bbox 1385 1603 1432 1628; x_wconf 90' lang='lat' dir='ltr'>eo</span> <span class='ocrx_word' id='word_1_131' title='bbox 1466 1587 1686 1642; x_wconf 82' lang='lat' dir='ltr'>multiplex</span> 
     </span>
     <span class='ocr_line' id='line_1_18' title="bbox 154 1653 1687 1709; baseline 0 -15"><span class='ocrx_word' id='word_1_132' title='bbox 154 1653 288 1694; x_wconf 83' lang='lat' dir='ltr'>forma</span> <span class='ocrx_word' id='word_1_133' title='bbox 322 1653 503 1695; x_wconf 87' lang='lat' dir='ltr'>virtutis.</span> <span class='ocrx_word' id='word_1_134' title='bbox 567 1653 765 1706; x_wconf 72' lang='lat' dir='ltr'>Quamvis</span> <span class='ocrx_word' id='word_1_135' title='bbox 801 1654 910 1695; x_wconf 80' lang='lat' dir='ltr'>enirn</span> <span class='ocrx_word' id='word_1_136' title='bbox 939 1654 1124 1709; x_wconf 72' lang='lat' dir='ltr'>pueritiae</span> <span class='ocrx_word' id='word_1_137' title='bbox 1155 1655 1390 1695; x_wconf 84' lang='lat' dir='ltr'>teneritudo</span> <span class='ocrx_word' id='word_1_138' title='bbox 1421 1654 1557 1695; x_wconf 89' lang='lat' dir='ltr'>adhuc</span> <span class='ocrx_word' id='word_1_139' title='bbox 1588 1654 1623 1694; x_wconf 90' lang='lat' dir='ltr'>ei</span> <span class='ocrx_word' id='word_1_140' title='bbox 1646 1654 1687 1694; x_wconf 88' lang='lat' dir='ltr'>in</span> 
     </span>
     <span class='ocr_line' id='line_1_19' title="bbox 158 1720 1688 1776; baseline 0.001 -15"><span class='ocrx_word' id='word_1_141' title='bbox 158 1720 275 1761; x_wconf 86' lang='lat' dir='ltr'>annis</span> <span class='ocrx_word' id='word_1_142' title='bbox 312 1720 541 1769; x_wconf 71' lang='lat' dir='ltr'>exsisteret,</span> <span class='ocrx_word' id='word_1_143' title='bbox 575 1720 850 1762; x_wconf 78' lang='lat' dir='ltr'>contendebat</span> <span class='ocrx_word' id='word_1_144' title='bbox 890 1736 1049 1776; x_wconf 88' lang='lat' dir='ltr'>semper</span> <span class='ocrx_word' id='word_1_145' title='bbox 1084 1726 1225 1762; x_wconf 89' lang='lat' dir='ltr'>tamen</span> <span class='ocrx_word' id='word_1_146' title='bbox 1261 1737 1311 1762; x_wconf 91' lang='lat' dir='ltr'>ne</span> <span class='ocrx_word' id='word_1_147' title='bbox 1345 1736 1527 1775; x_wconf 87' lang='lat' dir='ltr'>unquam</span> <span class='ocrx_word' id='word_1_148' title='bbox 1562 1720 1688 1762; x_wconf 88' lang='lat' dir='ltr'>animi</span> 
     </span>
     <span class='ocr_line' id='line_1_20' title="bbox 157 1786 1689 1842; baseline 0 -15"><span class='ocrx_word' id='word_1_149' title='bbox 157 1787 376 1828; x_wconf 90' lang='lat' dir='ltr'>levitatum</span> <span class='ocrx_word' id='word_1_150' title='bbox 412 1786 638 1828; x_wconf 88' lang='lat' dir='ltr'>insolentiis</span> <span class='ocrx_word' id='word_1_151' title='bbox 674 1802 726 1827; x_wconf 83' lang='lat' dir='ltr'>ex</span> <span class='ocrx_word' id='word_1_152' title='bbox 760 1787 911 1829; x_wconf 86' lang='lat' dir='ltr'>mentis</span> <span class='ocrx_word' id='word_1_153' title='bbox 949 1788 1086 1829; x_wconf 90' lang='lat' dir='ltr'>studio</span> <span class='ocrx_word' id='word_1_154' title='bbox 1123 1788 1375 1842; x_wconf 82' lang='lat' dir='ltr'>applicaret3</span> <span class='ocrx_word' id='word_1_155' title='bbox 1415 1803 1512 1828; x_wconf 84' lang='lat' dir='ltr'>nam</span> <span class='ocrx_word' id='word_1_156' title='bbox 1545 1787 1577 1829; x_wconf 89' lang='lat' dir='ltr'>si</span> <span class='ocrx_word' id='word_1_157' title='bbox 1615 1786 1689 1828; x_wconf 86' lang='lat' dir='ltr'>ali-</span> 
     </span>
     <span class='ocr_line' id='line_1_21' title="bbox 158 1853 1689 1909; baseline 0.001 -16"><span class='ocrx_word' id='word_1_158' title='bbox 158 1853 322 1907; x_wconf 89' lang='lat' dir='ltr'>quando</span> <span class='ocrx_word' id='word_1_159' title='bbox 358 1853 505 1894; x_wconf 87' lang='lat' dir='ltr'>levitas</span> <span class='ocrx_word' id='word_1_160' title='bbox 539 1854 690 1894; x_wconf 88' lang='lat' dir='ltr'>mentis</span> <span class='ocrx_word' id='word_1_161' title='bbox 726 1853 791 1894; x_wconf 85' lang='lat' dir='ltr'>vel</span> <span class='ocrx_word' id='word_1_162' title='bbox 828 1854 1022 1909; x_wconf 87' lang='lat' dir='ltr'>corporis,</span> <span class='ocrx_word' id='word_1_163' title='bbox 1064 1859 1209 1909; x_wconf 89' lang='lat' dir='ltr'>utpote</span> <span class='ocrx_word' id='word_1_164' title='bbox 1244 1854 1302 1894; x_wconf 90' lang='lat' dir='ltr'>illi</span> <span class='ocrx_word' id='word_1_165' title='bbox 1339 1854 1454 1895; x_wconf 73' lang='lat' dir='ltr'>aetati</span> <span class='ocrx_word' id='word_1_166' title='bbox 1489 1854 1689 1908; x_wconf 86' lang='lat' dir='ltr'>probatur</span> 
     </span>
     <span class='ocr_line' id='line_1_22' title="bbox 160 1919 1688 1975; baseline -0.001 -14"><span class='ocrx_word' id='word_1_167' title='bbox 160 1935 246 1961; x_wconf 87' lang='lat' dir='ltr'>esse</span> <span class='ocrx_word' id='word_1_168' title='bbox 269 1919 589 1970; x_wconf 77' lang='lat' dir='ltr'>consuetudinis,</span> <span class='ocrx_word' id='word_1_169' title='bbox 613 1920 806 1975; x_wconf 90' lang='lat' dir='ltr'>obripuit,</span> <span class='ocrx_word' id='word_1_170' title='bbox 830 1921 1117 1975; x_wconf 76' lang='lat' dir='ltr'>inexplicabile</span> <span class='ocrx_word' id='word_1_171' title='bbox 1148 1926 1239 1962; x_wconf 89' lang='lat' dir='ltr'>tum</span> <span class='ocrx_word' id='word_1_172' title='bbox 1270 1920 1563 1961; x_wconf 81' lang='lat' dir='ltr'>moderationis</span> <span class='ocrx_word' id='word_1_173' title='bbox 1594 1936 1688 1974; x_wconf 89' lang='lat' dir='ltr'>pru—</span> 
     </span>
     <span class='ocr_line' id='line_1_23' title="bbox 163 1986 1688 2041; baseline 0 -14"><span class='ocrx_word' id='word_1_174' title='bbox 163 1986 304 2027; x_wconf 89' lang='lat' dir='ltr'>dentia</span> <span class='ocrx_word' id='word_1_175' title='bbox 333 2001 418 2027; x_wconf 86' lang='lat' dir='ltr'>sese</span> <span class='ocrx_word' id='word_1_176' title='bbox 449 1986 490 2027; x_wconf 88' lang='lat' dir='ltr'>in</span> <span class='ocrx_word' id='word_1_177' title='bbox 526 1986 716 2028; x_wconf 85' lang='lat' dir='ltr'>omnibus</span> <span class='ocrx_word' id='word_1_178' title='bbox 752 1987 980 2028; x_wconf 88' lang='lat' dir='ltr'>cohibendo</span> <span class='ocrx_word' id='word_1_179' title='bbox 1016 1987 1262 2029; x_wconf 72' lang='lat' dir='ltr'>refraenavit.</span> <span class='ocrx_word' id='word_1_180' title='bbox 1327 1986 1395 2027; x_wconf 81' lang='lat' dir='ltr'>Sic.</span> <span class='ocrx_word' id='word_1_181' title='bbox 1416 1987 1555 2040; x_wconf 87' lang='lat' dir='ltr'>itaque</span> <span class='ocrx_word' id='word_1_182' title='bbox 1587 2001 1688 2041; x_wconf 87' lang='lat' dir='ltr'>pue-</span> 
     </span>
    </p>
   </div>
   <div class='ocr_carea' id='block_1_5' title="bbox 160 2128 1694 2963">
    <p class='ocr_par' dir='ltr' id='par_1_5' title="bbox 208 2128 729 2174">
     <span class='ocr_line' id='line_1_24' title="bbox 208 2128 729 2174; baseline -0.002 -11"><span class='ocrx_word' id='word_1_183' title='bbox 208 2130 217 2148; x_wconf 95' lang='lat'>¹</span> <span class='ocrx_word' id='word_1_184' title='bbox 248 2129 438 2174; x_wconf 59' lang='lat' dir='ltr'>Norlgfolc]</span> <span class='ocrx_word' id='word_1_185' title='bbox 464 2128 658 2170; x_wconf 81' lang='lat' dir='ltr'>Northfolc,</span> <span class='ocrx_word' id='word_1_186' title='bbox 682 2128 729 2162; x_wconf 91' lang='lat' dir='ltr'>H.</span> 
     </span>
    </p>

    <p class='ocr_par' dir='ltr' id='par_1_6' title="bbox 160 2172 1689 2403">
     <span class='ocr_line' id='line_1_25' title="bbox 206 2172 1688 2221; baseline -0.001 -12"><span class='ocrx_word' id='word_1_187' title='bbox 206 2177 219 2197; x_wconf 86' lang='lat'><strong>2</strong></span> <span class='ocrx_word' id='word_1_188' title='bbox 247 2175 431 2221; x_wconf 65' lang='lat' dir='ltr'>Hanapol]</span> <span class='ocrx_word' id='word_1_189' title='bbox 461 2175 544 2208; x_wconf 90' lang='lat' dir='ltr'>This</span> <span class='ocrx_word' id='word_1_190' title='bbox 562 2176 590 2209; x_wconf 82' lang='lat' dir='ltr'>is</span> <span class='ocrx_word' id='word_1_191' title='bbox 608 2175 679 2209; x_wconf 79' lang='lat' dir='ltr'>also</span> <span class='ocrx_word' id='word_1_192' title='bbox 696 2175 754 2207; x_wconf 89' lang='lat' dir='ltr'>the</span> <span class='ocrx_word' id='word_1_193' title='bbox 779 2173 918 2218; x_wconf 81' lang='lat' dir='ltr'>reading</span> <span class='ocrx_word' id='word_1_194' title='bbox 942 2173 980 2206; x_wconf 87' lang='lat' dir='ltr'>of</span> <span class='ocrx_word' id='word_1_195' title='bbox 1000 2173 1057 2206; x_wconf 89' lang='lat' dir='ltr'>the</span> <span class='ocrx_word' id='word_1_196' title='bbox 1085 2172 1179 2206; x_wconf 83' lang='lat' dir='ltr'>Harl.</span> <span class='ocrx_word' id='word_1_197' title='bbox 1199 2172 1296 2214; x_wconf 81' lang='lat' dir='ltr'><strong>MS.;</strong></span> <span class='ocrx_word' id='word_1_198' title='bbox 1320 2173 1381 2206; x_wconf 89' lang='lat' dir='ltr'>but</span> <span class='ocrx_word' id='word_1_199' title='bbox 1398 2173 1455 2206; x_wconf 90' lang='lat' dir='ltr'>the</span> <span class='ocrx_word' id='word_1_200' title='bbox 1478 2185 1688 2218; x_wconf 87' lang='lat' dir='ltr'>anonymous</span> 
     </span>
     <span class='ocr_line' id='line_1_26' title="bbox 160 2218 1688 2268; baseline -0.001 -12"><span class='ocrx_word' id='word_1_201' title='bbox 160 2223 293 2268; x_wconf 76' lang='lat' dir='ltr'>legend,</span> <span class='ocrx_word' id='word_1_202' title='bbox 312 2234 347 2256; x_wconf 88' lang='lat' dir='ltr'>as</span> <span class='ocrx_word' id='word_1_203' title='bbox 360 2222 459 2267; x_wconf 78' lang='lat' dir='ltr'>given</span> <span class='ocrx_word' id='word_1_204' title='bbox 477 2228 510 2255; x_wconf 85' lang='lat' dir='ltr'>at</span> <span class='ocrx_word' id='word_1_205' title='bbox 528 2222 585 2255; x_wconf 87' lang='lat' dir='ltr'>the</span> <span class='ocrx_word' id='word_1_206' title='bbox 600 2222 664 2255; x_wconf 87' lang='lat' dir='ltr'>end</span> <span class='ocrx_word' id='word_1_207' title='bbox 683 2222 720 2254; x_wconf 84' lang='lat' dir='ltr'>of</span> <span class='ocrx_word' id='word_1_208' title='bbox 733 2221 800 2254; x_wconf 79' lang='lat' dir='ltr'>this</span> <span class='ocrx_word' id='word_1_209' title='bbox 818 2220 966 2265; x_wconf 83' lang='lat' dir='ltr'>chapter,</span> <span class='ocrx_word' id='word_1_210' title='bbox 984 2219 1050 2252; x_wconf 86' lang='lat' dir='ltr'>and</span> <span class='ocrx_word' id='word_1_211' title='bbox 1068 2218 1264 2252; x_wconf 76' lang='lat' dir='ltr'>Wendover</span> <span class='ocrx_word' id='word_1_212' title='bbox 1281 2219 1360 2252; x_wconf 88' lang='lat' dir='ltr'>here</span> <span class='ocrx_word' id='word_1_213' title='bbox 1374 2220 1464 2262; x_wconf 81' lang='lat' dir='ltr'>read,</span> <span class='ocrx_word' id='word_1_214' title='bbox 1480 2221 1500 2237; x_wconf 81' lang='lat'><strong>“</strong></span> <span class='ocrx_word' id='word_1_215' title='bbox 1513 2220 1688 2265; x_wconf 55' lang='lat' dir='ltr'>lValpols’</span> 
     </span>
     <span class='ocr_line' id='line_1_27' title="bbox 164 2265 1689 2314; baseline -0.001 -12"><span class='ocrx_word' id='word_1_216' title='bbox 164 2269 196 2302; x_wconf 88' lang='lat' dir='ltr'>It</span> <span class='ocrx_word' id='word_1_217' title='bbox 214 2270 242 2303; x_wconf 83' lang='lat' dir='ltr'>is</span> <span class='ocrx_word' id='word_1_218' title='bbox 254 2275 312 2302; x_wconf 94' lang='lat' dir='ltr'>not</span> <span class='ocrx_word' id='word_1_219' title='bbox 329 2268 524 2302; x_wconf 85' lang='lat' dir='ltr'>mentioned</span> <span class='ocrx_word' id='word_1_220' title='bbox 542 2269 587 2314; x_wconf 90' lang='lat' dir='ltr'>by</span> <span class='ocrx_word' id='word_1_221' title='bbox 600 2267 742 2302; x_wconf 85' lang='lat' dir='ltr'>Galfrid.</span> <span class='ocrx_word' id='word_1_222' title='bbox 773 2266 933 2311; x_wconf 60' lang='lat' dir='ltr'>WValpole</span> <span class='ocrx_word' id='word_1_223' title='bbox 947 2267 974 2299; x_wconf 87' lang='lat' dir='ltr'>is</span> <span class='ocrx_word' id='word_1_224' title='bbox 989 2265 1135 2299; x_wconf 85' lang='lat' dir='ltr'>situated</span> <span class='ocrx_word' id='word_1_225' title='bbox 1147 2266 1180 2298; x_wconf 89' lang='lat' dir='ltr'>in</span> <span class='ocrx_word' id='word_1_226' title='bbox 1193 2265 1250 2299; x_wconf 89' lang='lat' dir='ltr'>the</span> <span class='ocrx_word' id='word_1_227' title='bbox 1264 2272 1390 2311; x_wconf 88' lang='lat' dir='ltr'>county</span> <span class='ocrx_word' id='word_1_228' title='bbox 1407 2267 1444 2299; x_wconf 83' lang='lat' dir='ltr'>of</span> <span class='ocrx_word' id='word_1_229' title='bbox 1459 2266 1616 2310; x_wconf 83' lang='lat' dir='ltr'>Norfolk,</span> <span class='ocrx_word' id='word_1_230' title='bbox 1628 2267 1689 2300; x_wconf 90' lang='lat' dir='ltr'>but</span> 
     </span>
     <span class='ocr_line' id='line_1_28' title="bbox 161 2310 1689 2360; baseline -0.001 -12"><span class='ocrx_word' id='word_1_231' title='bbox 161 2323 220 2349; x_wconf 86' lang='lat' dir='ltr'>not</span> <span class='ocrx_word' id='word_1_232' title='bbox 238 2328 274 2348; x_wconf 83' lang='lat' dir='ltr'>so</span> <span class='ocrx_word' id='word_1_233' title='bbox 294 2315 462 2360; x_wconf 87' lang='lat' dir='ltr'>Hanpole.</span> <span class='ocrx_word' id='word_1_234' title='bbox 509 2315 589 2358; x_wconf 81' lang='lat' dir='ltr'>But,</span> <span class='ocrx_word' id='word_1_235' title='bbox 608 2327 649 2348; x_wconf 92' lang='lat' dir='ltr'>on</span> <span class='ocrx_word' id='word_1_236' title='bbox 664 2314 721 2347; x_wconf 90' lang='lat' dir='ltr'>the</span> <span class='ocrx_word' id='word_1_237' title='bbox 739 2313 834 2347; x_wconf 87' lang='lat' dir='ltr'>other</span> <span class='ocrx_word' id='word_1_238' title='bbox 851 2313 952 2356; x_wconf 87' lang='lat' dir='ltr'>hand,</span> <span class='ocrx_word' id='word_1_239' title='bbox 971 2313 998 2346; x_wconf 89' lang='lat' dir='ltr'>it</span> <span class='ocrx_word' id='word_1_240' title='bbox 1022 2323 1161 2357; x_wconf 84' lang='lat' dir='ltr'>appears</span> <span class='ocrx_word' id='word_1_241' title='bbox 1186 2312 1270 2345; x_wconf 86' lang='lat' dir='ltr'>from</span> <span class='ocrx_word' id='word_1_242' title='bbox 1292 2310 1309 2357; x_wconf 67' lang='grc' dir='ltr'><strong><em>ξ</em></strong></span> <span class='ocrx_word' id='word_1_243' title='bbox 1332 2316 1374 2346; x_wconf 80' lang='grc'>12</span> <span class='ocrx_word' id='word_1_244' title='bbox 1394 2313 1467 2346; x_wconf 82' lang='lat' dir='ltr'>that</span> <span class='ocrx_word' id='word_1_245' title='bbox 1483 2313 1537 2346; x_wconf 87' lang='lat' dir='ltr'>his</span> <span class='ocrx_word' id='word_1_246' title='bbox 1554 2319 1689 2358; x_wconf 84' lang='lat' dir='ltr'>parents</span> 
     </span>
     <span class='ocr_line' id='line_1_29' title="bbox 162 2358 1269 2403; baseline -0.002 -8"><span class='ocrx_word' id='word_1_247' title='bbox 162 2361 294 2396; x_wconf 84' lang='lat' dir='ltr'>resided</span> <span class='ocrx_word' id='word_1_248' title='bbox 312 2374 353 2394; x_wconf 92' lang='lat' dir='ltr'>on</span> <span class='ocrx_word' id='word_1_249' title='bbox 372 2361 429 2394; x_wconf 87' lang='lat' dir='ltr'>the</span> <span class='ocrx_word' id='word_1_250' title='bbox 448 2361 681 2395; x_wconf 86' lang='lat' dir='ltr'>Lincolnshirc</span> <span class='ocrx_word' id='word_1_251' title='bbox 699 2366 802 2403; x_wconf 83' lang='lat' dir='ltr'>coast,</span> <span class='ocrx_word' id='word_1_252' title='bbox 819 2371 900 2392; x_wconf 88' lang='lat' dir='ltr'>near</span> <span class='ocrx_word' id='word_1_253' title='bbox 917 2359 974 2392; x_wconf 89' lang='lat' dir='ltr'>the</span> <span class='ocrx_word' id='word_1_254' title='bbox 991 2359 1077 2392; x_wconf 81' lang='lat' dir='ltr'>river</span> <span class='ocrx_word' id='word_1_255' title='bbox 1095 2358 1142 2391; x_wconf 87' lang='lat' dir='ltr'>W</span> <span class='ocrx_word' id='word_1_256' title='bbox 1146 2358 1269 2393; x_wconf 88' lang='lat' dir='ltr'>elland.</span> 
     </span>
    </p>

    <p class='ocr_par' dir='ltr' id='par_1_7' title="bbox 161 2405 1694 2871">
     <span class='ocr_line' id='line_1_30' title="bbox 209 2405 1694 2454; baseline -0.002 -12"><span class='ocrx_word' id='word_1_257' title='bbox 209 2409 222 2427; x_wconf 82' lang='lat'><strong>³</strong></span> <span class='ocrx_word' id='word_1_258' title='bbox 250 2407 463 2454; x_wconf 68' lang='lat' dir='ltr'>Composuit]</span> <span class='ocrx_word' id='word_1_259' title='bbox 493 2407 566 2441; x_wconf 88' lang='lat' dir='ltr'>The</span> <span class='ocrx_word' id='word_1_260' title='bbox 584 2418 794 2452; x_wconf 87' lang='lat' dir='ltr'>anonymous</span> <span class='ocrx_word' id='word_1_261' title='bbox 813 2405 975 2439; x_wconf 88' lang='lat' dir='ltr'>Harleian</span> <span class='ocrx_word' id='word_1_262' title='bbox 994 2405 1158 2438; x_wconf 79' lang='lat' dir='ltr'>Ms.tl1us</span> <span class='ocrx_word' id='word_1_263' title='bbox 1173 2417 1381 2450; x_wconf 84' lang='lat' dir='ltr'>eompresses</span> <span class='ocrx_word' id='word_1_264' title='bbox 1398 2405 1456 2439; x_wconf 90' lang='lat' dir='ltr'>the</span> <span class='ocrx_word' id='word_1_265' title='bbox 1472 2406 1639 2439; x_wconf 84' lang='lat' dir='ltr'>narrative</span> <span class='ocrx_word' id='word_1_266' title='bbox 1656 2406 1694 2439; x_wconf 82' lang='lat' dir='ltr'>of</span> 
     </span>
     <span class='ocr_line' id='line_1_31' title="bbox 162 2451 1691 2500; baseline -0.002 -12"><span class='ocrx_word' id='word_1_267' title='bbox 162 2455 359 2500; x_wconf 85' lang='lat' dir='ltr'>Reginald’s</span> <span class='ocrx_word' id='word_1_268' title='bbox 376 2454 450 2487; x_wconf 89' lang='lat' dir='ltr'>first</span> <span class='ocrx_word' id='word_1_269' title='bbox 467 2454 532 2486; x_wconf 84' lang='lat' dir='ltr'>and</span> <span class='ocrx_word' id='word_1_270' title='bbox 550 2454 674 2487; x_wconf 85' lang='lat' dir='ltr'>second</span> <span class='ocrx_word' id='word_1_271' title='bbox 701 2453 878 2497; x_wconf 83' lang='lat' dir='ltr'>chapters:</span> <span class='ocrx_word' id='word_1_272' title='bbox 906 2452 1041 2485; x_wconf 85' lang='lat' dir='ltr'>“Pater</span> <span class='ocrx_word' id='word_1_273' title='bbox 1065 2451 1173 2485; x_wconf 84' lang='lat' dir='ltr'>sancti</span> <span class='ocrx_word' id='word_1_274' title='bbox 1198 2451 1299 2495; x_wconf 81' lang='lat' dir='ltr'>hujus</span> <span class='ocrx_word' id='word_1_275' title='bbox 1327 2452 1386 2485; x_wconf 88' lang='lat' dir='ltr'>viri</span> <span class='ocrx_word' id='word_1_276' title='bbox 1413 2452 1522 2485; x_wconf 86' lang='lat' dir='ltr'>dictus</span> <span class='ocrx_word' id='word_1_277' title='bbox 1549 2458 1599 2485; x_wconf 88' lang='lat' dir='ltr'>est</span> <span class='ocrx_word' id='word_1_278' title='bbox 1616 2452 1691 2485; x_wconf 90' lang='lat' dir='ltr'>Ail-</span> 
     </span>
     <span class='ocr_line' id='line_1_32' title="bbox 162 2498 1690 2544; baseline -0.002 -10"><span class='ocrx_word' id='word_1_279' title='bbox 162 2502 305 2544; x_wconf 84' lang='lat' dir='ltr'>wardus,</span> <span class='ocrx_word' id='word_1_280' title='bbox 323 2506 431 2534; x_wconf 87' lang='lat' dir='ltr'>mater</span> <span class='ocrx_word' id='word_1_281' title='bbox 449 2511 525 2533; x_wconf 92' lang='lat' dir='ltr'>vero</span> <span class='ocrx_word' id='word_1_282' title='bbox 545 2500 728 2542; x_wconf 83' lang='lat' dir='ltr'>Edwenna,</span> <span class='ocrx_word' id='word_1_283' title='bbox 746 2499 880 2532; x_wconf 83' lang='lat' dir='ltr'>fortuna</span> <span class='ocrx_word' id='word_1_284' title='bbox 904 2498 1041 2543; x_wconf 86' lang='lat' dir='ltr'>quidem</span> <span class='ocrx_word' id='word_1_285' title='bbox 1067 2503 1100 2531; x_wconf 89' lang='lat' dir='ltr'>et</span> <span class='ocrx_word' id='word_1_286' title='bbox 1118 2498 1245 2531; x_wconf 84' lang='lat' dir='ltr'>divitiis</span> <span class='ocrx_word' id='word_1_287' title='bbox 1270 2504 1401 2538; x_wconf 84' lang='lat' dir='ltr'>tenues,</span> <span class='ocrx_word' id='word_1_288' title='bbox 1427 2499 1486 2531; x_wconf 88' lang='lat' dir='ltr'>sed</span> <span class='ocrx_word' id='word_1_289' title='bbox 1506 2499 1640 2542; x_wconf 83' lang='lat' dir='ltr'>justitia</span> <span class='ocrx_word' id='word_1_290' title='bbox 1658 2504 1690 2531; x_wconf 89' lang='lat' dir='ltr'>et</span> 
     </span>
     <span class='ocr_line' id='line_1_33' title="bbox 163 2544 1690 2589; baseline -0.002 -8"><span class='ocrx_word' id='word_1_291' title='bbox 163 2548 344 2581; x_wconf 85' lang='lat' dir='ltr'>virtutibus</span> <span class='ocrx_word' id='word_1_292' title='bbox 370 2546 591 2580; x_wconf 83' lang='lat' dir='ltr'>abundantes.</span> <span class='ocrx_word' id='word_1_293' title='bbox 642 2546 709 2588; x_wconf 82' lang='lat' dir='ltr'>Qui</span> <span class='ocrx_word' id='word_1_294' title='bbox 736 2545 777 2578; x_wconf 89' lang='lat' dir='ltr'>de</span> <span class='ocrx_word' id='word_1_295' title='bbox 802 2544 990 2578; x_wconf 88' lang='lat' dir='ltr'>Nordfolca</span> <span class='ocrx_word' id='word_1_296' title='bbox 1016 2545 1087 2577; x_wconf 87' lang='lat' dir='ltr'>nati</span> <span class='ocrx_word' id='word_1_297' title='bbox 1113 2550 1202 2587; x_wconf 87' lang='lat' dir='ltr'>sunt,</span> <span class='ocrx_word' id='word_1_298' title='bbox 1230 2549 1262 2577; x_wconf 86' lang='lat' dir='ltr'>et</span> <span class='ocrx_word' id='word_1_299' title='bbox 1289 2545 1323 2577; x_wconf 88' lang='lat' dir='ltr'>in</span> <span class='ocrx_word' id='word_1_300' title='bbox 1354 2544 1432 2577; x_wconf 87' lang='lat' dir='ltr'>villa</span> <span class='ocrx_word' id='word_1_301' title='bbox 1462 2557 1535 2589; x_wconf 85' lang='lat' dir='ltr'>quae</span> <span class='ocrx_word' id='word_1_302' title='bbox 1567 2545 1690 2578; x_wconf 88' lang='lat' dir='ltr'>dicitur</span> 
     </span>
     <span class='ocr_line' id='line_1_34' title="bbox 163 2591 1691 2639; baseline -0.003 -12"><span class='ocrx_word' id='word_1_303' title='bbox 163 2594 348 2639; x_wconf 81' lang='lat' dir='ltr'>Wallepol,</span> <span class='ocrx_word' id='word_1_304' title='bbox 367 2593 557 2626; x_wconf 84' lang='lat' dir='ltr'>diutissime</span> <span class='ocrx_word' id='word_1_305' title='bbox 575 2592 772 2626; x_wconf 83' lang='lat' dir='ltr'>conversati.</span> <span class='ocrx_word' id='word_1_306' title='bbox 822 2591 921 2624; x_wconf 87' lang='lat' dir='ltr'>Recti</span> <span class='ocrx_word' id='word_1_307' title='bbox 940 2596 972 2623; x_wconf 92' lang='lat' dir='ltr'>et</span> <span class='ocrx_word' id='word_1_308' title='bbox 990 2591 1197 2633; x_wconf 86' lang='lat' dir='ltr'>innocentes,</span> <span class='ocrx_word' id='word_1_309' title='bbox 1216 2596 1249 2623; x_wconf 86' lang='lat' dir='ltr'>et</span> <span class='ocrx_word' id='word_1_310' title='bbox 1263 2602 1374 2623; x_wconf 86' lang='lat' dir='ltr'>coram</span> <span class='ocrx_word' id='word_1_311' title='bbox 1394 2591 1467 2624; x_wconf 92' lang='lat' dir='ltr'>Deo</span> <span class='ocrx_word' id='word_1_312' title='bbox 1493 2591 1691 2636; x_wconf 84' lang='lat' dir='ltr'>simpliciter</span> 
     </span>
     <span class='ocr_line' id='line_1_35' title="bbox 164 2636 1691 2681; baseline -0.002 -8"><span class='ocrx_word' id='word_1_313' title='bbox 164 2641 375 2673; x_wconf 83' lang='lat' dir='ltr'>ambulantes</span> <span class='ocrx_word' id='word_1_314' title='bbox 450 2639 496 2672; x_wconf 88' lang='lat' dir='ltr'>Hi</span> <span class='ocrx_word' id='word_1_315' title='bbox 523 2651 599 2672; x_wconf 88' lang='lat' dir='ltr'>cum</span> <span class='ocrx_word' id='word_1_316' title='bbox 626 2638 776 2672; x_wconf 85' lang='lat' dir='ltr'>sobolem</span> <span class='ocrx_word' id='word_1_317' title='bbox 801 2649 868 2670; x_wconf 90' lang='lat' dir='ltr'>non</span> <span class='ocrx_word' id='word_1_318' title='bbox 892 2637 1066 2679; x_wconf 87' lang='lat' dir='ltr'>haberent,</span> <span class='ocrx_word' id='word_1_319' title='bbox 1092 2636 1221 2669; x_wconf 79' lang='lat' dir='ltr'>devotis</span> <span class='ocrx_word' id='word_1_320' title='bbox 1246 2636 1402 2681; x_wconf 83' lang='lat' dir='ltr'>precibus</span> <span class='ocrx_word' id='word_1_321' title='bbox 1431 2637 1626 2679; x_wconf 84' lang='lat' dir='ltr'>adorabant,</span> <span class='ocrx_word' id='word_1_322' title='bbox 1653 2643 1691 2670; x_wconf 89' lang='lat' dir='ltr'>ut</span> 
     </span>
     <span class='ocr_line' id='line_1_36' title="bbox 161 2683 1691 2731; baseline -0.003 -11"><span class='ocrx_word' id='word_1_323' title='bbox 161 2687 289 2731; x_wconf 86' lang='lat' dir='ltr'>prolem</span> <span class='ocrx_word' id='word_1_324' title='bbox 308 2687 350 2720; x_wconf 90' lang='lat' dir='ltr'>ad</span> <span class='ocrx_word' id='word_1_325' title='bbox 364 2686 428 2719; x_wconf 88' lang='lat' dir='ltr'>Dei</span> <span class='ocrx_word' id='word_1_326' title='bbox 447 2685 575 2719; x_wconf 88' lang='lat' dir='ltr'>cultum</span> <span class='ocrx_word' id='word_1_327' title='bbox 593 2685 749 2718; x_wconf 85' lang='lat' dir='ltr'>idoneam</span> <span class='ocrx_word' id='word_1_328' title='bbox 774 2689 982 2728; x_wconf 82' lang='lat' dir='ltr'>generarent.</span> <span class='ocrx_word' id='word_1_329' title='bbox 1031 2683 1195 2727; x_wconf 86' lang='lat' dir='ltr'>Concepit</span> <span class='ocrx_word' id='word_1_330' title='bbox 1220 2683 1321 2727; x_wconf 87' lang='lat' dir='ltr'>igitur</span> <span class='ocrx_word' id='word_1_331' title='bbox 1346 2683 1478 2727; x_wconf 86' lang='lat' dir='ltr'>mulier,</span> <span class='ocrx_word' id='word_1_332' title='bbox 1504 2689 1537 2716; x_wconf 87' lang='lat' dir='ltr'>et</span> <span class='ocrx_word' id='word_1_333' title='bbox 1562 2683 1691 2728; x_wconf 84' lang='lat' dir='ltr'>peperit</span> 
     </span>
     <span class='ocr_line' id='line_1_37' title="bbox 164 2729 1691 2778; baseline -0.002 -12"><span class='ocrx_word' id='word_1_334' title='bbox 164 2733 284 2776; x_wconf 74' lang='lat' dir='ltr'>filiuni,</span> <span class='ocrx_word' id='word_1_335' title='bbox 303 2734 358 2778; x_wconf 84' lang='lat' dir='ltr'>qui</span> <span class='ocrx_word' id='word_1_336' title='bbox 379 2733 488 2766; x_wconf 87' lang='lat' dir='ltr'>dictus</span> <span class='ocrx_word' id='word_1_337' title='bbox 506 2744 548 2765; x_wconf 82' lang='lat' dir='ltr'>ex</span> <span class='ocrx_word' id='word_1_338' title='bbox 566 2731 687 2777; x_wconf 82' lang='lat' dir='ltr'>patrini</span> <span class='ocrx_word' id='word_1_339' title='bbox 706 2731 757 2764; x_wconf 83' lang='lat' dir='ltr'>sui</span> <span class='ocrx_word' id='word_1_340' title='bbox 776 2730 1000 2775; x_wconf 83' lang='lat' dir='ltr'>appellatione</span> <span class='ocrx_word' id='word_1_341' title='bbox 1017 2729 1197 2769; x_wconf 81' lang='lat' dir='ltr'>Godrieus,</span> <span class='ocrx_word' id='word_1_342' title='bbox 1215 2729 1304 2773; x_wconf 89' lang='lat' dir='ltr'>quod</span> <span class='ocrx_word' id='word_1_343' title='bbox 1322 2729 1569 2774; x_wconf 84' lang='lat' dir='ltr'>interpretatur,</span> <span class='ocrx_word' id='word_1_344' title='bbox 1588 2732 1608 2748; x_wconf 67' lang='lat'>‘⁶</span> <span class='ocrx_word' id='word_1_345' title='bbox 1622 2730 1691 2763; x_wconf 83' lang='lat' dir='ltr'>Bo-</span> 
     </span>
     <span class='ocr_line' id='line_1_38' title="bbox 165 2775 1690 2823; baseline -0.002 -10"><span class='ocrx_word' id='word_1_346' title='bbox 165 2791 245 2812; x_wconf 87' lang='lat' dir='ltr'>num</span> <span class='ocrx_word' id='word_1_347' title='bbox 265 2779 445 2823; x_wconf 77' lang='lat' dir='ltr'>Regnum’&#39;</span> <span class='ocrx_word' id='word_1_348' title='bbox 464 2779 534 2812; x_wconf 83' lang='lat' dir='ltr'>sive</span> <span class='ocrx_word' id='word_1_349' title='bbox 551 2778 649 2811; x_wconf 89' lang='lat' dir='ltr'>“Dei</span> <span class='ocrx_word' id='word_1_350' title='bbox 668 2776 860 2821; x_wconf 79' lang='lat' dir='ltr'>Regnum.’&#39;</span> <span class='ocrx_word' id='word_1_351' title='bbox 910 2775 1042 2809; x_wconf 88' lang='lat' dir='ltr'>Deinde</span> <span class='ocrx_word' id='word_1_352' title='bbox 1067 2781 1143 2820; x_wconf 84' lang='lat' dir='ltr'>post</span> <span class='ocrx_word' id='word_1_353' title='bbox 1160 2775 1287 2819; x_wconf 82' lang='lat' dir='ltr'>aliquot</span> <span class='ocrx_word' id='word_1_354' title='bbox 1313 2787 1418 2809; x_wconf 82' lang='lat' dir='ltr'>annos</span> <span class='ocrx_word' id='word_1_355' title='bbox 1443 2777 1512 2809; x_wconf 86' lang='lat' dir='ltr'>nati</span> <span class='ocrx_word' id='word_1_356' title='bbox 1539 2782 1616 2810; x_wconf 88' lang='lat' dir='ltr'>sunt</span> <span class='ocrx_word' id='word_1_357' title='bbox 1642 2777 1690 2810; x_wconf 88' lang='lat' dir='ltr'>cis</span> 
     </span>
     <span class='ocr_line' id='line_1_39' title="bbox 162 2822 1526 2871; baseline -0.002 -13"><span class='ocrx_word' id='word_1_358' title='bbox 162 2826 253 2859; x_wconf 85' lang='lat' dir='ltr'>filius</span> <span class='ocrx_word' id='word_1_359' title='bbox 272 2832 305 2859; x_wconf 81' lang='lat' dir='ltr'>et</span> <span class='ocrx_word' id='word_1_360' title='bbox 317 2826 398 2867; x_wconf 85' lang='lat' dir='ltr'>filia,</span> <span class='ocrx_word' id='word_1_361' title='bbox 414 2837 554 2871; x_wconf 89' lang='lat' dir='ltr'>quorum</span> <span class='ocrx_word' id='word_1_362' title='bbox 567 2825 650 2858; x_wconf 85' lang='lat' dir='ltr'>alter</span> <span class='ocrx_word' id='word_1_363' title='bbox 664 2823 884 2865; x_wconf 81' lang='lat' dir='ltr'>VVillichnus,</span> <span class='ocrx_word' id='word_1_364' title='bbox 903 2823 1006 2855; x_wconf 87' lang='lat' dir='ltr'>altera</span> <span class='ocrx_word' id='word_1_365' title='bbox 1025 2822 1237 2866; x_wconf 81' lang='lat' dir='ltr'>Burgwenna</span> <span class='ocrx_word' id='word_1_366' title='bbox 1255 2828 1305 2854; x_wconf 85' lang='lat' dir='ltr'>est</span> <span class='ocrx_word' id='word_1_367' title='bbox 1323 2822 1526 2866; x_wconf 81' lang='lat' dir='ltr'>appellata.”</span> 
     </span>
    </p>

    <p class='ocr_par' dir='ltr' id='par_1_8' title="bbox 168 2868 1690 2963">
     <span class='ocr_line' id='line_1_40' title="bbox 211 2868 1690 2917; baseline -0.002 -12"><span class='ocrx_word' id='word_1_368' title='bbox 211 2873 222 2891; x_wconf 72' lang='lat'><strong>⁴</strong></span> <span class='ocrx_word' id='word_1_369' title='bbox 250 2872 333 2905; x_wconf 86' lang='lat' dir='ltr'>This</span> <span class='ocrx_word' id='word_1_370' title='bbox 358 2872 496 2917; x_wconf 84' lang='lat' dir='ltr'>chapter</span> <span class='ocrx_word' id='word_1_371' title='bbox 520 2872 600 2905; x_wconf 84' lang='lat' dir='ltr'>does</span> <span class='ocrx_word' id='word_1_372' title='bbox 617 2877 675 2904; x_wconf 90' lang='lat' dir='ltr'>not</span> <span class='ocrx_word' id='word_1_373' title='bbox 693 2882 792 2904; x_wconf 87' lang='lat' dir='ltr'>occur</span> <span class='ocrx_word' id='word_1_374' title='bbox 809 2869 843 2902; x_wconf 90' lang='lat' dir='ltr'>in</span> <span class='ocrx_word' id='word_1_375' title='bbox 862 2869 918 2902; x_wconf 89' lang='lat' dir='ltr'>the</span> <span class='ocrx_word' id='word_1_376' title='bbox 937 2868 1103 2902; x_wconf 83' lang='lat' dir='ltr'>Bodleian</span> <span class='ocrx_word' id='word_1_377' title='bbox 1122 2868 1209 2911; x_wconf 61' lang='lat' dir='ltr'>MS,</span> <span class='ocrx_word' id='word_1_378' title='bbox 1227 2868 1287 2901; x_wconf 85' lang='lat' dir='ltr'>but</span> <span class='ocrx_word' id='word_1_379' title='bbox 1305 2868 1333 2901; x_wconf 81' lang='lat' dir='ltr'>is</span> <span class='ocrx_word' id='word_1_380' title='bbox 1352 2868 1506 2914; x_wconf 88' lang='lat' dir='ltr'>supplied</span> <span class='ocrx_word' id='word_1_381' title='bbox 1530 2869 1614 2902; x_wconf 84' lang='lat' dir='ltr'>from</span> <span class='ocrx_word' id='word_1_382' title='bbox 1634 2869 1690 2903; x_wconf 89' lang='lat' dir='ltr'>the</span> 
     </span>
     <span class='ocr_line' id='line_1_41' title="bbox 168 2918 443 2963; baseline 0.004 -12"><span class='ocrx_word' id='word_1_383' title='bbox 168 2918 328 2952; x_wconf 86' lang='lat' dir='ltr'>Harleian</span> <span class='ocrx_word' id='word_1_384' title='bbox 347 2930 443 2963; x_wconf 83' lang='lat' dir='ltr'>copy.</span> 
     </span>
    </p>
   </div>
  </div>
 </body>
</html>
