1839 3186
214 188 296 227 244
720 197 956 230 LIBELLUs
993 198 1056 229 DE
1093 198 1209 229 VITA

212 395 299 421 CAP.
322 396 433 422 CXXI.
494 397 696 427 QUALITER
725 398 957 423 MINISTRUM
992 398 1104 423 SUUM
1141 398 1183 423 IN
1219 398 1370 424 DOMUM
1405 397 1570 423 FRATRIS
1600 396 1741 422 DIVER-

293 463 397 489 TISSE
426 463 689 499 COGNOVERIT,
726 465 775 490 ET
811 464 956 490 UXORIS
986 464 1110 490 IPSIUS
1146 465 1364 490 APPETITUS
1396 447 1660 490 DETEXERIT.1

271 561 289 614 §
311 564 407 605 231.
447 562 639 603 MISERAT
664 562 842 617 quodam
866 567 1052 617 tempore
1081 562 1316 604 ministrum
1341 577 1460 604 suum
1488 561 1542 603 ad
1571 562 1740 603 domum

212 627 426 684 cujusdam
469 628 622 679 divitis,
665 629 900 670 delaturum
942 629 1019 669 sibi
1060 628 1236 669 exennia
1278 628 1406 683 ipsius
1446 628 1739 683 promissionis.

213 693 342 736 Dives
376 695 504 749 igitur
538 695 605 736 ille
643 710 807 736 caseum
843 694 1121 749 peroptimum
1161 694 1249 736 viro
1288 694 1369 735 Dei
1412 694 1632 749 delegavit,
1671 694 1739 749 qui

212 761 357 801 eadem
389 761 454 801 die
479 760 649 801 domum
674 776 728 802 ex
748 760 824 802 viri
858 761 939 802 Dei
971 760 1168 801 mandato
1201 760 1431 801 rediturum
1462 775 1505 802 se
1537 761 1737 815 promisit.

213 826 397 868 Veniens
417 826 605 880 denique,
620 825 712 881 jam
734 827 800 867 die
822 842 948 881 prope
970 826 1215 876 declinante,
1242 826 1296 867 ad
1317 826 1499 868 villulam
1520 825 1738 868 2Neutune

211 893 482 940 nominatam,
500 893 542 933 in
559 892 733 934 confinio
757 893 990 934 solitudinis
1011 892 1151 933 domni
1173 893 1234 934 sui
1253 892 1443 947 positam,
1462 892 1531 933 illo
1554 893 1736 943 divertit,

211 973 260 1000 ac
290 959 333 1000 in
355 959 477 999 domo
508 958 646 1001 fratris
677 959 753 1008 sui,
784 960 826 1000 in
848 974 929 1014 qua
956 963 998 1000 et
1029 957 1180 1014 conjux
1205 958 1291 1014 ejus
1322 959 1575 1009 morabatur,
1604 964 1738 1000 totam

210 1029 375 1066 noctem
403 1030 644 1079 sequentem
674 1026 826 1080 exegit.
890 1025 1200 1079 Inquirentibus
1229 1024 1283 1066 ad
1314 1024 1491 1066 invicem
1512 1025 1654 1066 amicis
1684 1026 1739 1067 ad

212 1091 310 1146 quid
332 1091 540 1146 profectus
561 1097 679 1142 esset,
700 1107 837 1133 coram
855 1106 1018 1133 caseum
1040 1091 1156 1132 illum
1180 1091 1400 1146 proferens,
1420 1106 1502 1132 non
1521 1096 1739 1133 cunctatur

212 1158 428 1198 ostendere
450 1172 539 1212 quae
559 1173 731 1199 munera
756 1158 870 1200 dives
893 1158 960 1199 ille
982 1157 1133 1199 domno
1165 1172 1237 1199 suo
1258 1157 1553 1199 transmisisset
1572 1175 1582 1206 3
1623 1156 1738 1214 cujus

210 1224 301 1266 visu
333 1222 484 1279 conjux
515 1223 623 1265 illius
657 1239 755 1265 mox
788 1224 990 1266 desiderio
1019 1223 1126 1278 gulae
1157 1223 1372 1265 stimulata
1408 1224 1660 1274 accenditur,
1697 1229 1739 1266 et

212 1305 320 1345 aegro
352 1290 560 1345 suspirans
587 1290 737 1340 animo,
760 1291 855 1332 talis
886 1290 966 1331 cibi
999 1305 1071 1331 esu
1103 1288 1214 1331 refici
1246 1290 1544 1345 temptabatur.
1608 1290 1737 1331 Mane

210 1371 308 1398 vero
329 1356 452 1407 fact0,
478 1371 577 1397 mox
599 1361 646 1397 ut
677 1371 815 1398 coram
840 1357 991 1397 domno
1016 1371 1088 1398 suo
1118 1357 1249 1412 stetit,
1273 1357 1335 1398 vir
1357 1356 1437 1397 Dei
1461 1356 1630 1398 nutibus
1660 1356 1737 1398 sibi

210 1423 340 1465 solitis
370 1423 602 1477 perquirere
628 1423 750 1477 coepit
770 1423 841 1464 ubi
863 1427 950 1463 tam
978 1422 1049 1463 diu
1069 1422 1204 1473 fuerit,
1232 1437 1304 1464 seu
1324 1423 1394 1463 ubi
1415 1422 1541 1463 etiam
1571 1438 1738 1477 pernoc-

209 1493 324 1530 tatus
348 1489 414 1529 sit.
479 1488 541 1529 At
562 1489 751 1530 ministro
772 1489 965 1543 quaedam
988 1488 1092 1530 falsa
1112 1489 1398 1544 praetendente
1419 1493 1460 1529 et
1487 1488 1740 1530 simulatorie

210 1570 252 1596 se
275 1559 511 1606 excusante,
534 1560 704 1609 repente
725 1555 788 1596 vir
809 1555 889 1596 Dei
910 1554 1270 1610 tergiversationes
1300 1554 1387 1610 ejus
1408 1555 1673 1609 compescuit,
1696 1560 1738 1597 et

210 1621 322 1675 apud
343 1621 484 1662 villam
509 1621 753 1675 praedictam
774 1636 858 1662 una
884 1636 978 1662 cum
999 1619 1171 1676 conjuge
1194 1636 1268 1663 sua
1287 1626 1452 1662 noctem
1473 1621 1583 1662 illam
1607 1621 1737 1676 egisse

210 1687 327 1728 illum
348 1687 473 1741 signis
495 1688 578 1729 suis
598 1687 811 1742 redarguit
829 1704 840 1735 ;
878 1687 1164 1742 ingressusque
1188 1687 1332 1728 cellam
1353 1692 1394 1728 et
1416 1687 1612 1729 orationis
1632 1692 1735 1728 tem-

210 1769 307 1808 pore
338 1753 517 1808 expleto,
540 1753 786 1808 regrediens,
808 1753 959 1794 iterum
985 1753 1120 1795 verbis
1151 1753 1267 1794 illum
1289 1753 1492 1795 consuluit
1518 1753 1589 1794 ubi
1617 1759 1736 1795 nocte

209 1820 291 1861 ista
312 1819 448 1870 fuerit,
473 1820 557 1861 sive
579 1819 726 1873 quibus
747 1835 912 1861 caseum
933 1820 1010 1861 sibi
1031 1820 1201 1861 missum
1225 1819 1466 1861 ostenderit.
1538 1819 1629 1872 Quo
1650 1835 1736 1875 prae

211 1885 447 1927 confusione
469 1891 644 1936 tacente,
668 1886 731 1927 vir
752 1886 832 1927 Dei
857 1886 1009 1927 blando
1030 1901 1215 1927 sermone
1237 1886 1308 1936 ait,
1343 1890 1367 1907 ‘⁶
1388 1885 1447 1926 Et
1469 1886 1657 1940 quamvis
1689 1891 1736 1927 tu

210 1952 253 1992 id
281 1950 467 1992 confiteri
496 1952 688 2002 nolueris,
710 1952 806 1993 novi
835 1957 976 1992 tamen
999 1951 1109 2006 quod
1138 1957 1259 1993 nocte
1292 1952 1333 1992 in
1356 1952 1478 1992 domo
1505 1951 1644 1993 fratris
1674 1952 1735 1993 tui

210 2033 305 2059 cum
327 2017 499 2073 conjuge
524 2022 597 2058 tua
620 2017 772 2068 fueris3
806 2022 847 2058 et
870 2017 956 2059 vidi
978 2018 1183 2071 quomodo
1213 2018 1270 2058 illi
1300 2032 1463 2059 caseum
1489 2017 1733 2067 ostenderis,

209 2083 326 2139 cujus
350 2098 442 2125 esus
473 2084 661 2137 appetitu
688 2083 759 2124 illa
788 2083 1011 2137 plurimum
1044 2083 1293 2133 stimulatur,
1322 2088 1364 2124 et
1392 2083 1488 2137 quia
1517 2083 1553 2124 ei
1587 2083 1637 2124 de
1665 2084 1735 2125 1110

207 2150 321 2190 nulla
350 2149 486 2204 portio
518 2149 661 2189 donari
697 2149 845 2203 potuit,
873 2149 1056 2203 suspiriis
1084 2154 1179 2190 acta
1213 2149 1547 2191 contristabatur.
1611 2150 1732 2191 Vade

205 2216 333 2270 igitur
354 2230 477 2270 quam
502 2214 636 2264 citius,
659 2219 700 2255 et
724 2214 839 2255 illum
871 2215 906 2255 01
929 2215 1055 2265 defer,
1084 2220 1131 2256 ut
1163 2215 1410 2256 esurientem
1443 2220 1484 2256 et
1515 2215 1731 2257 contrista-

205 2324 457 2369 Dunelmensis,
476 2325 532 2370 qui
552 2326 820 2370 consanguineus
839 2331 908 2358 01111
926 2325 1043 2370 ipsius,
1062 2337 1140 2359 00111
1165 2330 1300 2370 propter
1326 2325 1473 2369 corporis
1498 2325 1731 2360 infirmitatem

202 2371 323 2404 solatio
348 2371 525 2416 indigerffet
543 2373 616 2415 ejus
637 2378 688 2404 est
704 2372 900 2404 ministeriis
926 2371 1118 2416 specialiter
1142 2372 1343 2416 assignatus.
1395 2371 1462 2404 Η10
1478 2383 1597 2416 gerens
1616 2384 1730 2406 curam

201 2418 406 2451 exteriorum
422 2418 476 2451 die
489 2418 634 2462 quadam
653 2429 729 2450 cum
748 2417 913 2451 1111101111οῖ
931 2418 965 2450 in
982 2417 1042 2450 1101
1045 2423 1090 2461 to
1104 2418 1189 2451 vidit
1206 2417 1301 2462 quasi
1319 2397 1497 2450 111511001οΟ
1502 2424 1598 2451 extra
1614 2430 1730 2463 sepem

200 2464 354 2504 circuire,
385 2464 614 2508 introspicere,
641 2469 674 2496 et
702 2463 900 2508 plerumque
929 2475 1030 2509 supra
1055 2475 1171 2509 sepem
1198 2470 1299 2509 caput
1326 2463 1490 2505 attolleie,
1523 2463 1565 2497 de
1590 2463 1666 2497 loco
1695 2465 1729 2498 in

199 2510 312 2543 locum
331 2510 424 2543 velut
440 2509 577 2562 'aliquid
603 2509 784 2554 quaelendo
809 2510 960 2543 transire
1011 2509 1098 2542 Cum
1124 2510 1271 2543 venisset
1297 2509 1435 2542 domum
1461 2509 1562 2543 frater
1586 2509 1655 2553 1110,
1673 2522 1731 2543 vo-

199 2557 288 2590 cavit
313 2568 390 2590 eum
416 2556 466 2589 vir
494 2561 642 2598 sanetus,
669 2562 702 2588 et
727 2556 796 2589 ait:
828 2558 837 2574 ‘
853 2555 1020 2600 Nunquid
1047 2567 1165 2589 canem
1193 2555 1289 2589 illum
1315 2554 1439 2597 vidisti,
1465 2561 1499 2588 et
1523 2556 1598 2600 quis
1628 2556 1729 2589 fuerit

199 2603 405 2647 a0n0v15t12'
456 2602 539 2636 Ille:
565 2601 789 2644 ί(ῼο011(11ι111,’
808 2602 864 2644 ait,
884 2602 985 2635 ‘foris
1011 2601 1079 2634 vidi
1103 2608 1263 2646 tanquam
1292 2601 1549 2645 exploratorem,
1567 2602 1627 2635 sed
1650 2613 1727 2635 eum

197 2649 332 2693 penitus
358 2661 424 2682 non
450 2648 614 2693 cognovi!
661 2648 856 2692 ‘Antiquus
882 2648 987 2681 hostis
1006 2648 1083 2688 est‚’
1102 2648 1212 2692 inquit
1230 2647 1278 2680 vil
1304 2647 1408 2690 1)01,ζ
1419 2647 1474 2691 qui
1498 2648 1591 2681 novit
1608 2659 1662 2681 mc
1680 2648 1726 2682 ibi

196 2695 303 2728 501010
320 2677 509 2729 laboribus⁰
509 2694 677 2739 occupari,
696 2700 729 2727 et
746 2705 835 2727 nunc
853 2700 886 2727 te
905 2694 1021 2727 videns
1039 2700 1244 2738 operantem,
1262 2692 1401 2738 putabat
1419 2693 1509 2737 quod
1531 2705 1593 2738 ego
1616 2705 1724 2727 essem

195 2742 250 2786 qui
270 2748 336 2774 teri
339 2754 410 2775 ems
429 2740 584 2786 opeiibus
602 2739 847 2773 inhaerebams’

243 2789 251 2809 ¹
280 2787 353 2821 The
373 2788 467 2821 Harl.
485 2787 561 2821 MS.
579 2786 659 2819 does
677 2792 735 2819 not
753 2785 888 2819 eontain
906 2785 974 2818 this
992 2786 1140 2830 chapter

241 2835 254 2853 ²
272 2832 457 2878 Nentzme]
484 2833 638 2866 Situatcd
664 2844 705 2866 on
733 2832 789 2865 the
819 2832 898 2865 lead
927 2832 1012 2865 fiom
1044 2832 1195 2865 Durhaln
1222 2836 1256 2864 to
1283 2831 1457 2874 Finehale,
1484 2844 1559 2865 now
1577 2831 1724 2865 Newton

195 2880 227 2913 H
230 2880 285 2914 all.
