1839 3186
514 157 573 188 ET
604 154 871 188 MIRAOULrs
902 154 937 186 s.
963 152 1182 185 comum.
1532 139 1606 185 171

85 358 173 384 OAP.
196 358 321 384 LXXV.
402 355 606 386 QUALITER
650 354 847 381 PRAEDICTI
882 353 970 379 VIRI
1015 351 1207 378 SPIRITUM
1258 352 1310 376 DE
1356 351 1500 377 SECULO
1546 351 1613 376 MI-

143 425 315 450 GRANTIS
344 423 519 458 VIDERIT,
555 421 643 447 SIVE
673 422 717 446 IN
755 420 839 450 QUA
874 419 1013 446 FORMA
1045 418 1221 444 SPIRITUS
1252 418 1344 444 EJUs
1376 418 1454 443 ILLI
1491 418 1614 443 APPA-

141 491 299 526 RUERIT,
335 491 381 516 ET
416 490 515 519 QUID
548 488 599 513 DE
630 488 750 514 OBITU
781 487 906 512 IPSIUS
942 486 1027 511 IPSE
1062 485 1214 511 PRIMUS
1244 467 1452 511 ΒΙΧΕΒΙΤ.1

145 590 167 645 §
190 592 286 632 161.
319 589 387 631 AT
408 589 471 631 vir
492 590 572 631 Dei
601 590 746 631 eadem
771 589 875 630 hora
896 587 1174 630 dissolutionis
1192 585 1294 642 ejus,
1319 585 1478 640 Spiritu
1501 599 1614 626 reve-

86 657 214 704 lante,
237 656 408 698 edoctus
432 662 493 698 est
516 656 612 711 quia
637 656 805 711 spiritus
826 654 931 696 sscari
963 654 1025 697 sui
1053 654 1104 695 de
1125 654 1204 695 hoc
1232 652 1368 695 seculo
1390 651 1553 706 lugubri
1576 656 1618 692 et

87 722 230 765 lethali
254 728 479 778 praereptus
512 728 588 765 est.
659 722 781 763 Vidit
801 721 966 776 quidem
997 720 1187 776 spiritum
1214 719 1322 760 illius
1346 718 1618 773 emigrantem

88 805 114 830 a
134 804 314 844 corpore,
330 794 454 844 atque
472 789 615 831 beatos
638 794 761 843 atque
779 788 1085 843 supercoelestes
1101 786 1268 842 spiritus
1287 785 1415 840 ipsius
1436 784 1618 826 animam

90 855 132 896 in
164 856 251 897 alta
286 856 479 897 coelorum
511 855 711 897 elevando
744 854 939 896 ³deferre.
1010 853 1267 895 Visebantur
1291 851 1417 893 etiam
1440 850 1489 901 ei,
1513 850 1618 892 sicut

90 922 306 971 referebat,
329 921 459 963 4muri
486 921 567 962 duo
589 921 767 972 candidi,
791 921 843 962 ab
864 921 952 976 ipso
973 926 1178 961 terrarum
1198 919 1470 960 fundamento
1491 932 1619 971 usque

93 988 134 1028 in
155 988 242 1029 alta
272 988 464 1029 coelorum
496 987 635 1037 erecti,
661 987 769 1028 inter
796 1002 969 1041 quorum
993 986 1176 1027 medium
1206 991 1292 1027 tres
1318 984 1488 1040 spiritus
1507 978 1620 1025 5ΑΠ-

93 1054 212 1109 gelici
239 1053 480 1095 suavissimo
503 1054 665 1096 volatus
695 1054 866 1108 remigio
900 1067 1060 1108 semper
1093 1052 1304 1107 superiora
1335 1051 1547 1106 petebant,
1579 1056 1621 1091 et

93 1120 280 1175 praedicti
300 1120 463 1162 abbatis
496 1120 687 1175 spiritum
718 1134 857 1161 secum
887 1119 940 1160 ad
976 1134 1104 1174 regna
1127 1118 1306 1159 aetherea
1327 1117 1620 1173 pervehebant.

96 1187 172 1228 Ille
189 1202 286 1229 vero
308 1187 450 1228 statim
479 1192 527 1228 ut
562 1187 744 1229 animam
780 1185 1060 1241 egredientem
1083 1184 1200 1235 vidit,
1224 1180 1340 1239 cujus
1363 1184 1436 1225 viri
1456 1183 1624 1238 spiritus

94 1253 231 1302 fuerit,
269 1253 450 1294 Domino
477 1253 700 1302 revelante,
724 1252 928 1308 cognovit.
991 1251 1088 1293 Ibat
1120 1266 1216 1307 ergo
1253 1250 1422 1305 quidam
1455 1250 1624 1304 spiritus

95 1319 322 1375 Angelicus
344 1335 368 1361 a
389 1319 571 1362 dexteris
605 1318 691 1375 ejus
727 1320 921 1369 allevans,
959 1323 1001 1360 et
1037 1318 1143 1359 alter
1163 1333 1305 1359 eorum
1326 1332 1351 1358 a
1372 1316 1545 1358 sinistris
1566 1316 1624 1357 illi

95 1386 358 1441 provehendo
396 1387 699 1441 congratulans,
734 1385 882 1428 tertius
913 1401 1010 1426 vero
1053 1384 1236 1440 ipsorum
1274 1399 1398 1439 supra
1440 1383 1625 1424 omnium

97 1453 259 1494 illorum
280 1453 477 1494 verticem
507 1452 790 1508 praeminebat,
824 1458 865 1494 et
896 1452 1025 1493 nimia
1053 1466 1147 1493 cum
1181 1450 1456 1493 exsultatione
1485 1465 1625 1505 proce-

98 1520 232 1561 dendo
266 1520 454 1575 praeibat.
520 1519 700 1575 Spiritus
735 1534 832 1561 vero
867 1519 949 1569 ille,
984 1533 1105 1573 quem
1143 1518 1369 1559 resolutum
1399 1533 1424 1558 a
1458 1531 1626 1572 corpore

97 1586 273 1635 viderat,
299 1591 413 1628 totus
436 1586 580 1642 igneus
601 1586 637 1627 ei
667 1586 957 1641 comparebat3
992 1584 1097 1626 vidit
1120 1585 1228 1625 enim
1247 1600 1339 1626 eam
1360 1585 1402 1625 in
1423 1584 1627 1639 sphaeram

97 1652 261 1707 igneam
283 1652 574 1708 egredientem,
596 1657 637 1694 et
662 1652 817 1694 corusci
838 1651 1004 1693 luminis
1025 1650 1173 1706 speciei
1195 1651 1473 1698 consimilem3
1510 1648 1627 1706 cujus

100 1724 191 1760 tota
215 1717 368 1774 effigies
389 1719 559 1761 visibilis
586 1724 627 1760 et
649 1719 777 1760 oculis
810 1718 937 1773 ipsius
961 1717 1194 1759 contuentis
1215 1717 1505 1772 perceptibilis,
1539 1721 1628 1757 erat

100 1785 216 1839 quasi
252 1785 420 1839 quidam
457 1785 660 1827 rotundus
696 1785 870 1826 circulus
904 1784 1023 1840 ignis.
1085 1783 1199 1825 Nihil
1234 1785 1400 1839 penitus
1430 1783 1545 1825 aliud
1577 1783 1628 1824 de

101 1851 304 1906 spirituali
329 1852 476 1893 animae
498 1852 606 1893 illius
633 1852 929 1894 essentialitate
957 1866 1028 1893 seu
1047 1850 1179 1892 forma
1200 1850 1441 1892 substantiae
1465 1854 1629 1906 poterat

102 1918 254 1969 videre,
283 1918 360 1959 nisi
396 1919 604 1974 quandam
636 1918 857 1960 rotundam
889 1918 995 1973 ignis
1014 1912 1270 1968 6formulam,
1303 1932 1395 1972 quae
1430 1917 1630 1972 praeclaro

102 1985 342 2026 lustramine
364 1985 584 2027 videbatur
616 1985 789 2040 sparsim
818 1984 991 2025 elucere.
1054 1983 1181 2024 Unde
1213 1983 1449 2039 frequenter
1488 1983 1632 2024 amicis

101 2051 439 2106 colloquentibus,
472 2057 513 2093 et
544 2051 595 2093 de
625 2052 747 2093 rebus
777 2050 1059 2106 spiritualibus
1085 2050 1462 2105 percunctantibus,
1497 2050 1631 2091 dicere

102 2118 245 2160 solitus
275 2123 336 2160 est
365 2118 475 2173 quod
512 2118 735 2173 plurimum
765 2117 1040 2159 admiraretur
1077 2116 1173 2171 quia
1196 2115 1453 2159 ⁷substantia
1484 2117 1632 2158 animae

103 2183 316 2226 invisibilis
350 2190 441 2226 tota
461 2185 536 2226 sub
558 2184 755 2240 sphaerico
789 2185 997 2226 schemate
1030 2183 1211 2225 rotunda
1235 2189 1312 2226 est.
1375 2183 1471 2225 Hoc
1493 2188 1632 2225 tamen

104 2293 238 2338 domne,
256 2299 294 2327 ut
311 2294 414 2328 animi
440 2295 507 2329 mei
533 2296 728 2330 memineris
743 2309 751 2338 ;
778 2297 856 2341 quia
879 2308 933 2330 me
950 2295 1090 2329 forsitan
1116 2294 1257 2329 ulterius
1275 2295 1310 2328 in
1326 2294 1391 2328 hoc
1408 2294 1542 2328 mortali
1561 2306 1634 2327 cor-

103 2352 183 2385 pore
201 2352 267 2374 non
285 2341 441 2375 videbis.'
492 2342 555 2375 Ille
576 2342 714 2376 domum
739 2355 902 2386 reversus,
922 2342 955 2375 in
973 2342 1099 2375 lectulo
1117 2353 1204 2387 aeger
1229 2341 1387 2375 accubuit
1404 2354 1412 2383 ;
1439 2347 1472 2374 et
1489 2347 1632 2374 mortem

104 2387 229 2420 instare
253 2388 483 2432 praesentiens,
502 2390 720 2423 sacramentis
746 2389 898 2423 ecclesiae
927 2388 998 2435 [sc]
1025 2389 1182 2422 munivit.
1232 2388 1377 2422 Dicebat
1394 2400 1526 2433 quoque
1550 2399 1635 2433 prae-

105 2433 257 2466 sentibus
283 2434 372 2478 quod
397 2446 432 2467 se
454 2436 526 2478 jam
552 2435 595 2468 ad
621 2435 723 2469 finem
752 2436 889 2469 tendere
915 2441 1025 2469 certus
1055 2441 1154 2478 esset,
1180 2446 1239 2480 per
1265 2447 1304 2468 ea
1329 2446 1403 2480 quae
1429 2446 1543 2468 servus
1570 2433 1635 2467 Dei

107 2479 275 2513 Godrieus
293 2480 323 2513 ei
342 2480 485 2514 dixerat.
526 2481 731 2526 Septimanis
749 2482 861 2527 itaque
880 2482 1010 2516 duabus
1028 2481 1161 2526 elapsis,
1181 2487 1304 2515 exutus
1319 2493 1338 2515 a
1351 2493 1461 2524 carne,
1479 2480 1636 2526 migravit

106 2525 148 2558 ad
167 2526 389 2560 Dominum.”
416 2528 528 2561 Anon.
546 2528 641 2561 Harl.
659 2528 809 2573 Legend.

154 2572 162 2590 ¹
183 2572 223 2605 In
241 2572 298 2605 the
317 2573 413 2606 Harl.
432 2574 507 2608 MS.
527 2574 664 2620 chapter
682 2574 853 2609 LXXIV.
1140 2575 1152 2593 ²
1173 2574 1256 2609 Cari
1272 2573 1287 2620 ]
1313 2574 1390 2608 MS.
1408 2574 1492 2607 kari.

152 2619 166 2639 ³
185 2618 361 2665 Deferre]
389 2620 532 2663 Deferri,
554 2621 601 2655 H.

153 2665 166 2685 ⁴
186 2665 314 2710 Mara]
338 2668 370 2699 A
394 2667 574 2712 similarity
597 2667 625 2701 is
651 2667 846 2701 observablc
868 2667 1022 2701 between
1048 2667 1105 2701 the
1129 2667 1249 2700 details
1276 2666 1355 2699 here
1384 2665 1544 2699 recorded
1570 2665 1636 2698 and

108 2711 204 2744 those
222 2712 377 2756 supplied
393 2713 439 2757 by
457 2713 552 2746 Beda
570 2714 604 2746 in
620 2713 673 2747 his
691 2720 835 2749 account
852 2715 890 2748 of
903 2714 960 2748 the
978 2714 1118 2748 Visions
1136 2714 1174 2747 of
1187 2712 1390 2758 Dryhthelm
1408 2712 1474 2746 and
1493 2712 1635 2757 Fursey.

108 2758 171 2791 See
191 2758 235 2790 H.
252 2758 293 2790 E.
313 2755 354 2802 ἓξ
375 2761 442 2793 206
459 2760 524 2793 and
542 2762 622 2794 392.

155 2805 167 2822 ⁵
184 2804 369 2850 Angellcz']
397 2806 552 2850 Angelici
571 2806 601 2839 ei
620 2807 830 2850 suavissimo,
858 2807 899 2840 H.

155 2851 168 2870 ⁶
188 2850 409 2896 Formzclam]
438 2851 609 2895 Formam,
631 2853 677 2886 H.
883 2853 895 2873 ⁷
915 2851 1136 2898 Substantia]
1163 2852 1380 2895 Substantias,
1403 2851 1449 2886 H.
