1839 3186
155 183 207 223 56
672 190 906 222 LIBELLUs
943 190 1006 221 DE
1043 190 1156 221 VITA

157 297 290 339 mellis
312 311 359 337 ac
383 295 467 337 favi
488 295 695 336 dulcorem
712 294 946 345 excederet,
970 294 1136 335 auribus
1160 292 1267 334 illius
1289 298 1419 334 tantae
1431 292 1691 349 jubilationis

157 363 385 404 modulatio
421 361 599 404 insonuit
637 362 746 416 quod
784 361 899 415 quasi
933 361 1238 416 supercoelestes
1267 360 1483 401 beatorum
1524 360 1691 415 spiritus

159 430 392 471 dulcimode
426 428 648 470 concinisse
685 428 918 477 crediderit,
960 432 1081 468 tanta
1115 426 1280 482 agilitas
1313 425 1400 481 ejus
1435 441 1582 482 corpus
1612 427 1688 467 im-

160 497 346 552 pleverat
380 496 489 551 quod
515 510 618 550 pene
652 510 694 537 se
727 495 851 536 fuisse
878 499 1051 535 exutum
1072 493 1237 534 homine
1262 493 1513 534 credendum
1527 491 1692 548 judica-

158 564 246 605 bat.
309 563 400 604 Tua
435 568 530 604 sunt
569 562 674 612 haec,
708 560 886 611 Christe,
917 576 1053 616 opera,
1097 560 1178 612 Qui
1219 560 1328 601 solus
1363 561 1405 601 in
1437 560 1535 601 coelo
1576 564 1617 600 et
1652 559 1695 601 in

161 636 273 671 terra
306 630 488 684 quotidie
524 628 728 670 mirabilia
767 627 881 678 facis,
918 634 958 668 et
990 626 1284 668 inscrutabilia.
1347 626 1397 669 In
1429 627 1502 667 tali
1536 626 1696 667 fervore

158 697 331 752 *spiritus
357 695 595 751 aliquandiu
629 694 823 750 perstitit,
858 699 898 735 et
924 694 980 735 sic
1012 708 1100 747 quae
1133 693 1301 733 Domini
1338 698 1433 734 sunt
1455 693 1695 743 meditatus,

162 768 297 804 totam
324 768 488 804 noctem
518 762 745 803 insomnem
778 760 966 802 dulcibus
995 759 1229 814 vigiliarum
1266 759 1451 801 excubiis
1484 760 1593 800 circa
1625 759 1696 800 Se-

164 831 342 885 pulturae
367 829 596 870 Dominicae
618 828 708 869 loca
741 842 856 868 sacra
880 827 1051 881 peregit.
1115 826 1166 866 In
1197 826 1366 867 civitate
1388 842 1483 867 vero
1508 842 1580 881 per
1611 825 1698 867 dies

168 897 324 951 aliquot
364 896 612 945 demoratus,
656 895 880 935 comitante
922 893 1099 948 plurima
1136 892 1402 934 multitudine
1444 892 1700 934 Christiano-

168 979 273 1014 rum,
314 963 368 1003 ad
392 963 524 1017 ripam
556 961 585 1001 J
590 961 755 1002 ordanis
791 960 975 1010 accessit,
1007 960 1143 1013 ibique
1166 959 1291 1001 sacris
1313 975 1512 1013 aquarum
1533 958 1700 1001 fluentis

168 1030 347 1084 corporis
369 1029 430 1070 sui
452 1028 620 1070 sudores
652 1027 825 1069 extersit
851 1033 892 1068 et
917 1026 929 1047 1
945 1026 1088 1069 abluit.
1160 1026 1311 1067 Totum
1335 1027 1473 1080 itaque
1496 1027 1575 1067 iter
1595 1025 1698 1066 illud

168 1096 299 1137 cilicio
332 1096 502 1136 indutus
527 1095 770 1144 confecerat,
803 1100 843 1135 et
867 1094 1041 1135 Crucem
1066 1093 1274 1147 quandam
1304 1093 1511 1134 modicam
1540 1108 1701 1147 semper

168 1163 359 1204 manibus
397 1162 657 1217 praeferebat,
701 1176 794 1201 cum
831 1161 978 1214 quibus
1009 1160 1039 1200 J
1043 1159 1208 1201 ordanis
1238 1158 1391 1200 fiumen
1426 1159 1625 1208 introivit,
1661 1164 1702 1200 et

170 1230 373 1284 scyphum
401 1244 522 1283 quem
546 1228 587 1269 in
619 1243 717 1283 pera
743 1227 902 1277 habuit,
936 1227 1122 1269 similiter
1153 1226 1195 1266 in
1225 1226 1341 1280 aquis
1373 1226 1452 1267 illis
1477 1226 1601 1267 sacris
1632 1225 1704 1266 ab·

169 1296 273 1344 luit;
313 1312 402 1350 quae
427 1295 564 1336 omnia
585 1300 769 1349 tempore
791 1293 899 1347 quod
921 1293 1082 1335 advixit
1104 1292 1119 1314 2
1137 1293 1346 1334 carissima
1365 1293 1525 1334 habuit.
1588 1292 1706 1333 Tunc

171 1364 298 1403 etiam
334 1363 512 1417 primum
545 1363 586 1402 in
617 1366 707 1402 toto
743 1361 830 1415 ipso
861 1360 1006 1401 itinere
1039 1360 1114 1401 sibi
1147 1360 1417 1400 calciamenta
1441 1359 1639 1407 detraxit,
1663 1363 1705 1399 et

174 1434 309 1471 vestes
331 1444 436 1478 suas,
473 1428 620 1483 quibus
652 1428 829 1468 amictus
854 1432 954 1476 erat,
993 1426 1122 1475 exuit,
1149 1431 1189 1467 et
1223 1427 1313 1467 cibo
1337 1425 1445 1467 illius
1467 1431 1589 1466 terrae
1612 1440 1707 1466 cum

171 1497 309 1537 fructu
344 1496 505 1536 modico
539 1511 580 1536 se
602 1494 758 1535 refecit.
821 1494 1035 1534 Extractis
1064 1493 1190 1547 igitur
1215 1492 1264 1533 de
1296 1497 1469 1546 utroque
1494 1492 1598 1547 pede
1625 1491 1706 1532 cal-

175 1563 390 1604 ciamentis
421 1568 462 1603 et
505 1562 546 1602 in
578 1568 729 1602 terram
764 1559 972 1615 projectis,
1005 1575 1057 1600 ex
1088 1574 1213 1600 arena
1251 1564 1292 1600 et
1332 1560 1420 1600 luto
1453 1564 1493 1600 et
1525 1558 1707 1607 calculis,

176 1630 322 1684 quibus
351 1645 402 1670 ex
431 1628 706 1669 diuturnitate
748 1627 944 1681 temporis
974 1626 1131 1680 repleta
1170 1625 1346 1676 fuerant,
1375 1625 1517 1666 multae
1546 1625 1709 1679 quanti-

176 1697 277 1737 tatis
308 1697 436 1737 moles
467 1695 714 1742 effecerant,
748 1694 857 1734 unde
880 1698 920 1734 et
952 1708 1055 1748 pene
1087 1698 1219 1733 totam
1246 1693 1394 1747 pellem
1423 1696 1711 1746 contegentem

177 1762 301 1817 pedes
332 1763 510 1817 asperies
542 1761 676 1816 rigida
708 1766 749 1801 et
784 1759 1017 1814 superficies
1052 1764 1176 1800 acuta
1208 1774 1424 1800 arenarum
1458 1763 1500 1799 et
1534 1758 1710 1799 calculo-

174 1845 265 1869 rum
299 1830 537 1879 exederant,
574 1834 615 1869 et
652 1833 843 1868 cruentas
875 1842 1016 1867 carnes
1047 1826 1205 1867 ossibus
1236 1825 1306 1867 vix
1345 1826 1560 1876 haerentes,
1599 1824 1709 1866 corio

180 1896 493 1950 circumquaque
516 1899 771 1949 consumpto,
799 1893 1061 1947 reliquerant.

238 1963 349 2014 §42
387 1962 520 2016 Aquis
556 1961 682 2016 igitur
723 1960 848 2002 sacris
883 1966 1094 2015 purgatus,
1139 1957 1419 2000 sanctificatus
1459 1963 1500 1999 et
1531 1958 1711 2008 ablutus,

181 2044 279 2070 mox
311 2034 358 2069 ut
391 2029 440 2069 de
465 2028 580 2081 aquis
611 2027 848 2068 Jordanicis
879 2026 1021 2075 exivit,
1059 2031 1203 2067 votum
1239 2024 1419 2065 Domino
1451 2025 1581 2073 vovit,
1605 2023 1715 2078 quod

184 2096 342 2136 cunctis
365 2095 508 2135 diebus
532 2109 613 2134 non
645 2093 871 2148 praeteriit3
909 2097 933 2114 “
949 2092 1169 2141 Βο1111110,”
1190 2091 1323 2145 inquit
1354 2091 1462 2131 intra
1484 2106 1538 2141 se,
1565 2096 1589 2113 ‘⁶
1607 2106 1714 2140 ecce,

182 2177 256 2216 pro
292 2162 371 2202 Tui
411 2161 601 2201 Nominis
636 2175 788 2208 amore,
822 2159 902 2211 Qui
932 2159 1053 2200 nudis
1090 2173 1250 2213 semper
1284 2157 1326 2197 in
1356 2158 1511 2198 mundo
1543 2157 1716 2212 pedibus

184 2243 257 2283 pro
300 2227 582 2282 redemptione
626 2227 839 2267 hominum
881 2224 1116 2274 ambulasti,
1163 2230 1203 2265 et
1252 2224 1344 2264 Tua
1386 2224 1498 2264 nuda
1540 2223 1716 2279 vestigia

185 2294 311 2336 clavis
346 2293 667 2348 3affingentibus
698 2292 894 2347 perforari
929 2307 1002 2346 pro
1028 2307 1094 2332 me
1125 2306 1206 2332 non
1238 2290 1434 2339 renuisti3
1470 2306 1522 2331 ex
1554 2290 1619 2331 die
1640 2290 1718 2331 hac

185 2361 358 2416 pedibus
379 2360 442 2401 his
464 2360 600 2412 aliqua
621 2358 921 2399 4calciamenta
953 2373 1035 2398 non
1059 2373 1276 2412 opponam,
1304 2372 1378 2397 nec
1407 2357 1464 2398 eis
1485 2357 1565 2397 alia
1587 2357 1717 2411 operi—

184 2435 327 2468 menta
354 2442 490 2480 quam,
515 2425 574 2465 Te
598 2424 786 2480 jubente,
822 2425 879 2465 eis
910 2430 1060 2465 natura
1090 2423 1260 2464 indulsit
1295 2423 1467 2464 ulterius
1489 2421 1716 2463 conficiam.

190 2494 253 2534 Tu
293 2494 420 2548 igitur
461 2507 630 2547 operum
665 2506 848 2531 meorum
885 2490 1056 2545 vestigia
1090 2490 1132 2530 111
1169 2490 1339 2531 salutari
1376 2489 1465 2530 Tuo
1502 2489 1643 2543 dirige,
1677 2493 1718 2529 et

187 2559 510 2601 misericordiam
542 2558 675 2599 Tuam
706 2557 807 2598 mihi
844 2557 1066 2597 clementer
1097 2556 1301 2611 impende.
1379 2555 1561 2597 Ostende
1593 2555 1719 2609 igitur

237 2708 243 2725 ¹
263 2704 410 2750 Abluit.]
439 2703 571 2737 Abluit.
623 2703 719 2735 Tunc
738 2701 851 2744 etiam,
869 2700 931 2741 H.;
955 2699 1112 2743 omitting
1125 2698 1182 2731 the
1200 2698 1434 2731 intermediate
1452 2703 1624 2731 sentence.

235 2753 247 2771 ²
269 2751 474 2795 Carissima]
499 2750 574 2783 MS.
593 2748 782 2783 karissima.

236 2800 247 2817 ³
266 2795 536 2842 Affingentibus]
564 2794 801 2840 Affigentibus,
824 2793 871 2826 H.

234 2848 244 2864 ⁴
267 2838 489 2879 Calcimnenta
508 2855 572 2876 non
590 2840 774 2887 opponam]
804 2840 891 2873 How
909 2838 1103 2884 religiously
1121 2838 1162 2871 hc
1181 2837 1261 2883 kept
1279 2837 1346 2871 tliis
1366 2849 1435 2870 νων
1450 2848 1590 2882 appears
1603 2836 1648 2881 by
1661 2836 1719 2869 thc

186 2891 354 2924 incidcnts
372 2889 566 2924 mentioned
584 2889 617 2922 in
636 2888 673 2933 Q
693 2891 748 2932 88,
763 2890 840 2930 201,
860 2889 938 2919 213.
