1839 3186
135 183 160 221 8
709 188 1073 220 ARGUMENTUM.

1466 260 1662 284 CAPITULUM

139 304 356 358 Quomodo
389 308 622 359 temporum
644 303 753 345 vices
786 302 1036 350 alleviabat;
1071 307 1112 343 et
1138 301 1188 343 de
1211 301 1402 343 Oratorio
1424 301 1466 344 in

198 371 428 413 Ecclesiam
452 371 673 422 divertens,
696 370 868 411 ibicum
896 369 1219 411 adventantibus
1240 369 1349 424 loqui
1372 385 1466 411 con-

199 443 387 481 sueverat
596 471 606 480 .
1025 468 1033 476 .
1241 469 1249 477 .
1456 469 1465 478 .
1534 433 1664 491 lxviij.

142 506 330 560 Qualiter
351 509 619 547 sacrosanctae
637 503 780 546 Crucis
801 503 973 559 lignum,
996 518 1079 544 una
1100 518 1194 544 cum
1214 502 1394 558 imagine
1410 502 1469 544 illi

199 571 342 623 infixa,
364 587 389 613 a
408 573 497 613 loco
526 587 598 613 suo
629 586 671 613 se
699 571 912 622 amoverit,
936 575 977 612 et
1008 570 1061 611 ad
1090 570 1308 625 pristinam
1335 574 1469 612 status

201 640 263 682 sui
285 639 424 682 sedem
448 654 490 681 se
511 638 662 680 iterum
684 637 906 679 elevaverit
1031 669 1039 678 .
1459 669 1468 679 .
1565 635 1668 689 lxix.

145 706 507 761 Quemadmodum
526 705 576 747 de
597 705 724 746 latele
747 704 919 745 dextelo
939 701 1136 745 Orucifixi
1157 670 1324 757 quidam
1342 703 1470 745 Puer-

201 774 293 816 ulus
320 788 505 829 egressus
536 776 625 813 est·
616 803 627 819 ‚
668 776 709 812 et
745 770 1014 812 deambulans
1041 785 1114 825 per
1142 770 1385 822 Ecclesiam,
1414 770 1472 813 ibi

202 841 353 882 iterum
372 840 645 894 introgressus
666 842 727 880 est
818 870 827 880 .
1033 870 1042 878 .
1246 870 1254 878 .
1461 868 1470 880 .
1582 835 1670 877 lxx.

147 907 334 961 Qualiter
367 905 591 948 caldariam
624 920 746 960 super
775 904 912 946 focum
946 902 1071 945 locari
1106 903 1314 960 praecepit,
1344 908 1385 945 et
1422 903 1472 945 de

204 974 384 1016 salmone
410 971 648 1028 prendendo
681 972 878 1013 fratribus
910 971 1195 1013 commessuris
1216 970 1472 1026 praedixerit,

202 1046 325 1095 atque
347 1045 394 1082 ut
415 1039 615 1095 promisit,
641 1038 830 1080 exhibuit
1038 1071 1048 1080 .
1253 1071 1261 1079 .
1464 1070 1473 1078 .
1568 1033 1672 1092 lxxj

148 1108 334 1161 Qualiter
365 1107 568 1162 malignus
599 1105 766 1161 spiritus
797 1105 883 1147 viro
906 1104 986 1146 Dei
1008 1104 1084 1147 sub
1112 1103 1245 1159 specie
1273 1103 1475 1159 peregrini

204 1174 408 1230 apparuit,
428 1178 551 1228 atque
571 1172 835 1214 eleemosinas
858 1172 934 1214 sibi
956 1171 1044 1213 dari
1066 1171 1244 1226 petierit,
1262 1175 1303 1212 et
1321 1175 1476 1226 quanta

205 1240 491 1296 temptationis
511 1255 613 1282 aura
633 1244 777 1294 postea
800 1239 1018 1281 subsecuta
1042 1238 1094 1280 sit
1252 1271 1261 1279 .
1467 1270 1476 1279 .
1555 1234 1673 1292 lxxij.

149 1308 366 1361 Quomodo
398 1307 504 1363 ignis
537 1306 705 1348 domum
742 1305 934 1347 Oratorio
963 1305 1090 1361 ipsius
1111 1303 1388 1347 collateralem
1408 1319 1477 1346 ex-

207 1376 369 1426 usserit,
401 1389 476 1415 nec
503 1378 644 1415 tamen
672 1372 872 1428 parietem
895 1372 1087 1428 ligneam,
1112 1372 1177 1413 cui
1208 1372 1474 1423 innitebatur,

207 1441 492 1497 praetereundo
516 1441 712 1483 devorare
732 1439 1040 1495 praesumpserit
1250 1471 1259 1480 .
1465 1471 1473 1480 .
1539 1435 1675 1493 lxxiij.

152 1509 369 1562 Quomodo
396 1507 538 1549 abbati
560 1507 744 1548 Roberto
777 1506 828 1548 de
860 1506 975 1547 obitu
1007 1520 1079 1547 suo
1114 1504 1370 1560 praedixerit,
1403 1519 1478 1546 nec

208 1577 260 1617 ab
286 1590 332 1616 eo
354 1580 498 1630 postea
520 1574 661 1616 vivens
686 1573 727 1614 in
752 1588 920 1627 corpore
944 1573 1055 1614 visus
1076 1572 1129 1613 sit
1244 1605 1252 1613 .
1458 1604 1467 1612 .
1541 1569 1675 1611 lxxiv.

154 1643 342 1695 Qualiter
361 1640 548 1697 praedicti
572 1640 647 1682 viri
676 1639 865 1695 spiritum
889 1639 940 1680 de
968 1638 1104 1681 seculo
1128 1637 1345 1694 migrantis
1366 1638 1478 1679 vide—

208 1710 276 1759 rit,
309 1708 394 1750 sive
424 1708 465 1748 in
497 1722 579 1763 qua
608 1707 740 1748 forma
764 1706 931 1761 spiritus
960 1705 1046 1761 ejus
1073 1704 1131 1746 illi
1158 1705 1407 1760 apparuerit,
1437 1709 1479 1745 et

209 1776 308 1830 quid
329 1775 379 1815 de
401 1774 516 1815 obitu
538 1774 665 1829 ipsius
686 1773 771 1828 ipse
793 1772 949 1827 primus
970 1771 1123 1813 dixerit
1262 1804 1270 1813 .
1474 1805 1482 1815 .
1562 1770 1678 1811 lxxv.

154 1843 341 1896 Qualiter
361 1841 512 1884 viderit
534 1841 713 1881 animam
735 1839 917 1880 mulieris
941 1844 982 1880 et
1000 1839 1176 1889 abbatis,
1202 1837 1370 1879 alterius
1390 1836 1479 1878 fini-

210 1909 315 1958 timi,
349 1913 390 1949 et
423 1908 592 1949 alterius
623 1907 664 1948 in
696 1906 850 1947 exteris
877 1904 1025 1947 finibus
1053 1905 1217 1960 Angliae
1250 1904 1478 1960 migrantis,

211 1976 276 2018 vel
297 1974 395 2029 quid
421 1974 471 2015 de
493 1975 595 2015 hora
613 1973 750 2014 exitus
771 1973 933 2013 illorum
955 1972 1190 2027 exposuerit
1252 2003 1260 2012 .
1467 2003 1476 2012 .
1547 1967 1678 2025 lxxvj.

157 2042 344 2096 Qualiter
379 2039 593 2097 cujusdam
623 2039 801 2094 religiosi
833 2039 993 2080 exitum
1023 2052 1153 2092 nuper
1187 2037 1340 2079 instare
1377 2052 1479 2092 prae-

214 2108 381 2157 dixerit,
424 2111 549 2160 atque
593 2120 780 2160 praesago
828 2104 974 2160 spiritu
1016 2104 1067 2145 de
1102 2103 1266 2145 homine
1302 2104 1480 2145 necdum

212 2179 439 2230 aegrotante
461 2173 540 2214 ista
562 2171 817 2227 praesenserit
1042 2203 1050 2211 .
1255 2202 1263 2210 .
1472 2202 1481 2211 .
1530 2167 1676 2224 lxxvij,

156 2243 220 2283 De
246 2240 442 2297 praesagio
470 2238 579 2294 quod
607 2237 814 2293 praedixit,
842 2237 1046 2291 quomodo
1073 2251 1121 2278 ea
1145 2251 1233 2290 quae
1258 2236 1299 2277 in
1323 2236 1480 2292 longin-

214 2308 303 2363 quis
321 2306 470 2348 finibus
490 2310 585 2347 acta
606 2309 714 2354 sunt,
738 2303 882 2345 eadem
903 2303 961 2344 illi
984 2303 1083 2344 hora
1103 2303 1285 2344 revelata
1306 2308 1401 2344 sunt
1472 2335 1479 2343 .
1516 2300 1678 2356 lxxviij.

159 2373 375 2428 Quomodo
408 2372 605 2414 fratribus
638 2385 823 2411 sermone
862 2369 1012 2411 Latino
1048 2369 1321 2423 loquentibus,
1351 2384 1480 2423 quaes·-

214 2440 394 2483 tionibus
417 2439 580 2480 illorum
595 2437 772 2492 Anglico
786 2451 971 2478 sermone
992 2436 1260 2491 responderit,
1278 2440 1319 2476 et
1341 2451 1482 2477 eorum

215 2512 314 2550 vota
335 2505 539 2547 detexerit
621 2536 629 2544 .
834 2535 843 2544 .
1049 2535 1057 2543 .
1261 2535 1271 2545 .
1477 2535 1484 2543 .
1546 2501 1679 2542 lxxix.

160 2574 308 2628 Qualia
328 2573 414 2614 viro
429 2570 518 2626 jam
542 2570 651 2612 semi-
662 2569 787 2610 animi
809 2568 1081 2618 mandaverit,
1105 2573 1145 2609 et
1167 2573 1322 2622 quanta
1344 2568 1403 2609 illi
1432 2568 1483 2609 de

218 2640 363 2682 itinere
401 2638 540 2679 futuro
572 2635 822 2691 praedixerit,
856 2635 920 2677 vel
954 2635 1158 2688 quomodo
1185 2634 1373 2676 ministro
1409 2649 1481 2676 suo

218 2707 385 2747 domum
408 2704 534 2759 ipsius
555 2702 629 2745 viri
655 2701 914 2756 descripserit
1042 2734 1049 2741 .
1256 2733 1264 2740 .
1470 2733 1478 2741 .
1561 2701 1679 2741 lxxx.

163 2773 225 2814 Ut
257 2772 408 2812 famem
435 2771 616 2811 futuram
646 2774 686 2810 et
708 2768 813 2823 ignis
838 2767 1062 2809 vindictam
1086 2767 1237 2822 populo
1265 2782 1482 2822 superven-

220 2844 355 2879 turam
381 2836 631 2891 praedixerit,
656 2840 696 2876 et
721 2850 801 2875 non
824 2849 939 2875 secus
963 2834 1225 2888 postmodum
1248 2834 1429 2875 evenerit
1470 2866 1476 2873 .
1547 2831 1680 2887 lxxxj.

163 2904 349 2958 Qualiter
385 2918 529 2958 corpus
570 2902 610 2943 in
644 2906 826 2957 tempore
860 2899 1112 2942 infirmit-atis
1150 2915 1235 2942 suae
1277 2899 1482 2949 afflixerit,
