1839 3186
216 191 268 231 66
738 199 969 231 LIBELLUs
1005 200 1067 230 DE
1104 199 1218 230 vrrA

215 404 301 430 OAP.
336 405 407 430 XX.
470 404 559 433 QUIS
595 404 801 430 EPISCOPUS
844 404 923 428 1LL1
955 403 1088 429 LOCUM
1135 403 1258 429 IPSUM
1295 403 1481 437 DEDERIT,
1520 403 1567 427 ET
1599 403 1625 427 A
1661 402 1748 432 QUI-

694 471 766 496 BUs
798 471 910 496 ILLUC
941 471 1171 496 PERDUCTUS
1202 454 1292 496 SIT.l

285 570 303 623 ξ
330 573 397 612 54.
431 571 598 613 DEINDE
633 572 743 626 quod
773 571 954 627 repperit
987 570 1130 612 amicis
1160 569 1349 611 fidelibus
1385 570 1581 624 pandens,
1613 570 1749 610 locum

216 637 333 678 illum
368 638 444 679 sibi
476 639 730 694 complacere
761 639 963 686 asseruit3
1010 644 1051 678 et
1083 637 1192 691 quod
1224 638 1282 678 ibi
1316 637 1492 679 libenter
1522 637 1748 678 solitariam

218 704 349 745 vitam
371 705 552 756 duceret,
586 707 618 747 si
640 706 683 746 id
705 706 865 746 licitum
900 705 973 746 sibi
997 704 1115 753 foret,
1148 705 1268 744 dixit.
1341 703 1469 760 Cujus
1492 704 1660 759 pietatis
1681 704 1749 744 de-

219 771 369 813 siderio
411 773 532 813 amici
570 777 611 813 et
649 771 791 813 fideles
825 772 972 825 quique
1010 771 1118 812 illius
1156 771 1354 825 temporis
1397 770 1748 825 congratulantes,

218 838 456 894 episcopum
494 840 676 880 civitatis
704 839 871 887 adeunt,
910 844 951 879 et
989 843 1036 879 ut
1073 838 1186 879 locus
1215 838 1284 878 1116
1316 838 1521 879 solitarius
1551 837 1625 878 tali
1660 838 1748 878 viro

218 904 454 956 donaretur,
497 906 778 947 obtinuerunt.
841 905 905 946 Eo
948 910 1135 960 tempore
1174 904 1190 926 2
1209 904 1442 946 Rannulfus
1476 904 1749 959 episcopalem

219 972 461 1013 cathedram
491 973 533 1013 in
568 973 776 1014 Dunelrno
812 972 962 1021 tenuit,
999 972 1067 1026 qui
1099 969 1194 1027 jure
1237 972 1431 1027 episcopii
1478 972 1588 1013 vices
1628 971 1750 1012 Beati

217 1039 347 1093 patris
380 1039 600 1081 Outhberti
631 1039 795 1095 gloriosi
831 1037 1036 1094 pontificis
1070 1039 1258 1093 supplere
1293 1038 1470 1086 debuit;
1515 1039 1583 1093 qui
1607 1039 1751 1093 agnita

217 1106 409 1160 praedicti
430 1107 506 1148 viri
534 1107 690 1161 pietate
712 1107 876 1156 devota,
908 1106 1206 1161 postulantium
1236 1121 1310 1160 pro
1333 1121 1380 1146 eo
1412 1120 1553 1160 preces
1574 1106 1750 1160 benigne

218 1173 450 1221 exaudivit,
484 1172 525 1214 et
555 1173 754 1227 quosdam
784 1174 835 1214 de
863 1174 959 1223 suis,
998 1173 1066 1227 qui
1092 1173 1128 1213 ei
1156 1177 1311 1213 terram
1343 1177 1541 1227 quantam
1577 1171 1750 1227 ³postu-

216 1238 420 1290 laverant,
445 1240 671 1290 traderent,
711 1240 808 1281 illuc
848 1255 942 1281 cum
983 1254 1030 1280 eo
1064 1240 1309 1281 transmisit.
1374 1239 1491 1280 Inter
1523 1254 1622 1293 quos
1660 1245 1748 1280 erat

217 1307 446 1361 praecipuus
471 1307 686 1362 presbyter
716 1307 934 1357 Rodulfus,
959 1307 1028 1361 qui
1059 1311 1100 1347 et
1131 1307 1170 1347 in
1204 1311 1294 1347 toto
1318 1305 1440 1362 hujus
1464 1306 1597 1362 operis
1618 1305 1750 1347 officio

216 1373 405 1415 incentor
426 1379 467 1415 et
498 1379 738 1429 cooperator
759 1375 976 1415 exstiterat
1005 1373 1318 1421 devotissimus3
1353 1378 1394 1414 et
1431 1389 1525 1414 cum
1561 1388 1608 1414 eo
1635 1373 1651 1394 4
1668 1373 1751 1413 Ra-

218 1439 356 1482 dulfus
393 1441 576 1490 clericus,
612 1441 790 1496 episcopi
821 1441 1008 1496 praedicti
1041 1439 1159 1490 filius,
1184 1440 1457 1481 collaborator
1487 1441 1529 1481 in
1567 1440 1631 1481 his
1664 1445 1751 1481 stu-

218 1506 369 1548 diosus.
432 1508 537 1549 Erat
566 1507 768 1563 siquidem
799 1507 912 1549 locus
945 1507 1012 1548 ille
1042 1507 1092 1547 de
1116 1506 1212 1562 jure
1249 1508 1440 1562 episcopi,
1472 1508 1543 1548 ubi
1576 1516 1751 1548 venatus

216 1573 343 1628 ipsius
375 1575 558 1616 studium
591 1575 742 1629 saepius
770 1575 927 1616 solebat
957 1574 1234 1628 frequentari,
1269 1574 1379 1615 unde
1414 1574 1569 1615 nemini
1598 1574 1750 1615 licebat

215 1640 270 1680 ad
304 1640 417 1682 invia
451 1641 529 1682 ioci
565 1642 692 1696 ipsius
730 1641 937 1692 accedere,
974 1641 1051 1682 nisi
1082 1641 1194 1695 prius
1218 1642 1270 1682 ab
1302 1641 1492 1696 episcopo
1524 1641 1750 1695 impetrata

214 1705 425 1759 facultate,
458 1708 526 1749 illo
561 1713 698 1763 posset
733 1709 940 1750 accedere.
1004 1708 1084 1760 Qui
1105 1708 1240 1748 virum
1270 1707 1351 1748 Dei
1380 1707 1434 1748 ad
1461 1708 1596 1748 locum
1628 1723 1750 1762 quem

213 1773 406 1828 elegerat,
431 1775 715 1830 perducentes,
746 1780 896 1816 cuncta
918 1790 1009 1829 quae
1046 1775 1088 1815 in
1122 1775 1331 1816 mandatis
1360 1778 1616 1829 acceperant,
1642 1789 1750 1814 com-

212 1840 460 1894 pleverunt;
497 1841 747 1896 domumque
778 1847 1045 1892 revertentes,
1086 1842 1221 1896 ipsum
1251 1842 1308 1883 ibi
1342 1842 1569 1883 solitarium
1605 1837 1751 1881 5dimi—

214 1912 370 1949 serunt.

266 2019 273 2037 ¹
303 2019 344 2053 In
363 2020 420 2053 the
439 2020 535 2056 Harl.
554 2021 628 2054 Ms.
649 2020 787 2065 chapter
801 2019 907 2053 XXI.

262 2066 275 2086 2
294 2066 517 2112 Ramzulfus]
542 2067 652 2112 Ralph
672 2066 866 2106 Flambard,
892 2065 1013 2110 bishop
1040 2065 1077 2098 of
1099 2065 1251 2098 Durham
1277 2066 1362 2098 from
1382 2077 1454 2099 A.D.
1475 2067 1564 2100 1099
1587 2071 1621 2099 to
1645 2068 1748 2100 1128.

216 2106 465 2146 Hutchinsoxi’s
480 2113 644 2155 Durham,
663 2113 686 2146 i.
702 2116 779 2146 152.
831 2112 967 2157 Having
991 2112 1111 2157 placed
1129 2112 1255 2145 Godric
1281 2112 1385 2156 there,
1412 2112 1455 2146 116
1472 2113 1674 2146 transferred
1692 2113 1749 2146 the

216 2160 238 2177 ‘⁶
254 2159 519 2193 Heremitorium
546 2159 586 2192 de
617 2160 644 2192 F
648 2159 793 2201 inchale,
822 2171 900 2193 cum
929 2159 1017 2203 agris
1045 2159 1126 2202 suis,
1156 2165 1189 2192 et
1215 2159 1370 2204 piscaria,
1400 2166 1433 2192 et
1463 2160 1620 2192 omnibus
1647 2160 1747 2193 rebus

215 2206 336 2239 ceteris
361 2205 631 2250 adjacentibus,”
659 2211 694 2239 to
720 2206 778 2239 the
810 2206 900 2252 prior
929 2206 995 2239 and
1028 2211 1172 2239 convent
1199 2206 1237 2240 of
1261 2206 1426 2240 Durham.
1477 2207 1540 2239 See
1570 2206 1689 2252 Priory
1716 2207 1754 2239 of

215 2252 392 2296 Finchale,
410 2265 443 2298 p.
463 2255 518 2287 ΞΟ.

261 2300 273 2318 ³
292 2299 580 2345 Postulaverant]
605 2299 862 2333 Postulaverat?

261 2347 272 2364 ‘¹
293 2345 488 2392 Radulsus]
516 2347 547 2379 A
567 2346 697 2379 charter
715 2347 753 2379 of
773 2346 830 2379 the
848 2346 931 2378 time
949 2346 986 2379 of
1008 2345 1113 2390 Hugh
1138 2346 1287 2391 Pudsey,
1305 2346 1425 2391 bishop
1455 2347 1493 2380 of
1510 2346 1675 2391 Durham7
1697 2359 1748 2380 re-

215 2393 369 2437 specting
393 2392 473 2426 land
502 2399 535 2426 at
554 2392 826 2438 WVoolsingham,
845 2392 956 2425 which
979 2393 1173 2426 afterwards
1199 2405 1294 2426 came
1320 2393 1390 2426 into
1413 2393 1470 2426 the
1495 2394 1687 2439 possession
1713 2393 1751 2427 of

214 2439 272 2472 the
290 2439 411 2472 monks
430 2439 467 2472 of
482 2439 655 2482 Finchale,
683 2440 710 2473 is
714 2420 909 2472 Owitnessed
933 2439 979 2484 by
997 2439 1108 2484 Ralph
1131 2440 1188 2472 the
1212 2439 1327 2473 Noble
1344 2439 1409 2472 and
1428 2440 1538 2485 Ralph
1556 2440 1613 2473 the
1633 2440 1745 2474 Clerk.

214 2485 335 2531 P1iory
352 2485 389 2518 of
403 2486 468 2519 Fin
471 2485 567 2519 chalc
582 2486 630 2531 (p.
647 2467 694 2530 77).
745 2486 818 2519 The
836 2497 928 2519 same
945 2498 1077 2530 person,
1096 2486 1171 2519 who
1190 2486 1271 2520 calls
1285 2486 1425 2519 himself
1439 2488 1461 2505 ⁴
1452 2486 1641 2520 Radulfus
1655 2487 1746 2520 filius

214 2532 314 2566 Ranfi
342 2532 583 2566 Dunelmensis
613 2533 773 2577 episcopi,
779 2532 799 2546 ’³
822 2544 905 2576 gare
934 2538 969 2565 to
999 2532 1056 2565 the
1083 2533 1204 2566 inonks
1227 2533 1265 2566 of
1290 2532 1443 2566 Durham
1470 2533 1527 2566 the
1557 2533 1684 2567 church
1713 2533 1751 2566 of

213 2579 343 2646 Bishop
361 2579 585 2612 Middleham.
636 2579 699 2612 See
717 2579 865 2612 Suitccs'
879 2578 1043 2622 Durham,
1062 2579 1110 2612 iii.
1129 2582 1209 2614 385.

258 2624 530 2671 ‘'Dimiserzmt]
560 2625 633 2658 The
650 2625 818 2658 incidents
844 2625 882 2658 of
899 2624 994 2658 these
1020 2631 1085 2658 two
1110 2626 1264 2670 chapters
1282 2637 1338 2658 are
1355 2625 1434 2659 thus
1452 2626 1608 2660 narrated
1633 2626 1667 2659 in
1685 2626 1744 2659 the

212 2684 423 2717 anonymous
440 2672 536 2706 Life:
564 2671 787 2705 “Advertens
814 2671 915 2716 igitur
935 2671 1048 2704 animo
1076 2672 1165 2716 quod
1188 2672 1235 2705 ibi
1265 2678 1353 2705 esset
1375 2672 1523 2705 Domino
1548 2673 1744 2716 serviturus²

212 2718 380 2763 reliquum
410 2718 540 2751 itineris
563 2730 640 2751 cum
666 2730 788 2762 magna
806 2717 915 2750 cordis
934 2717 1160 2751 exsultatione
1176 2719 1317 2763 peregit.
1369 2718 1521 2752 Tandem
1540 2719 1621 2752 illuc
1638 2730 1745 2764 usque

211 2765 421 2809 perveniens,
446 2765 557 2798 locum
583 2765 705 2810 reperit
731 2764 904 2797 horridum
931 2770 963 2797 et
989 2765 1176 2809 spinosum,
1195 2777 1262 2797 una
1279 2770 1411 2798 tantum
1428 2765 1623 2810 permodica
1639 2776 1742 2810 prope

210 2811 318 2856 ripam
340 2811 435 2844 &Veri
461 2811 611 2844 fluminis
637 2823 714 2844 alea
738 2816 833 2844 terrae
858 2810 958 2855 plana
984 2817 1054 2843 erat
1080 2817 1113 2844 et
1137 2811 1289 2844 herbida.
1340 2811 1430 2844 Loco
1448 2812 1596 2857 undique
1613 2812 1742 2857 perlus-

211 2863 309 2901 trato,
327 2870 376 2902 gr
367 2858 451 2891 itias
473 2870 575 2902 agens
603 2858 687 2901 Deo,
715 2857 923 2890 Dunelmum
948 2868 1025 2890 cum
1042 2869 1064 2902 g
1065 2857 1166 2890 tudio
1184 2869 1335 2891 reversus
1354 2864 1416 2901 est,
1435 2864 1467 2891 et
1485 2859 1603 2892 anneis
1622 2870 1741 2911 oppor-

212 2904 391 2937 tunitatom
426 2885 511 2937 lociO
526 2916 626 2949 quem
660 2904 841 2947 invenerat,
878 2903 1050 2938 indicavit.
1102 2904 1155 2937 Illi
1187 2905 1333 2938 civitatis
1363 2905 1570 2950 episcopum,
1604 2905 1740 2939 nomine
