1839 3186
529 256 589 287 ET
620 255 883 288 MIRAcULls
915 256 947 287 s.
977 255 1194 288 GODRICI.
1546 247 1627 286 245

96 363 183 400 tam
205 372 257 399 ex
279 373 326 399 eo
347 356 504 399 reficiat
540 358 720 399 animam
738 373 747 410 ;
786 358 881 412 quia
902 359 1048 400 melius
1071 364 1133 400 est
1154 363 1201 400 ut
1234 358 1305 399 illa
1325 373 1378 398 ex
1403 374 1450 399 eo
1479 358 1625 400 esuriei

98 439 180 466 suae
203 424 392 479 suppleat
415 424 609 479 inopiam,
633 439 755 478 quam
778 439 852 466 nos
882 425 949 465 hic
969 425 1156 479 pluribus
1185 424 1457 475 abundantes,
1481 439 1533 465 ex
1555 425 1624 466 illo

94 491 212 532 nobis
241 491 540 532 constituamus
575 490 823 531 annonain.''
906 491 990 532 Ivit
1019 491 1158 545 itaque
1181 492 1243 532 vir
1275 495 1315 531 et
1344 489 1506 546 conjugi
1538 506 1620 532 suae

95 557 212 598 illum
246 556 408 606 detulit,
446 571 694 612 cognoscens
730 556 826 611 quia
859 557 1052 612 quicquid
1086 557 1248 612 egisset,
1281 556 1343 598 vir
1375 556 1456 598 Dei
1494 557 1622 598 latere

94 622 329 665 nullatenus
354 622 635 678 1praevaleret.

93 912 181 938 CAP.
212 912 340 938 CXXII.
401 913 453 938 DE
483 911 601 939 TIBIIS
638 912 687 937 ET
723 912 889 938 PEDIBUS
920 912 1103 938 MINISTRI
1140 913 1338 948 INFLATIS,
1377 914 1447 938 SED
1485 913 1625 939 SUBITO

410 980 497 1005 ILLO
528 979 711 1004 MANIBUS
742 979 1067 1014 CONTRECTANTE,
1100 963 1310 1004 SANATIS.2

152 1079 174 1134 ξ
198 1081 294 1121 232.
327 1080 502 1132 QumAM
521 1080 671 1121 fratres
693 1078 744 1120 de
773 1078 956 1120 coenobio
988 1079 1030 1119 in
1061 1078 1205 1120 alienis
1226 1077 1375 1121 finibus
1396 1080 1545 1135 posit0‚
1569 1080 1624 1121 ad

94 1160 257 1187 servum
280 1146 361 1187 Dei
383 1146 608 1187 videndum
629 1145 915 1195 ascenderant,
938 1145 1007 1199 qui
1028 1145 1070 1186 in
1096 1145 1298 1186 comitatu
1323 1161 1396 1187 suo
1418 1146 1624 1199 quendam

92 1212 328 1253 ministrum
368 1212 551 1267 peditem
593 1227 799 1254 cursorem
843 1212 1010 1267 gravius
1064 1217 1334 1266 aegrotantem
1374 1212 1620 1254 habuerant.

96 1276 236 1334 Hujus
268 1278 394 1333 pedes
426 1294 521 1320 cum
547 1279 660 1320 tibiis
692 1283 836 1320 tantus
867 1283 1007 1319 tumor
1027 1283 1069 1319 et
1103 1278 1227 1319 rubor
1251 1293 1346 1320 cum
1368 1277 1624 1320 ³interraneo

98 1343 236 1385 dolore
258 1344 477 1396 invaserat,
502 1345 611 1399 quod
632 1344 728 1386 inde
759 1360 801 1386 se
822 1360 895 1399 per
919 1344 1006 1386 dies
1027 1344 1225 1399 plurimos
1245 1360 1328 1385 non
1356 1360 1473 1400 posse
1495 1360 1625 1386 reces-

95 1425 236 1452 surum
272 1411 433 1453 domnis
472 1412 555 1453 suis
582 1411 807 1461 monachis,
838 1411 985 1465 quibus
1017 1410 1251 1452 ministrare
1285 1411 1499 1460 debuerat,
1531 1426 1625 1452 cum

96 1477 275 1518 lacrimis
296 1478 488 1532 querulus
510 1478 766 1533 deplorabat.
838 1477 941 1518 Post
971 1477 1116 1518 habita
1140 1492 1234 1518 cum
1264 1492 1380 1518 servo
1403 1477 1483 1518 Dei
1505 1477 1626 1518 collo-

98 1543 206 1597 quia,
230 1544 418 1599 deposita
438 1549 500 1586 est
522 1559 660 1585 coram
683 1559 729 1584 eo
750 1544 800 1584 de
822 1559 939 1585 servo
971 1544 1134 1584 illorum
1157 1548 1388 1598 aegrotante
1410 1544 1627 1585 lacrimosa

97 1610 275 1664 querela.
347 1610 427 1663 Qui
459 1626 599 1652 eorum
621 1610 885 1664 querimoniis
913 1610 1181 1664 compatiens,
1204 1611 1403 1665 praecepit
1434 1615 1626 1665 agrotan-

95 1681 179 1717 tem
211 1676 265 1717 ad
297 1692 339 1718 se
370 1677 413 1717 in
435 1677 666 1718 Ecclesiam
691 1676 897 1726 advocari,
924 1681 964 1717 et
998 1676 1076 1718 sibi
1108 1676 1365 1731 aegritudinis
1393 1676 1626 1718 molestiam

96 1748 138 1783 et
160 1743 367 1784 miseriam
393 1744 514 1784 simul
536 1742 711 1785 ostendi.
774 1743 985 1783 Perducto
1019 1757 1079 1792 e0,
1103 1748 1144 1783 et
1172 1747 1334 1783 tumore
1357 1743 1529 1784 deformi
1555 1743 1624 1784 de-

96 1809 265 1859 nudato,
290 1810 411 1864 coepit
442 1810 558 1863 quasi
589 1809 775 1850 alludens
810 1824 945 1864 genua
979 1823 1073 1849 cum
1111 1809 1285 1863 pedibus
1319 1809 1402 1850 suis
1435 1809 1627 1851 manibus

94 1875 332 1926 confricare,
359 1880 400 1916 et
420 1876 492 1917 ubi
514 1890 609 1916 eum
630 1875 746 1916 dolor
766 1879 927 1916 teneret
949 1872 1142 1930 jocanter
1167 1875 1384 1929 inquirere.
1447 1875 1627 1930 Lugenti

94 1941 166 1991 illi,
190 1947 231 1982 et
253 1941 394 1996 digitis
417 1942 553 1983 locum
581 1941 732 1982 doloris
762 1941 964 1992 innuenti,
987 1941 1043 1982 ibi
1065 1941 1224 1995 palmas
1250 1950 1397 1983 manus
1418 1942 1626 1996 apposuit,

94 2012 135 2048 et
166 2008 223 2048 sic
248 2023 430 2059 exorsus,
467 2008 540 2059 ait,
579 2013 603 2030 “
619 2008 670 2048 In
696 2008 874 2048 Nomine
896 2007 1066 2048 Domini
1087 2007 1118 2047 J
1122 2022 1194 2048 esu
1215 2007 1370 2049 Christi
1406 2008 1625 2058 Nazareni,

96 2088 215 2129 surge
250 2079 291 2116 et
333 2075 528 2123 ambula3
568 2079 609 2116 et
641 2074 803 2115 domnis
832 2073 928 2123 tuis,
954 2074 1060 2115 sicut
1094 2074 1208 2129 prius
1239 2089 1520 2123 consueveras,
1552 2074 1627 2115 mi-

97 2140 268 2182 nistra.”
330 2141 434 2194 Quae
456 2141 583 2183 verba
603 2140 662 2182 illi
686 2156 768 2182 non
796 2140 1076 2189 attendentes,
1102 2145 1194 2195 post
1225 2140 1489 2182 refectionem
1511 2141 1627 2182 illum

142 2254 150 2272 ¹
172 2249 403 2296 Praevaheret]
433 2249 626 2283 “Minister
651 2249 758 2294 ipsius
782 2248 824 2282 ab
851 2260 890 2282 eo
915 2249 1040 2282 missus
1065 2249 1108 2282 ad
1134 2249 1272 2282 divitem
1291 2249 1471 2294 quendam,
1490 2261 1626 2283 caseum

95 2296 218 2330 domno
243 2296 469 2342 peroptimum
495 2295 668 2338 referebat,
688 2307 788 2340 quem
807 2295 837 2328 ei
856 2295 949 2328 dives
974 2295 1031 2329 ille
1048 2296 1292 2329 transmiserat.
1343 2296 1411 2338 Qui
1429 2308 1506 2329 curn
1526 2296 1627 2329 debc-

95 2349 145 2376 ret
162 2355 205 2377 ex
230 2349 399 2389 praecepto
416 2342 524 2376 sancti
550 2341 669 2375 eodem
692 2342 746 2375 die
773 2341 911 2374 domum
929 2341 1048 2385 redire,
1066 2342 1275 2387 pernoctavit
1293 2354 1370 2375 cum
1389 2354 1495 2376 uxore
1513 2354 1573 2375 sua
1591 2342 1625 2375 in

93 2389 193 2423 domo
219 2389 329 2423 fratris
355 2389 419 2423 sui.
475 2388 540 2421 Ubi
567 2388 647 2421 dum
672 2399 789 2421 caseus
811 2387 868 2421 ille
886 2388 1000 2432 fertur,
1027 2399 1113 2421 uxor
1129 2394 1166 2421 ut
1182 2388 1261 2421 inde
1286 2388 1478 2422 comederet
1503 2400 1625 2433 magno

92 2436 288 2469 accenditur
316 2436 477 2480 appetitu.
528 2434 569 2467 In
598 2434 743 2467 crastino
771 2446 848 2467 cum
874 2435 1021 2467 venisset
1047 2434 1196 2477 domum,
1226 2435 1443 2480 interrogavit
1474 2447 1551 2468 eum
1580 2435 1628 2467 vir

95 2482 159 2516 Dei
178 2494 236 2516 cur
259 2488 358 2515 antea
380 2493 447 2514 non
465 2480 629 2522 venisset3
656 2480 713 2525 qui
739 2480 840 2513 falsas
865 2480 1015 2525 praetulit
1033 2481 1067 2513 in
1085 2493 1140 2514 ore
1159 2493 1289 2515 causas.
1339 2481 1403 2514 Cui
1422 2481 1471 2514 vir
1488 2488 1625 2514 sanctus

91 2529 159 2563 ait:
187 2529 251 2562 ‘In
275 2528 376 2562 domo
399 2527 510 2561 fratris
531 2527 581 2560 tui
605 2538 682 2559 cum
706 2532 765 2559 tua
793 2528 935 2571 conjuge
960 2527 1163 2572 pernoctasti
1182 2540 1190 2568 3
1217 2533 1250 2560 et
1268 2539 1403 2561 caseum
1432 2528 1625 2570 ostendens,

91 2586 233 2608 uxorem
258 2581 352 2608 tuam
378 2574 420 2607 ad
447 2573 591 2618 suspiria
616 2573 767 2617 coegisti.
817 2573 915 2606 Vade
944 2574 1045 2617 igitur
1068 2574 1146 2617 cito,
1171 2580 1203 2606 et
1222 2573 1314 2607 defer
1340 2574 1388 2606 illi
1415 2585 1563 2615 caseum,
1588 2579 1625 2606 ut

93 2622 236 2655 esuriem
256 2633 351 2654 suam
369 2620 447 2653 inde
464 2620 594 2653 reficiat
611 2632 620 2661 3
646 2619 724 2663 quia
737 2631 798 2652 nos
813 2620 919 2653 caseis
936 2619 1171 2654 abundamus?
1184 2621 1206 2635 ''
1233 2621 1347 2654 Anon.
1363 2620 1458 2654 Harl.
1475 2619 1623 2664 Legend.

137 2668 150 2688 2
177 2667 324 2713 Chapter
342 2666 555 2700 LXXXIII.
572 2666 607 2699 in
624 2665 681 2698 the
700 2665 796 2699 Harl.
815 2666 890 2700 MS.

140 2714 152 2733 ³
171 2712 396 2759 Interranea]
424 2714 467 2747 So
479 2712 537 2745 the
551 2712 626 2746 MS.
641 2711 720 2745 here
733 2711 799 2745 and
813 2718 847 2745 at
862 2708 880 2756 ξ
897 2715 962 2746 265
979 2725 987 2754 3
1012 2712 1072 2745 but
1085 2712 1228 2757 perhaps
1242 2724 1292 2745 we
1306 2712 1426 2745 should
1445 2712 1524 2745 read
1543 2713 1563 2731 ‘⁶
1574 2712 1625 2745 in-

93 2760 265 2794 teraneo.”
330 2759 497 2804 Reginald
519 2759 554 2792 in
578 2758 631 2792 his
658 2758 781 2792 Libell.
800 2758 841 2792 de
865 2758 1043 2792 Miraculis
1066 2759 1292 2792 S.Cuthberti
1316 2770 1358 2791 on
1383 2770 1445 2791 one
1468 2758 1624 2791 occasion

94 2818 172 2840 uses
197 2806 254 2839 the
279 2806 370 2839 word
398 2805 599 2850 accurately,
622 2804 918 2838 “interraneorum
946 2805 1228 2850 (interaneorum)
1254 2804 1396 2838 molesta
1426 2804 1625 2849 aegritudinc

95 2859 186 2886 totus
205 2852 388 2885 visceribus
418 2851 636 2897 dissipatus,''
667 2863 699 2896 p.
719 2852 788 2892 983
818 2851 878 2885 but
904 2857 937 2884 at
965 2863 997 2896 p.
1018 2854 1084 2885 220
1106 2850 1149 2884 hc
1175 2851 1295 2896 speaks
1323 2851 1360 2884 of
1384 2851 1624 2884 “inter-rancus

93 2899 186 2933 dolor
203 2897 364 2933 cerebri‚‘'
