1839 3186
624 204 683 237 TO
720 203 817 235 THE
852 201 1080 234 PREFACE.

1515 191 1620 232 xxxi

1422 314 1619 336 CAPITULUM

86 357 304 410 Quomodo
335 372 555 399 monacum
579 355 789 398 vocaverit
812 354 862 395 de
894 359 1016 396 nocte
1047 369 1120 409 per
1146 353 1353 406 nuntium,
1378 361 1420 396 et

143 430 242 479 quot
278 425 436 466 vicibus
469 422 570 465 fines
605 423 714 464 illius
748 421 1020 463 habitationis
1055 422 1216 472 exierit,
1248 427 1289 463 et
1320 421 1420 476 quid

144 491 377 546 promiserit
395 491 637 541 Benedicto,
657 495 698 531 et
716 489 893 544 qualiter
915 489 1103 531 diabolus
1119 488 1277 530 nudum
1296 487 1417 544 ejecit

146 558 196 599 de
228 559 348 609 lecto,
372 564 412 600 et
435 559 535 613 quid
566 558 805 613 praedixerit
832 557 882 597 de
914 556 1076 598 duobus
1107 556 1356 606 Laurentiis,
1381 561 1421 597 et

146 625 245 679 quid
266 625 509 681 praedixerit
528 625 563 666 ei
586 626 655 679 qui
679 639 816 666 coram
836 624 944 679 regis
968 622 1211 665 officialibus
1227 623 1421 679 litigabat

89 692 200 745 Quid
232 693 471 748 praedixerit
501 692 552 733 de
586 692 730 733 exsilio
767 690 912 732 Sancti
945 690 1137 740 Thomae,
1164 695 1205 731 et
1231 691 1281 732 de
1301 695 1422 732 tauro

147 775 268 814 quem
290 760 438 801 mulier
458 760 693 801 adducebat

92 826 309 879 Quomodo
330 827 436 869 vidit
453 827 495 868 in
517 827 665 882 spiritu
687 825 798 880 quod
820 825 1009 867 diabolus
1031 824 1222 866 circuiret
1238 825 1420 876 hortum,

150 898 191 935 et
214 893 313 948 quid
343 894 531 936 minister
551 894 695 935 fecerit
721 893 771 934 de
804 907 922 934 caseo
955 908 1076 947 quem
1108 892 1281 943 ferebat,
1309 897 1350 933 et
1373 892 1424 934 de

148 960 338 1002 ministro
361 961 537 1002 fratrum
559 961 627 1015 qui
651 960 701 1001 de
726 960 949 1015 longinquo
972 964 1175 1002 venerant
1198 960 1417 1015 aegrotanti

94 1027 204 1080 Quid
224 1028 464 1082 praedixerit
487 1028 537 1068 de
560 1027 720 1069 duobus
742 1027 948 1068 conversis
971 1027 1301 1069 Cisternensibus

93 1093 157 1135 De
190 1094 344 1136 visione
377 1094 663 1145 adolescentis,
697 1095 830 1149 prima
863 1099 904 1135 et
937 1094 1118 1135 secunda
1152 1098 1193 1135 et
1223 1094 1348 1136 tertia
1383 1099 1424 1136 et

151 1167 299 1216 quarta
326 1167 367 1203 et
389 1162 534 1216 quinta
562 1166 604 1203 et
626 1166 758 1203 sexta.
821 1161 1010 1214 Qualiter
1033 1161 1222 1203 diabolus
1250 1162 1304 1203 ad
1330 1177 1424 1203 eum

150 1229 310 1270 venerit
341 1244 434 1270 cum
467 1228 673 1285 ampullis,
708 1233 749 1270 et
787 1228 963 1283 qualiter
993 1229 1231 1270 adolescens
1262 1244 1426 1284 percus—

152 1296 250 1337 serit
272 1312 365 1337 eum
388 1296 568 1351 bipenni,
592 1301 633 1337 et
656 1295 766 1350 quod
789 1296 1010 1350 aliquando
1032 1311 1105 1351 per
1128 1311 1279 1350 aquam
1300 1296 1426 1337 bene-

152 1362 307 1404 dictam
339 1379 420 1404 non
451 1364 588 1418 potuit
612 1363 818 1405 deemones
849 1364 1006 1418 fugare,
1030 1368 1072 1404 et
1094 1363 1205 1417 quod
1236 1363 1425 1405 diabolus

151 1430 344 1485 apparuit
366 1431 402 1472 ei
424 1430 540 1485 quasi
561 1435 728 1472 sanctus
767 1460 775 1469 .

94 1495 160 1537 De
190 1496 301 1538 furto
331 1513 596 1538 nummorum
625 1497 666 1538 in
699 1497 869 1553 pariete,
901 1502 942 1539 et
973 1496 1071 1552 quid
1103 1497 1344 1553 praedixerit
1374 1498 1426 1539 de

143 1562 299 1618 juvene
323 1564 552 1606 Lundoniis
572 1570 807 1620 pugnaturo

96 1629 160 1671 De
182 1631 352 1672 muliere
373 1647 461 1686 quae
484 1630 588 1673 filios
609 1632 756 1673 habuit
777 1631 819 1672 in
842 1631 1077 1687 Norwegia,
1102 1636 1142 1673 et
1162 1632 1211 1673 de
1232 1631 1262 1673 J
1266 1632 1427 1673 ohanne

153 1699 455 1749 archidiacono,
488 1704 529 1740 et
566 1699 616 1740 de
653 1699 787 1754 priore
820 1699 1113 1750 Alnewicensi,
1145 1704 1187 1740 et
1222 1699 1272 1741 de
1301 1699 1423 1742 viridi

153 1765 310 1806 amictu
331 1766 483 1806 diaboli

98 1830 286 1883 Qualiter
307 1832 459 1873 dixerit
481 1832 598 1873 fratri
620 1847 741 1886 quem
762 1831 913 1874 viderit
936 1833 1205 1887 equitantem,
1230 1838 1271 1875 et
1293 1833 1428 1875 eidem

154 1899 236 1939 alia
255 1899 344 1940 vice
365 1899 565 1949 similiter,
590 1903 630 1940 et
652 1899 828 1953 qualiter
845 1899 996 1941 viderit
1018 1915 1169 1954 equum
1192 1906 1336 1942 contra
1358 1916 1427 1943 vo—

153 1965 359 2007 luntatem
380 1967 547 2008 sessoris
571 1966 771 2008 indomite
798 1966 1109 2018 discurrentem,
1134 1972 1175 2009 et
1198 1967 1248 2009 de
1280 1968 1427 2023 spiritu

154 2032 275 2075 famis
308 2034 376 2088 qui
409 2033 602 2088 apparuit
636 2033 685 2084 61,
722 2038 764 2075 et
798 2034 849 2075 de
882 2034 1030 2089 spiritu
1065 2034 1348 2077 fornicationis
1386 2035 1427 2076 in

154 2100 288 2154 specie
309 2101 492 2142 mulieris
513 2105 668 2141 ornatae

97 2165 162 2207 De
183 2173 375 2208 matrona
396 2183 499 2221 quae,
522 2171 690 2223 gustato
712 2165 800 2222 ejus
821 2182 940 2222 pane,
964 2169 1187 2219 convaluit,
1212 2174 1253 2211 et
1276 2169 1326 2210 de
1348 2169 1429 2211 alia

155 2249 244 2288 quae
266 2250 339 2289 per
359 2234 577 2289 corrigiam
599 2239 661 2276 est
683 2240 841 2284 sanata,
866 2239 906 2275 et
924 2235 974 2276 de
996 2235 1123 2276 fratre
1146 2236 1214 2290 qui
1237 2237 1430 2277 clericum

154 2301 368 2355 percussit,
392 2306 433 2342 et
456 2301 506 2342 de
538 2301 841 2343 sanctimoniali
867 2317 959 2356 quae
994 2302 1044 2343 de
1077 2302 1294 2345 Galwedia
1315 2304 1429 2345 venit

155 2367 210 2408 ad
246 2383 353 2418 611111,
384 2373 425 2409 et
454 2367 504 2408 de
534 2368 663 2409 fratre
699 2367 951 2410 Cisternensi
982 2369 1051 2423 qui
1082 2369 1212 2424 pilum
1249 2371 1346 2411 tulit
1376 2370 1426 2411 de

154 2434 431 2489 baibaipsius
489 2466 496 2474 .

98 2500 163 2542 De
194 2501 362 2542 redditu
385 2499 552 2556 juvenis
583 2501 651 2555 qui
685 2501 739 2542 ad
772 2501 973 2543 Sanctum
1007 2501 1037 2542 J
1041 2503 1217 2545 acobum
1251 2508 1314 2544 est
1335 2519 1428 2559 plo-

155 2567 300 2619 fectus,
333 2573 374 2609 et
397 2568 447 2609 de
475 2568 602 2609 fratre
634 2568 886 2610 Oisternensi
918 2569 987 2623 qui
1014 2570 1238 2611 tenebatur
1259 2585 1429 2612 consue-

155 2634 299 2675 tudine
322 2634 586 2689 delinquendi

98 2700 163 2741 De
200 2716 302 2742 zona
332 2717 405 2756 per
432 2716 556 2756 quam
587 2700 725 2743 fluxus
758 2702 967 2757 sanguinis
1001 2708 1063 2744 est
1094 2709 1274 2754 curatus,
1305 2709 1346 2744 et
1376 2703 1426 2744 de

155 2768 346 2809 columba
377 2783 501 2822 quam
532 2768 582 2809 de
615 2767 811 2810 crucifixo
843 2769 949 2810 vidit
981 2770 1107 2821 exire,
1141 2775 1182 2811 et
1214 2770 1264 2811 de
1295 2771 1427 2812 tribus

156 2834 252 2875 viris
285 2835 354 2889 qui
375 2835 624 2876 videbantur
652 2850 782 2885 orare,
812 2840 854 2877 et
877 2836 927 2877 de
961 2836 1123 2878 duobus
1155 2837 1295 2878 solidis
1328 2852 1429 2891 quos

155 2901 301 2942 mulier
323 2901 500 2942 detinuit
552 2933 559 2941 .

1520 622 1621 679 xlvij

1504 756 1623 813 xlviij

1535 960 1625 1000 xlix

1582 1563 1627 1622 lij

1566 1765 1627 1822 liij

1588 2438 1629 2479 lv

1573 2636 1627 2693 lvj

1558 2903 1628 2960 lvij
