<?xml version="1.0" encoding="UTF-8"?>
<!DOCTYPE html PUBLIC "-//W3C//DTD XHTML 1.0 Transitional//EN"
    "http://www.w3.org/TR/xhtml1/DTD/xhtml1-transitional.dtd">
<html xmlns="http://www.w3.org/1999/xhtml" xml:lang="en" lang="en">
 <head>
  <title>
</title>
<meta http-equiv="Content-Type" content="text/html;charset=utf-8" />
  <meta name='ocr-system' content='tesseract 3.04.00' />
  <meta name='ocr-capabilities' content='ocr_page ocr_carea ocr_par ocr_line ocrx_word'/>
</head>
<body>
  <div class='ocr_page' id='page_1' title='image "./libellusdevitaet00regi_0464.png"; bbox 0 0 1839 3186; ppageno 0'>
   <div class='ocr_carea' id='block_1_1' title="bbox 219 177 1222 221">
    <p class='ocr_par' dir='ltr' id='par_1_1' title="bbox 219 177 1222 221">
     <span class='ocr_line' id='line_1_1' title="bbox 219 177 1222 221; baseline -0.001 -5"><span class='ocrx_word' id='word_1_1' title='bbox 219 177 301 221; x_wconf 68' lang='lat'>418</span> <span class='ocrx_word' id='word_1_2' title='bbox 735 184 968 216; x_wconf 82' lang='lat' dir='ltr'><strong>LIBELLUS</strong></span> <span class='ocrx_word' id='word_1_3' title='bbox 1004 184 1069 215; x_wconf 86' lang='lat' dir='ltr'>DE</span> <span class='ocrx_word' id='word_1_4' title='bbox 1105 184 1222 215; x_wconf 83' lang='lat' dir='ltr'><strong>VITA</strong></span> 
     </span>
    </p>
   </div>
   <div class='ocr_carea' id='block_1_2' title="bbox 218 287 1749 1590">
    <p class='ocr_par' dir='ltr' id='par_1_2' title="bbox 218 287 1749 1590">
     <span class='ocr_line' id='line_1_2' title="bbox 219 287 1746 344; baseline 0 -14"><span class='ocrx_word' id='word_1_5' title='bbox 219 304 384 330; x_wconf 88' lang='lat' dir='ltr'>movere</span> <span class='ocrx_word' id='word_1_6' title='bbox 414 304 497 330; x_wconf 89' lang='lat' dir='ltr'>non</span> <span class='ocrx_word' id='word_1_7' title='bbox 527 289 676 344; x_wconf 86' lang='lat' dir='ltr'>potuit.</span> <span class='ocrx_word' id='word_1_8' title='bbox 748 288 957 343; x_wconf 82' lang='lat' dir='ltr'>Ooncepto</span> <span class='ocrx_word' id='word_1_9' title='bbox 992 287 1141 329; x_wconf 82' lang='lat' dir='ltr'><strong>exinde</strong></span> <span class='ocrx_word' id='word_1_10' title='bbox 1169 294 1262 343; x_wconf 89' lang='lat' dir='ltr'>post</span> <span class='ocrx_word' id='word_1_11' title='bbox 1292 287 1379 330; x_wconf 90' lang='lat' dir='ltr'>dies</span> <span class='ocrx_word' id='word_1_12' title='bbox 1407 288 1563 343; x_wconf 79' lang='lat' dir='ltr'>aliquot</span> <span class='ocrx_word' id='word_1_13' title='bbox 1593 288 1746 330; x_wconf 83' lang='lat' dir='ltr'>salubri</span> 
     </span>
     <span class='ocr_line' id='line_1_3' title="bbox 219 353 1745 410; baseline 0 -14"><span class='ocrx_word' id='word_1_14' title='bbox 219 355 399 406; x_wconf 77' lang='lat' dir='ltr'>consilio,</span> <span class='ocrx_word' id='word_1_15' title='bbox 424 370 527 410; x_wconf 92' lang='lat' dir='ltr'>equo</span> <span class='ocrx_word' id='word_1_16' title='bbox 548 356 661 396; x_wconf 89' lang='lat' dir='ltr'>illam</span> <span class='ocrx_word' id='word_1_17' title='bbox 692 356 951 410; x_wconf 80' lang='lat' dir='ltr'>imponentes</span> <span class='ocrx_word' id='word_1_18' title='bbox 978 354 1033 395; x_wconf 88' lang='lat' dir='ltr'>ad</span> <span class='ocrx_word' id='word_1_19' title='bbox 1054 355 1131 396; x_wconf 89' lang='lat' dir='ltr'>viri</span> <span class='ocrx_word' id='word_1_20' title='bbox 1158 354 1237 396; x_wconf 91' lang='lat' dir='ltr'>Dei</span> <span class='ocrx_word' id='word_1_21' title='bbox 1266 355 1528 409; x_wconf 88' lang='lat' dir='ltr'>sepulchrum</span> <span class='ocrx_word' id='word_1_22' title='bbox 1549 353 1635 410; x_wconf 85' lang='lat' dir='ltr'>ejus</span> <span class='ocrx_word' id='word_1_23' title='bbox 1654 370 1745 396; x_wconf 90' lang='lat' dir='ltr'>eam</span> 
     </span>
     <span class='ocr_line' id='line_1_4' title="bbox 220 420 1746 476; baseline -0.001 -13"><span class='ocrx_word' id='word_1_24' title='bbox 220 422 435 463; x_wconf 78' lang='lat' dir='ltr'>domestici</span> <span class='ocrx_word' id='word_1_25' title='bbox 468 421 765 476; x_wconf 78' lang='lat' dir='ltr'>perduxerunt,</span> <span class='ocrx_word' id='word_1_26' title='bbox 791 421 887 475; x_wconf 90' lang='lat' dir='ltr'>quia</span> <span class='ocrx_word' id='word_1_27' title='bbox 915 420 1024 462; x_wconf 90' lang='lat' dir='ltr'>diem</span> <span class='ocrx_word' id='word_1_28' title='bbox 1052 420 1318 476; x_wconf 80' lang='lat' dir='ltr'>depositionis</span> <span class='ocrx_word' id='word_1_29' title='bbox 1350 421 1459 463; x_wconf 89' lang='lat' dir='ltr'>illius</span> <span class='ocrx_word' id='word_1_30' title='bbox 1491 436 1675 462; x_wconf 87' lang='lat' dir='ltr'>annuum</span> <span class='ocrx_word' id='word_1_31' title='bbox 1702 421 1746 462; x_wconf 89' lang='grc'>111</span> 
     </span>
     <span class='ocr_line' id='line_1_5' title="bbox 221 488 1747 543; baseline -0.001 -14"><span class='ocrx_word' id='word_1_32' title='bbox 221 488 399 529; x_wconf 89' lang='lat' dir='ltr'>crastino</span> <span class='ocrx_word' id='word_1_33' title='bbox 420 489 634 530; x_wconf 87' lang='lat' dir='ltr'>imminere</span> <span class='ocrx_word' id='word_1_34' title='bbox 656 493 948 543; x_wconf 89' lang='lat' dir='ltr'>cognoverunt.</span> <span class='ocrx_word' id='word_1_35' title='bbox 1013 488 1113 539; x_wconf 73' lang='lat' dir='ltr'>Quae</span> <span class='ocrx_word' id='word_1_36' title='bbox 1134 488 1268 529; x_wconf 88' lang='lat' dir='ltr'>noctis</span> <span class='ocrx_word' id='word_1_37' title='bbox 1288 493 1485 543; x_wconf 76' lang='lat' dir='ltr'>tempore,</span> <span class='ocrx_word' id='word_1_38' title='bbox 1511 488 1610 528; x_wconf 89' lang='lat' dir='ltr'>dum</span> <span class='ocrx_word' id='word_1_39' title='bbox 1631 503 1747 529; x_wconf 87' lang='lat' dir='ltr'>secus</span> 
     </span>
     <span class='ocr_line' id='line_1_6' title="bbox 220 553 1748 610; baseline 0 -15"><span class='ocrx_word' id='word_1_40' title='bbox 220 555 409 595; x_wconf 91' lang='lat' dir='ltr'>tumbam</span> <span class='ocrx_word' id='word_1_41' title='bbox 433 555 567 610; x_wconf 87' lang='lat' dir='ltr'>posita</span> <span class='ocrx_word' id='word_1_42' title='bbox 588 554 759 609; x_wconf 87' lang='lat' dir='ltr'>pervigil</span> <span class='ocrx_word' id='word_1_43' title='bbox 781 559 984 604; x_wconf 79' lang='lat' dir='ltr'>exoraret,</span> <span class='ocrx_word' id='word_1_44' title='bbox 1008 553 1180 608; x_wconf 87' lang='lat' dir='ltr'>contigit</span> <span class='ocrx_word' id='word_1_45' title='bbox 1199 559 1247 594; x_wconf 89' lang='lat' dir='ltr'>ut</span> <span class='ocrx_word' id='word_1_46' title='bbox 1268 554 1465 595; x_wconf 88' lang='lat' dir='ltr'>reclinato</span> <span class='ocrx_word' id='word_1_47' title='bbox 1486 554 1541 595; x_wconf 88' lang='lat' dir='ltr'>ad</span> <span class='ocrx_word' id='word_1_48' title='bbox 1558 554 1748 595; x_wconf 88' lang='lat' dir='ltr'>tumbam</span> 
     </span>
     <span class='ocr_line' id='line_1_7' title="bbox 223 620 1746 675; baseline 0 -14"><span class='ocrx_word' id='word_1_49' title='bbox 223 622 372 675; x_wconf 79' lang='lat' dir='ltr'>capite,</span> <span class='ocrx_word' id='word_1_50' title='bbox 406 621 544 662; x_wconf 91' lang='lat' dir='ltr'>subito</span> <span class='ocrx_word' id='word_1_51' title='bbox 575 620 841 670; x_wconf 75' lang='lat' dir='ltr'>obdormiret,</span> <span class='ocrx_word' id='word_1_52' title='bbox 875 620 1043 673; x_wconf 86' lang='lat' dir='ltr'>visaque</span> <span class='ocrx_word' id='word_1_53' title='bbox 1072 625 1133 660; x_wconf 90' lang='lat' dir='ltr'>est</span> <span class='ocrx_word' id='word_1_54' title='bbox 1164 620 1240 660; x_wconf 90' lang='lat' dir='ltr'>sibi</span> <span class='ocrx_word' id='word_1_55' title='bbox 1280 620 1509 675; x_wconf 81' lang='lat' dir='ltr'>perspicere</span> <span class='ocrx_word' id='word_1_56' title='bbox 1545 620 1746 662; x_wconf 88' lang='lat' dir='ltr'>Sanctum</span> 
     </span>
     <span class='ocr_line' id='line_1_8' title="bbox 223 685 1749 736; baseline 0 -9"><span class='ocrx_word' id='word_1_57' title='bbox 223 686 449 727; x_wconf 77' lang='lat' dir='ltr'>Godricum</span> <span class='ocrx_word' id='word_1_58' title='bbox 469 687 648 728; x_wconf 83' lang='lat' dir='ltr'>ecclesiae</span> <span class='ocrx_word' id='word_1_59' title='bbox 669 686 812 727; x_wconf 89' lang='lat' dir='ltr'>limina</span> <span class='ocrx_word' id='word_1_60' title='bbox 830 685 966 727; x_wconf 90' lang='lat' dir='ltr'>subito</span> <span class='ocrx_word' id='word_1_61' title='bbox 986 685 1167 736; x_wconf 80' lang='lat' dir='ltr'>introire,</span> <span class='ocrx_word' id='word_1_62' title='bbox 1186 701 1233 727; x_wconf 87' lang='lat' dir='ltr'>ac</span> <span class='ocrx_word' id='word_1_63' title='bbox 1251 686 1481 727; x_wconf 82' lang='lat' dir='ltr'>dulcimode</span> <span class='ocrx_word' id='word_1_64' title='bbox 1499 701 1591 727; x_wconf 88' lang='lat' dir='ltr'>cum</span> <span class='ocrx_word' id='word_1_65' title='bbox 1612 686 1749 727; x_wconf 86' lang='lat' dir='ltr'>fratri-</span> 
     </span>
     <span class='ocr_line' id='line_1_9' title="bbox 220 751 1747 807; baseline -0.001 -13"><span class='ocrx_word' id='word_1_66' title='bbox 220 753 298 794; x_wconf 91' lang='lat' dir='ltr'>bus</span> <span class='ocrx_word' id='word_1_67' title='bbox 318 753 375 794; x_wconf 92' lang='lat' dir='ltr'>ibi</span> <span class='ocrx_word' id='word_1_68' title='bbox 398 758 644 794; x_wconf 79' lang='lat' dir='ltr'>nocturnam</span> <span class='ocrx_word' id='word_1_69' title='bbox 667 752 937 807; x_wconf 81' lang='lat' dir='ltr'>psallentibus</span> <span class='ocrx_word' id='word_1_70' title='bbox 964 752 1197 793; x_wconf 87' lang='lat' dir='ltr'>decantare.</span> <span class='ocrx_word' id='word_1_71' title='bbox 1261 752 1344 793; x_wconf 87' lang='lat' dir='ltr'>Sed</span> <span class='ocrx_word' id='word_1_72' title='bbox 1374 753 1473 793; x_wconf 88' lang='lat' dir='ltr'>dum</span> <span class='ocrx_word' id='word_1_73' title='bbox 1494 753 1557 793; x_wconf 91' lang='lat' dir='ltr'>vir</span> <span class='ocrx_word' id='word_1_74' title='bbox 1578 751 1747 793; x_wconf 89' lang='lat' dir='ltr'>Domini</span> 
     </span>
     <span class='ocr_line' id='line_1_10' title="bbox 222 818 1746 874; baseline -0.001 -14"><span class='ocrx_word' id='word_1_75' title='bbox 222 819 426 860; x_wconf 78' lang='lat' dir='ltr'>Godricus</span> <span class='ocrx_word' id='word_1_76' title='bbox 443 819 610 874; x_wconf 89' lang='lat' dir='ltr'>propius</span> <span class='ocrx_word' id='word_1_77' title='bbox 631 818 815 869; x_wconf 72' lang='lat' dir='ltr'>accessit,</span> <span class='ocrx_word' id='word_1_78' title='bbox 833 818 904 860; x_wconf 90' lang='lat' dir='ltr'>illa</span> <span class='ocrx_word' id='word_1_79' title='bbox 919 818 1047 873; x_wconf 88' lang='lat' dir='ltr'>ipsius</span> <span class='ocrx_word' id='word_1_80' title='bbox 1065 833 1186 873; x_wconf 89' lang='lat' dir='ltr'>super</span> <span class='ocrx_word' id='word_1_81' title='bbox 1205 834 1247 860; x_wconf 89' lang='lat' dir='ltr'>se</span> <span class='ocrx_word' id='word_1_82' title='bbox 1270 818 1532 860; x_wconf 87' lang='lat' dir='ltr'>clementiam</span> <span class='ocrx_word' id='word_1_83' title='bbox 1552 818 1746 873; x_wconf 89' lang='lat' dir='ltr'>interpel-</span> 
     </span>
     <span class='ocr_line' id='line_1_11' title="bbox 223 883 1748 940; baseline -0.001 -14"><span class='ocrx_word' id='word_1_84' title='bbox 223 885 308 926; x_wconf 88' lang='lat' dir='ltr'>lare</span> <span class='ocrx_word' id='word_1_85' title='bbox 327 900 407 926; x_wconf 90' lang='lat' dir='ltr'>non</span> <span class='ocrx_word' id='word_1_86' title='bbox 425 885 546 927; x_wconf 90' lang='lat' dir='ltr'>desiit</span> <span class='ocrx_word' id='word_1_87' title='bbox 562 903 572 933; x_wconf 76' lang='lat'>3</span> <span class='ocrx_word' id='word_1_88' title='bbox 606 885 661 927; x_wconf 91' lang='lat' dir='ltr'>ad</span> <span class='ocrx_word' id='word_1_89' title='bbox 678 883 793 940; x_wconf 83' lang='lat' dir='ltr'>cujus</span> <span class='ocrx_word' id='word_1_90' title='bbox 816 884 1042 926; x_wconf 87' lang='lat' dir='ltr'>adventum</span> <span class='ocrx_word' id='word_1_91' title='bbox 1066 885 1264 926; x_wconf 87' lang='lat' dir='ltr'>adversus</span> <span class='ocrx_word' id='word_1_92' title='bbox 1282 884 1416 939; x_wconf 90' lang='lat' dir='ltr'>ipsum</span> <span class='ocrx_word' id='word_1_93' title='bbox 1434 885 1567 926; x_wconf 87' lang='lat' dir='ltr'>visum</span> <span class='ocrx_word' id='word_1_94' title='bbox 1582 890 1670 926; x_wconf 88' lang='lat' dir='ltr'>erat</span> <span class='ocrx_word' id='word_1_95' title='bbox 1688 885 1748 926; x_wconf 91' lang='lat' dir='ltr'>illi</span> 
     </span>
     <span class='ocr_line' id='line_1_12' title="bbox 221 950 1748 1007; baseline 0 -15"><span class='ocrx_word' id='word_1_96' title='bbox 221 952 407 992; x_wconf 85' lang='lat' dir='ltr'>ultronee</span> <span class='ocrx_word' id='word_1_97' title='bbox 441 950 527 1007; x_wconf 83' lang='lat' dir='ltr'>ejus</span> <span class='ocrx_word' id='word_1_98' title='bbox 559 952 821 1007; x_wconf 87' lang='lat' dir='ltr'>sepulchrum</span> <span class='ocrx_word' id='word_1_99' title='bbox 858 966 900 992; x_wconf 90' lang='lat' dir='ltr'>se</span> <span class='ocrx_word' id='word_1_100' title='bbox 934 950 1104 1005; x_wconf 74' lang='lat' dir='ltr'>aperire,</span> <span class='ocrx_word' id='word_1_101' title='bbox 1137 966 1185 992; x_wconf 85' lang='lat' dir='ltr'>ac</span> <span class='ocrx_word' id='word_1_102' title='bbox 1217 957 1310 1006; x_wconf 90' lang='lat' dir='ltr'>post</span> <span class='ocrx_word' id='word_1_103' title='bbox 1342 951 1620 992; x_wconf 90' lang='lat' dir='ltr'>introeuntem</span> <span class='ocrx_word' id='word_1_104' title='bbox 1644 951 1748 992; x_wconf 89' lang='lat' dir='ltr'>velle</span> 
     </span>
     <span class='ocr_line' id='line_1_13' title="bbox 220 1017 1746 1059; baseline 0 -1"><span class='ocrx_word' id='word_1_105' title='bbox 220 1018 443 1059; x_wconf 87' lang='lat' dir='ltr'>recludere.</span> <span class='ocrx_word' id='word_1_106' title='bbox 516 1018 634 1059; x_wconf 87' lang='lat' dir='ltr'>Tunc</span> <span class='ocrx_word' id='word_1_107' title='bbox 665 1018 736 1059; x_wconf 83' lang='lat' dir='ltr'>illa</span> <span class='ocrx_word' id='word_1_108' title='bbox 765 1022 827 1059; x_wconf 88' lang='lat' dir='ltr'>est</span> <span class='ocrx_word' id='word_1_109' title='bbox 859 1017 1106 1058; x_wconf 86' lang='lat' dir='ltr'>omnimodis</span> <span class='ocrx_word' id='word_1_110' title='bbox 1143 1022 1292 1058; x_wconf 90' lang='lat' dir='ltr'>conata</span> <span class='ocrx_word' id='word_1_111' title='bbox 1324 1018 1571 1058; x_wconf 87' lang='lat' dir='ltr'>introeuntis</span> <span class='ocrx_word' id='word_1_112' title='bbox 1605 1022 1746 1058; x_wconf 90' lang='lat' dir='ltr'>tenere</span> 
     </span>
     <span class='ocr_line' id='line_1_14' title="bbox 223 1082 1746 1140; baseline -0.001 -15"><span class='ocrx_word' id='word_1_113' title='bbox 223 1085 409 1140; x_wconf 84' lang='lat' dir='ltr'>vestigia,</span> <span class='ocrx_word' id='word_1_114' title='bbox 426 1100 676 1139; x_wconf 89' lang='lat' dir='ltr'>manumque</span> <span class='ocrx_word' id='word_1_115' title='bbox 698 1089 792 1139; x_wconf 89' lang='lat' dir='ltr'>post</span> <span class='ocrx_word' id='word_1_116' title='bbox 812 1084 929 1124; x_wconf 91' lang='lat' dir='ltr'>illum</span> <span class='ocrx_word' id='word_1_117' title='bbox 949 1084 1055 1125; x_wconf 88' lang='lat' dir='ltr'>forte</span> <span class='ocrx_word' id='word_1_118' title='bbox 1069 1082 1230 1139; x_wconf 83' lang='lat' dir='ltr'>jaciens</span> <span class='ocrx_word' id='word_1_119' title='bbox 1246 1084 1300 1124; x_wconf 89' lang='lat' dir='ltr'>ad</span> <span class='ocrx_word' id='word_1_120' title='bbox 1320 1089 1483 1139; x_wconf 88' lang='lat' dir='ltr'>petram</span> <span class='ocrx_word' id='word_1_121' title='bbox 1504 1083 1746 1139; x_wconf 79' lang='lat' dir='ltr'>sarcophagi</span> 
     </span>
     <span class='ocr_line' id='line_1_15' title="bbox 218 1150 1747 1205; baseline 0 -14"><span class='ocrx_word' id='word_1_122' title='bbox 218 1151 384 1205; x_wconf 90' lang='lat' dir='ltr'>gravius</span> <span class='ocrx_word' id='word_1_123' title='bbox 403 1151 553 1198; x_wconf 87' lang='lat' dir='ltr'>allisit;</span> <span class='ocrx_word' id='word_1_124' title='bbox 590 1152 726 1205; x_wconf 89' lang='lat' dir='ltr'>sicque</span> <span class='ocrx_word' id='word_1_125' title='bbox 744 1166 837 1191; x_wconf 89' lang='lat' dir='ltr'>cum</span> <span class='ocrx_word' id='word_1_126' title='bbox 858 1150 945 1191; x_wconf 86' lang='lat' dir='ltr'>ictu</span> <span class='ocrx_word' id='word_1_127' title='bbox 965 1150 1053 1205; x_wconf 91' lang='lat' dir='ltr'>ipso</span> <span class='ocrx_word' id='word_1_128' title='bbox 1076 1150 1285 1204; x_wconf 82' lang='lat' dir='ltr'>evigilans,</span> <span class='ocrx_word' id='word_1_129' title='bbox 1306 1165 1478 1191; x_wconf 89' lang='lat' dir='ltr'>manum</span> <span class='ocrx_word' id='word_1_130' title='bbox 1491 1155 1747 1191; x_wconf 88' lang='lat' dir='ltr'>contractam</span> 
     </span>
     <span class='ocr_line' id='line_1_16' title="bbox 222 1216 1746 1271; baseline -0.001 -13"><span class='ocrx_word' id='word_1_131' title='bbox 222 1217 393 1258; x_wconf 79' lang='lat' dir='ltr'>liberam</span> <span class='ocrx_word' id='word_1_132' title='bbox 411 1223 451 1258; x_wconf 92' lang='lat' dir='ltr'>et</span> <span class='ocrx_word' id='word_1_133' title='bbox 473 1217 731 1259; x_wconf 85' lang='lat' dir='ltr'>sanissimam</span> <span class='ocrx_word' id='word_1_134' title='bbox 749 1216 944 1271; x_wconf 89' lang='lat' dir='ltr'>repperit.</span> <span class='ocrx_word' id='word_1_135' title='bbox 997 1216 1114 1257; x_wconf 89' lang='lat' dir='ltr'>Tunc</span> <span class='ocrx_word' id='word_1_136' title='bbox 1130 1231 1271 1257; x_wconf 90' lang='lat' dir='ltr'>omnes</span> <span class='ocrx_word' id='word_1_137' title='bbox 1288 1217 1357 1270; x_wconf 88' lang='lat' dir='ltr'>qui</span> <span class='ocrx_word' id='word_1_138' title='bbox 1375 1217 1548 1257; x_wconf 85' lang='lat' dir='ltr'>aderant</span> <span class='ocrx_word' id='word_1_139' title='bbox 1566 1216 1746 1257; x_wconf 89' lang='lat' dir='ltr'>Domino</span> 
     </span>
     <span class='ocr_line' id='line_1_17' title="bbox 219 1281 1748 1338; baseline -0.001 -14"><span class='ocrx_word' id='word_1_140' title='bbox 219 1284 375 1338; x_wconf 82' lang='lat' dir='ltr'>gratias</span> <span class='ocrx_word' id='word_1_141' title='bbox 409 1285 598 1334; x_wconf 80' lang='lat' dir='ltr'>retulere,</span> <span class='ocrx_word' id='word_1_142' title='bbox 632 1289 673 1325; x_wconf 91' lang='lat' dir='ltr'>et</span> <span class='ocrx_word' id='word_1_143' title='bbox 707 1298 775 1324; x_wconf 92' lang='lat' dir='ltr'>ore</span> <span class='ocrx_word' id='word_1_144' title='bbox 806 1289 847 1323; x_wconf 91' lang='lat' dir='ltr'>et</span> <span class='ocrx_word' id='word_1_145' title='bbox 876 1283 998 1323; x_wconf 92' lang='lat' dir='ltr'>corde</span> <span class='ocrx_word' id='word_1_146' title='bbox 1021 1281 1284 1338; x_wconf 83' lang='lat' dir='ltr'>jocundiores</span> <span class='ocrx_word' id='word_1_147' title='bbox 1314 1283 1523 1324; x_wconf 76' lang='lat' dir='ltr'>exstitere.</span> <span class='ocrx_word' id='word_1_148' title='bbox 1586 1282 1648 1323; x_wconf 89' lang='lat' dir='ltr'>At</span> <span class='ocrx_word' id='word_1_149' title='bbox 1676 1282 1748 1323; x_wconf 90' lang='lat' dir='ltr'>illa</span> 
     </span>
     <span class='ocr_line' id='line_1_18' title="bbox 222 1349 1745 1404; baseline -0.001 -13"><span class='ocrx_word' id='word_1_150' title='bbox 222 1365 311 1403; x_wconf 88' lang='lat' dir='ltr'>quae</span> <span class='ocrx_word' id='word_1_151' title='bbox 339 1365 442 1404; x_wconf 89' lang='lat' dir='ltr'>equo</span> <span class='ocrx_word' id='word_1_152' title='bbox 473 1356 594 1391; x_wconf 87' lang='lat' dir='ltr'>vecta</span> <span class='ocrx_word' id='word_1_153' title='bbox 618 1351 688 1391; x_wconf 92' lang='lat' dir='ltr'>illo</span> <span class='ocrx_word' id='word_1_154' title='bbox 724 1349 959 1399; x_wconf 72' lang='lat' dir='ltr'>devenerat,</span> <span class='ocrx_word' id='word_1_155' title='bbox 985 1364 1085 1390; x_wconf 86' lang='lat' dir='ltr'>sana</span> <span class='ocrx_word' id='word_1_156' title='bbox 1113 1349 1286 1404; x_wconf 89' lang='lat' dir='ltr'>pedibus</span> <span class='ocrx_word' id='word_1_157' title='bbox 1316 1349 1490 1404; x_wconf 82' lang='lat' dir='ltr'>propriis</span> <span class='ocrx_word' id='word_1_158' title='bbox 1520 1349 1745 1390; x_wconf 86' lang='lat' dir='ltr'>remeabat.</span> 
     </span>
     <span class='ocr_line' id='line_1_19' title="bbox 223 1415 1748 1471; baseline -0.001 -15"><span class='ocrx_word' id='word_1_159' title='bbox 223 1415 364 1471; x_wconf 86' lang='lat' dir='ltr'>Hujus</span> <span class='ocrx_word' id='word_1_160' title='bbox 398 1417 584 1461; x_wconf 88' lang='lat' dir='ltr'>miraculi</span> <span class='ocrx_word' id='word_1_161' title='bbox 623 1416 798 1457; x_wconf 88' lang='lat' dir='ltr'>domnus</span> <span class='ocrx_word' id='word_1_162' title='bbox 839 1420 879 1456; x_wconf 90' lang='lat' dir='ltr'>et</span> <span class='ocrx_word' id='word_1_163' title='bbox 917 1415 1068 1456; x_wconf 90' lang='lat' dir='ltr'>domna</span> <span class='ocrx_word' id='word_1_164' title='bbox 1103 1415 1250 1456; x_wconf 88' lang='lat' dir='ltr'>domus</span> <span class='ocrx_word' id='word_1_165' title='bbox 1297 1431 1391 1456; x_wconf 90' lang='lat' dir='ltr'>cum</span> <span class='ocrx_word' id='word_1_166' title='bbox 1435 1415 1546 1456; x_wconf 90' lang='lat' dir='ltr'>omni</span> <span class='ocrx_word' id='word_1_167' title='bbox 1590 1415 1748 1456; x_wconf 87' lang='lat' dir='ltr'>familia</span> 
     </span>
     <span class='ocr_line' id='line_1_20' title="bbox 221 1481 1748 1535; baseline -0.001 -11"><span class='ocrx_word' id='word_1_168' title='bbox 221 1488 351 1524; x_wconf 88' lang='lat' dir='ltr'>testes</span> <span class='ocrx_word' id='word_1_169' title='bbox 375 1483 598 1531; x_wconf 79' lang='lat' dir='ltr'>assistunt3</span> <span class='ocrx_word' id='word_1_170' title='bbox 639 1487 679 1524; x_wconf 84' lang='lat' dir='ltr'>et</span> <span class='ocrx_word' id='word_1_171' title='bbox 701 1481 846 1523; x_wconf 88' lang='lat' dir='ltr'>eadem</span> <span class='ocrx_word' id='word_1_172' title='bbox 875 1482 1034 1532; x_wconf 83' lang='lat' dir='ltr'>mulier,</span> <span class='ocrx_word' id='word_1_173' title='bbox 1058 1496 1152 1523; x_wconf 87' lang='grc'><strong>611111</strong></span> <span class='ocrx_word' id='word_1_174' title='bbox 1183 1482 1374 1524; x_wconf 88' lang='lat' dir='ltr'>omnibus</span> <span class='ocrx_word' id='word_1_175' title='bbox 1401 1481 1470 1535; x_wconf 94' lang='lat' dir='ltr'>qui</span> <span class='ocrx_word' id='word_1_176' title='bbox 1492 1481 1536 1523; x_wconf 89' lang='lat' dir='ltr'>id</span> <span class='ocrx_word' id='word_1_177' title='bbox 1556 1481 1748 1523; x_wconf 87' lang='lat' dir='ltr'>viderant</span> 
     </span>
     <span class='ocr_line' id='line_1_21' title="bbox 222 1548 518 1590; baseline -0.003 0"><span class='ocrx_word' id='word_1_178' title='bbox 222 1554 262 1590; x_wconf 90' lang='lat' dir='ltr'>et</span> <span class='ocrx_word' id='word_1_179' title='bbox 285 1548 518 1590; x_wconf 88' lang='lat' dir='ltr'>1noverant.</span> 
     </span>
    </p>
   </div>
   <div class='ocr_carea' id='block_1_3' title="bbox 220 1712 1746 1872">
    <p class='ocr_par' dir='ltr' id='par_1_3' title="bbox 220 1712 1746 1872">
     <span class='ocr_line' id='line_1_22' title="bbox 220 1712 1746 1746; baseline -0.001 -7"><span class='ocrx_word' id='word_1_180' title='bbox 220 1714 358 1739; x_wconf 84' lang='lat' dir='ltr'>CXLIII.</span> <span class='ocrx_word' id='word_1_181' title='bbox 396 1714 448 1738; x_wconf 85' lang='lat' dir='ltr'>DE</span> <span class='ocrx_word' id='word_1_182' title='bbox 490 1713 619 1738; x_wconf 86' lang='lat' dir='ltr'>PUERO</span> <span class='ocrx_word' id='word_1_183' title='bbox 666 1712 874 1738; x_wconf 85' lang='lat' dir='ltr'>DEFUNCTO</span> <span class='ocrx_word' id='word_1_184' title='bbox 916 1712 964 1737; x_wconf 90' lang='lat' dir='ltr'>ET</span> <span class='ocrx_word' id='word_1_185' title='bbox 1007 1712 1113 1738; x_wconf 79' lang='lat' dir='ltr'>VITAE</span> <span class='ocrx_word' id='word_1_186' title='bbox 1159 1712 1390 1746; x_wconf 81' lang='lat' dir='ltr'>RESTITUTO,</span> <span class='ocrx_word' id='word_1_187' title='bbox 1434 1712 1482 1737; x_wconf 84' lang='lat' dir='ltr'>ET</span> <span class='ocrx_word' id='word_1_188' title='bbox 1525 1712 1618 1737; x_wconf 83' lang='lat' dir='ltr'>POST</span> <span class='ocrx_word' id='word_1_189' title='bbox 1654 1712 1746 1738; x_wconf 84' lang='lat' dir='ltr'><strong>EJUS</strong></span> 
     </span>
     <span class='ocr_line' id='line_1_23' title="bbox 287 1778 1746 1805; baseline -0.001 0"><span class='ocrx_word' id='word_1_190' title='bbox 287 1780 441 1805; x_wconf 87' lang='lat' dir='ltr'><strong>OBITUM</strong></span> <span class='ocrx_word' id='word_1_191' title='bbox 490 1780 623 1805; x_wconf 83' lang='lat' dir='ltr'>CORAM</span> <span class='ocrx_word' id='word_1_192' title='bbox 671 1779 820 1804; x_wconf 86' lang='lat' dir='ltr'>MULTIS</span> <span class='ocrx_word' id='word_1_193' title='bbox 863 1779 1047 1805; x_wconf 85' lang='lat' dir='ltr'>TESTIBUS</span> <span class='ocrx_word' id='word_1_194' title='bbox 1093 1779 1147 1804; x_wconf 86' lang='lat' dir='ltr'>AD</span> <span class='ocrx_word' id='word_1_195' title='bbox 1197 1778 1464 1804; x_wconf 85' lang='lat' dir='ltr'>SEPULCHRUM</span> <span class='ocrx_word' id='word_1_196' title='bbox 1514 1778 1607 1804; x_wconf 81' lang='lat' dir='ltr'>EJUs</span> <span class='ocrx_word' id='word_1_197' title='bbox 1653 1778 1746 1804; x_wconf 81' lang='lat' dir='ltr'>PER-</span> 
     </span>
     <span class='ocr_line' id='line_1_24' title="bbox 287 1847 427 1872; baseline -0.007 0"><span class='ocrx_word' id='word_1_198' title='bbox 287 1847 427 1872; x_wconf 90' lang='lat' dir='ltr'><strong>DUCTO.</strong></span> 
     </span>
    </p>
   </div>
   <div class='ocr_carea' id='block_1_4' title="bbox 220 1925 1748 2375">
    <p class='ocr_par' dir='ltr' id='par_1_4' title="bbox 220 1925 1748 2375">
     <span class='ocr_line' id='line_1_25' title="bbox 280 1925 1746 1985; baseline -0.003 -14"><span class='ocrx_word' id='word_1_199' title='bbox 280 1932 421 1985; x_wconf 75' lang='lat' dir='ltr'>§51L</span> <span class='ocrx_word' id='word_1_200' title='bbox 455 1931 595 1970; x_wconf 78' lang='lat' dir='ltr'>VENrr</span> <span class='ocrx_word' id='word_1_201' title='bbox 630 1928 777 1969; x_wconf 88' lang='lat' dir='ltr'>mulier</span> <span class='ocrx_word' id='word_1_202' title='bbox 815 1928 1004 1983; x_wconf 72' lang='lat' dir='ltr'>quaedam</span> <span class='ocrx_word' id='word_1_203' title='bbox 1043 1928 1094 1968; x_wconf 85' lang='lat' dir='ltr'>de</span> <span class='ocrx_word' id='word_1_204' title='bbox 1131 1927 1431 1969; x_wconf 86' lang='lat' dir='ltr'>Northumbria</span> <span class='ocrx_word' id='word_1_205' title='bbox 1460 1927 1503 1967; x_wconf 89' lang='lat' dir='ltr'>in</span> <span class='ocrx_word' id='word_1_206' title='bbox 1530 1925 1746 1976; x_wconf 88' lang='lat' dir='ltr'>Finchale,</span> 
     </span>
     <span class='ocr_line' id='line_1_26' title="bbox 224 1992 1746 2049; baseline -0.003 -11"><span class='ocrx_word' id='word_1_207' title='bbox 224 1996 423 2038; x_wconf 89' lang='lat' dir='ltr'>Sanctum</span> <span class='ocrx_word' id='word_1_208' title='bbox 440 1997 520 2037; x_wconf 91' lang='lat' dir='ltr'>Dei</span> <span class='ocrx_word' id='word_1_209' title='bbox 535 2002 756 2037; x_wconf 74' lang='lat' dir='ltr'>exoratura</span> <span class='ocrx_word' id='word_1_210' title='bbox 770 2010 863 2036; x_wconf 89' lang='lat' dir='ltr'>cum</span> <span class='ocrx_word' id='word_1_211' title='bbox 877 1994 1036 2044; x_wconf 73' lang='lat' dir='ltr'>ceteris,</span> <span class='ocrx_word' id='word_1_212' title='bbox 1050 1994 1206 2049; x_wconf 88' lang='lat' dir='ltr'>gratias</span> <span class='ocrx_word' id='word_1_213' title='bbox 1221 1999 1362 2035; x_wconf 87' lang='lat' dir='ltr'>tamen</span> <span class='ocrx_word' id='word_1_214' title='bbox 1376 1994 1433 2034; x_wconf 87' lang='lat' dir='ltr'>illi</span> <span class='ocrx_word' id='word_1_215' title='bbox 1447 1992 1660 2034; x_wconf 89' lang='lat' dir='ltr'>redditura</span> <span class='ocrx_word' id='word_1_216' title='bbox 1672 2008 1746 2047; x_wconf 90' lang='lat' dir='ltr'>pro</span> 
     </span>
     <span class='ocr_line' id='line_1_27' title="bbox 220 2059 1747 2117; baseline -0.004 -13"><span class='ocrx_word' id='word_1_217' title='bbox 220 2062 429 2104; x_wconf 84' lang='lat' dir='ltr'>beneficiis</span> <span class='ocrx_word' id='word_1_218' title='bbox 449 2062 656 2117; x_wconf 87' lang='lat' dir='ltr'>quondam</span> <span class='ocrx_word' id='word_1_219' title='bbox 677 2061 719 2102; x_wconf 89' lang='lat' dir='ltr'>in</span> <span class='ocrx_word' id='word_1_220' title='bbox 739 2061 871 2116; x_wconf 87' lang='lat' dir='ltr'>ipsam</span> <span class='ocrx_word' id='word_1_221' title='bbox 893 2066 1069 2116; x_wconf 73' lang='lat' dir='ltr'>peractae</span> <span class='ocrx_word' id='word_1_222' title='bbox 1091 2060 1270 2115; x_wconf 84' lang='lat' dir='ltr'>pietatis.</span> <span class='ocrx_word' id='word_1_223' title='bbox 1309 2060 1489 2109; x_wconf 74' lang='lat' dir='ltr'>Nam,ut</span> <span class='ocrx_word' id='word_1_224' title='bbox 1504 2059 1595 2113; x_wconf 86' lang='lat' dir='ltr'>ipsa</span> <span class='ocrx_word' id='word_1_225' title='bbox 1610 2073 1747 2099; x_wconf 87' lang='lat' dir='ltr'>coram</span> 
     </span>
     <span class='ocr_line' id='line_1_28' title="bbox 222 2125 1746 2184; baseline -0.004 -13"><span class='ocrx_word' id='word_1_226' title='bbox 222 2129 398 2171; x_wconf 87' lang='lat' dir='ltr'>testibus</span> <span class='ocrx_word' id='word_1_227' title='bbox 427 2128 615 2184; x_wconf 90' lang='lat' dir='ltr'>plurimis</span> <span class='ocrx_word' id='word_1_228' title='bbox 643 2127 797 2177; x_wconf 81' lang='lat' dir='ltr'>retulit,</span> <span class='ocrx_word' id='word_1_229' title='bbox 828 2127 916 2167; x_wconf 82' lang='lat' dir='ltr'>haec</span> <span class='ocrx_word' id='word_1_230' title='bbox 949 2126 1156 2180; x_wconf 88' lang='lat' dir='ltr'>quondam</span> <span class='ocrx_word' id='word_1_231' title='bbox 1190 2127 1345 2167; x_wconf 89' lang='lat' dir='ltr'>diutius</span> <span class='ocrx_word' id='word_1_232' title='bbox 1374 2125 1523 2167; x_wconf 88' lang='lat' dir='ltr'>sterilis</span> <span class='ocrx_word' id='word_1_233' title='bbox 1544 2139 1638 2165; x_wconf 88' lang='lat' dir='ltr'>cum</span> <span class='ocrx_word' id='word_1_234' title='bbox 1658 2125 1746 2165; x_wconf 90' lang='lat' dir='ltr'>viro</span> 
     </span>
     <span class='ocr_line' id='line_1_29' title="bbox 222 2190 1747 2250; baseline -0.004 -13"><span class='ocrx_word' id='word_1_235' title='bbox 222 2211 295 2237; x_wconf 90' lang='lat' dir='ltr'>suo</span> <span class='ocrx_word' id='word_1_236' title='bbox 328 2211 400 2250; x_wconf 91' lang='lat' dir='ltr'>per</span> <span class='ocrx_word' id='word_1_237' title='bbox 421 2194 619 2250; x_wconf 88' lang='lat' dir='ltr'>plurimos</span> <span class='ocrx_word' id='word_1_238' title='bbox 641 2208 769 2234; x_wconf 90' lang='lat' dir='ltr'>annos</span> <span class='ocrx_word' id='word_1_239' title='bbox 790 2193 920 2233; x_wconf 91' lang='lat' dir='ltr'>vitam</span> <span class='ocrx_word' id='word_1_240' title='bbox 950 2193 1143 2233; x_wconf 87' lang='lat' dir='ltr'>miseram</span> <span class='ocrx_word' id='word_1_241' title='bbox 1175 2192 1364 2241; x_wconf 77' lang='lat' dir='ltr'>duxerat,</span> <span class='ocrx_word' id='word_1_242' title='bbox 1402 2192 1497 2246; x_wconf 89' lang='lat' dir='ltr'>quia</span> <span class='ocrx_word' id='word_1_243' title='bbox 1527 2190 1578 2231; x_wconf 92' lang='lat' dir='ltr'>de</span> <span class='ocrx_word' id='word_1_244' title='bbox 1608 2191 1747 2231; x_wconf 88' lang='lat' dir='ltr'>fructu</span> 
     </span>
     <span class='ocr_line' id='line_1_30' title="bbox 221 2257 1748 2314; baseline -0.004 -11"><span class='ocrx_word' id='word_1_245' title='bbox 221 2262 377 2304; x_wconf 88' lang='lat' dir='ltr'>ventris</span> <span class='ocrx_word' id='word_1_246' title='bbox 398 2261 459 2303; x_wconf 88' lang='lat' dir='ltr'>sui</span> <span class='ocrx_word' id='word_1_247' title='bbox 480 2260 632 2301; x_wconf 90' lang='lat' dir='ltr'>nullius</span> <span class='ocrx_word' id='word_1_248' title='bbox 663 2260 819 2314; x_wconf 86' lang='lat' dir='ltr'>prolem</span> <span class='ocrx_word' id='word_1_249' title='bbox 849 2259 1045 2313; x_wconf 87' lang='lat' dir='ltr'>germinis</span> <span class='ocrx_word' id='word_1_250' title='bbox 1073 2259 1281 2313; x_wconf 81' lang='lat' dir='ltr'>percipere</span> <span class='ocrx_word' id='word_1_251' title='bbox 1312 2258 1576 2313; x_wconf 61' lang='lat' dir='ltr'>praevalebat.</span> <span class='ocrx_word' id='word_1_252' title='bbox 1639 2257 1748 2297; x_wconf 88' lang='lat' dir='ltr'>Tan-</span> 
     </span>
     <span class='ocr_line' id='line_1_31' title="bbox 222 2323 1747 2375; baseline -0.004 -6"><span class='ocrx_word' id='word_1_253' title='bbox 222 2329 317 2369; x_wconf 87' lang='lat' dir='ltr'>dem</span> <span class='ocrx_word' id='word_1_254' title='bbox 340 2328 442 2369; x_wconf 90' lang='lat' dir='ltr'>inito</span> <span class='ocrx_word' id='word_1_255' title='bbox 464 2342 558 2368; x_wconf 89' lang='lat' dir='ltr'>cum</span> <span class='ocrx_word' id='word_1_256' title='bbox 582 2326 723 2367; x_wconf 87' lang='lat' dir='ltr'>amicis</span> <span class='ocrx_word' id='word_1_257' title='bbox 745 2325 926 2375; x_wconf 81' lang='lat' dir='ltr'>consilio,</span> <span class='ocrx_word' id='word_1_258' title='bbox 953 2325 1084 2366; x_wconf 91' lang='lat' dir='ltr'>virum</span> <span class='ocrx_word' id='word_1_259' title='bbox 1108 2340 1227 2366; x_wconf 89' lang='lat' dir='ltr'>suum</span> <span class='ocrx_word' id='word_1_260' title='bbox 1260 2325 1315 2365; x_wconf 91' lang='lat' dir='ltr'>ad</span> <span class='ocrx_word' id='word_1_261' title='bbox 1344 2339 1507 2366; x_wconf 90' lang='lat' dir='ltr'>servum</span> <span class='ocrx_word' id='word_1_262' title='bbox 1529 2323 1622 2373; x_wconf 87' lang='lat' dir='ltr'>Dei,</span> <span class='ocrx_word' id='word_1_263' title='bbox 1647 2328 1747 2364; x_wconf 89' lang='lat' dir='ltr'>tunc</span> 
     </span>
    </p>
   </div>
   <div class='ocr_carea' id='block_1_5' title="bbox 219 2423 1748 2841">
    <p class='ocr_par' dir='ltr' id='par_1_5' title="bbox 219 2423 1748 2841">
     <span class='ocr_line' id='line_1_32' title="bbox 269 2423 1748 2472; baseline -0.002 -13"><span class='ocrx_word' id='word_1_264' title='bbox 269 2427 278 2446; x_wconf 82' lang='lat'>¹</span> <span class='ocrx_word' id='word_1_265' title='bbox 299 2426 500 2472; x_wconf 67' lang='lat' dir='ltr'>Noverunt]</span> <span class='ocrx_word' id='word_1_266' title='bbox 528 2428 549 2445; x_wconf 77' lang='lat'>‘⁴</span> <span class='ocrx_word' id='word_1_267' title='bbox 561 2426 688 2459; x_wconf 85' lang='lat' dir='ltr'>Mulier</span> <span class='ocrx_word' id='word_1_268' title='bbox 702 2426 862 2459; x_wconf 87' lang='lat' dir='ltr'>Dunelmi</span> <span class='ocrx_word' id='word_1_269' title='bbox 880 2437 939 2471; x_wconf 88' lang='lat' dir='ltr'>pro</span> <span class='ocrx_word' id='word_1_270' title='bbox 956 2426 1112 2459; x_wconf 83' lang='lat' dir='ltr'>mercede</span> <span class='ocrx_word' id='word_1_271' title='bbox 1130 2425 1295 2459; x_wconf 82' lang='lat' dir='ltr'>serviebat</span> <span class='ocrx_word' id='word_1_272' title='bbox 1313 2425 1347 2458; x_wconf 92' lang='lat' dir='ltr'>in</span> <span class='ocrx_word' id='word_1_273' title='bbox 1362 2425 1462 2458; x_wconf 91' lang='lat' dir='ltr'>domo</span> <span class='ocrx_word' id='word_1_274' title='bbox 1475 2424 1611 2457; x_wconf 85' lang='lat' dir='ltr'>Hervei.</span> <span class='ocrx_word' id='word_1_275' title='bbox 1662 2423 1748 2457; x_wconf 86' lang='lat' dir='ltr'>Haec</span> 
     </span>
     <span class='ocr_line' id='line_1_33' title="bbox 220 2469 1748 2518; baseline -0.003 -12"><span class='ocrx_word' id='word_1_276' title='bbox 220 2474 308 2507; x_wconf 86' lang='lat' dir='ltr'>foras</span> <span class='ocrx_word' id='word_1_277' title='bbox 326 2484 469 2518; x_wconf 83' lang='lat' dir='ltr'>egressa,</span> <span class='ocrx_word' id='word_1_278' title='bbox 488 2484 568 2506; x_wconf 84' lang='lat' dir='ltr'>casu</span> <span class='ocrx_word' id='word_1_279' title='bbox 580 2473 715 2506; x_wconf 73' lang='lat' dir='ltr'>obvium</span> <span class='ocrx_word' id='word_1_280' title='bbox 733 2472 852 2505; x_wconf 85' lang='lat' dir='ltr'>habuit</span> <span class='ocrx_word' id='word_1_281' title='bbox 869 2472 1036 2516; x_wconf 86' lang='lat' dir='ltr'>quendam</span> <span class='ocrx_word' id='word_1_282' title='bbox 1053 2472 1270 2517; x_wconf 83' lang='lat' dir='ltr'>nigerrimum</span> <span class='ocrx_word' id='word_1_283' title='bbox 1289 2472 1345 2516; x_wconf 88' lang='lat' dir='ltr'>qui</span> <span class='ocrx_word' id='word_1_284' title='bbox 1364 2483 1437 2504; x_wconf 84' lang='lat' dir='ltr'>eam</span> <span class='ocrx_word' id='word_1_285' title='bbox 1456 2470 1631 2515; x_wconf 79' lang='lat' dir='ltr'>percussit,</span> <span class='ocrx_word' id='word_1_286' title='bbox 1650 2476 1683 2502; x_wconf 88' lang='lat' dir='ltr'>et</span> <span class='ocrx_word' id='word_1_287' title='bbox 1699 2469 1748 2503; x_wconf 86' lang='lat' dir='ltr'>sic</span> 
     </span>
     <span class='ocr_line' id='line_1_34' title="bbox 221 2517 1748 2564; baseline -0.003 -11"><span class='ocrx_word' id='word_1_288' title='bbox 221 2526 293 2553; x_wconf 85' lang='lat' dir='ltr'>tota</span> <span class='ocrx_word' id='word_1_289' title='bbox 310 2519 457 2564; x_wconf 77' lang='lat' dir='ltr'>corporis</span> <span class='ocrx_word' id='word_1_290' title='bbox 480 2519 602 2552; x_wconf 82' lang='lat' dir='ltr'>virtute</span> <span class='ocrx_word' id='word_1_291' title='bbox 626 2519 779 2563; x_wconf 77' lang='lat' dir='ltr'>privavit,</span> <span class='ocrx_word' id='word_1_292' title='bbox 799 2518 888 2562; x_wconf 91' lang='lat' dir='ltr'>quod</span> <span class='ocrx_word' id='word_1_293' title='bbox 911 2530 946 2551; x_wconf 87' lang='lat' dir='ltr'>se</span> <span class='ocrx_word' id='word_1_294' title='bbox 969 2519 1011 2551; x_wconf 87' lang='lat' dir='ltr'>ad</span> <span class='ocrx_word' id='word_1_295' title='bbox 1037 2518 1164 2563; x_wconf 83' lang='lat' dir='ltr'>aliquid</span> <span class='ocrx_word' id='word_1_296' title='bbox 1190 2518 1299 2562; x_wconf 89' lang='lat' dir='ltr'>operis</span> <span class='ocrx_word' id='word_1_297' title='bbox 1319 2517 1512 2551; x_wconf 86' lang='lat' dir='ltr'>faciendum</span> <span class='ocrx_word' id='word_1_298' title='bbox 1529 2527 1663 2549; x_wconf 76' lang='lat' dir='ltr'>movere</span> <span class='ocrx_word' id='word_1_299' title='bbox 1680 2527 1748 2549; x_wconf 91' lang='lat' dir='ltr'>non</span> 
     </span>
     <span class='ocr_line' id='line_1_35' title="bbox 221 2562 1746 2611; baseline -0.002 -12"><span class='ocrx_word' id='word_1_300' title='bbox 221 2566 330 2611; x_wconf 86' lang='lat' dir='ltr'>potuit</span> <span class='ocrx_word' id='word_1_301' title='bbox 337 2579 345 2607; x_wconf 82' lang='lat'>3</span> <span class='ocrx_word' id='word_1_302' title='bbox 371 2577 471 2610; x_wconf 87' lang='lat' dir='ltr'>quam</span> <span class='ocrx_word' id='word_1_303' title='bbox 490 2565 666 2598; x_wconf 81' lang='lat' dir='ltr'>domestici</span> <span class='ocrx_word' id='word_1_304' title='bbox 685 2564 726 2597; x_wconf 87' lang='lat' dir='ltr'>ad</span> <span class='ocrx_word' id='word_1_305' title='bbox 740 2564 894 2597; x_wconf 84' lang='lat' dir='ltr'>tumbam</span> <span class='ocrx_word' id='word_1_306' title='bbox 909 2564 1022 2597; x_wconf 86' lang='lat' dir='ltr'>Sancti</span> <span class='ocrx_word' id='word_1_307' title='bbox 1037 2564 1176 2597; x_wconf 87' lang='lat' dir='ltr'>Godriei</span> <span class='ocrx_word' id='word_1_308' title='bbox 1192 2576 1277 2608; x_wconf 85' lang='lat' dir='ltr'>equo</span> <span class='ocrx_word' id='word_1_309' title='bbox 1294 2563 1486 2608; x_wconf 83' lang='lat' dir='ltr'>impositam</span> <span class='ocrx_word' id='word_1_310' title='bbox 1504 2562 1746 2607; x_wconf 82' lang='lat' dir='ltr'>perduxerunt.</span> 
     </span>
     <span class='ocr_line' id='line_1_36' title="bbox 223 2608 1748 2655; baseline -0.003 -10"><span class='ocrx_word' id='word_1_311' title='bbox 223 2612 275 2645; x_wconf 90' lang='lat' dir='ltr'>Ibi</span> <span class='ocrx_word' id='word_1_312' title='bbox 296 2624 372 2645; x_wconf 88' lang='lat' dir='ltr'>cum</span> <span class='ocrx_word' id='word_1_313' title='bbox 397 2611 555 2644; x_wconf 86' lang='lat' dir='ltr'>dormiret</span> <span class='ocrx_word' id='word_1_314' title='bbox 574 2611 614 2644; x_wconf 89' lang='lat' dir='ltr'>de</span> <span class='ocrx_word' id='word_1_315' title='bbox 631 2617 740 2653; x_wconf 80' lang='lat' dir='ltr'>nocte,</span> <span class='ocrx_word' id='word_1_316' title='bbox 765 2610 807 2643; x_wconf 88' lang='lat' dir='ltr'>ad</span> <span class='ocrx_word' id='word_1_317' title='bbox 829 2610 982 2643; x_wconf 87' lang='lat' dir='ltr'>tumbam</span> <span class='ocrx_word' id='word_1_318' title='bbox 1007 2611 1116 2655; x_wconf 87' lang='lat' dir='ltr'>capite</span> <span class='ocrx_word' id='word_1_319' title='bbox 1142 2610 1320 2653; x_wconf 81' lang='lat' dir='ltr'>declinato,</span> <span class='ocrx_word' id='word_1_320' title='bbox 1340 2609 1422 2642; x_wconf 86' lang='lat' dir='ltr'>vidit</span> <span class='ocrx_word' id='word_1_321' title='bbox 1440 2609 1601 2642; x_wconf 84' lang='lat' dir='ltr'>Sanctum</span> <span class='ocrx_word' id='word_1_322' title='bbox 1625 2608 1748 2641; x_wconf 86' lang='lat' dir='ltr'>Godri-</span> 
     </span>
     <span class='ocr_line' id='line_1_37' title="bbox 221 2655 1748 2700; baseline -0.003 -9"><span class='ocrx_word' id='word_1_323' title='bbox 221 2670 297 2691; x_wconf 85' lang='lat' dir='ltr'>cum</span> <span class='ocrx_word' id='word_1_324' title='bbox 326 2657 479 2691; x_wconf 81' lang='lat' dir='ltr'>ecclesiae</span> <span class='ocrx_word' id='word_1_325' title='bbox 503 2657 607 2690; x_wconf 87' lang='lat' dir='ltr'>limen</span> <span class='ocrx_word' id='word_1_326' title='bbox 636 2657 771 2699; x_wconf 82' lang='lat' dir='ltr'>intrare,</span> <span class='ocrx_word' id='word_1_327' title='bbox 802 2663 835 2689; x_wconf 87' lang='lat' dir='ltr'>et</span> <span class='ocrx_word' id='word_1_328' title='bbox 864 2668 941 2689; x_wconf 89' lang='lat' dir='ltr'>cum</span> <span class='ocrx_word' id='word_1_329' title='bbox 968 2656 1126 2689; x_wconf 86' lang='lat' dir='ltr'>fratribus</span> <span class='ocrx_word' id='word_1_330' title='bbox 1154 2656 1281 2689; x_wconf 89' lang='lat' dir='ltr'>ibidem</span> <span class='ocrx_word' id='word_1_331' title='bbox 1307 2655 1528 2700; x_wconf 85' lang='lat' dir='ltr'>psallentibus</span> <span class='ocrx_word' id='word_1_332' title='bbox 1559 2655 1748 2687; x_wconf 77' lang='grc'><strong>(1666111616.</strong></span> 
     </span>
     <span class='ocr_line' id='line_1_38' title="bbox 222 2700 1748 2749; baseline -0.003 -12"><span class='ocrx_word' id='word_1_333' title='bbox 222 2704 376 2749; x_wconf 85' lang='lat' dir='ltr'>Cumque</span> <span class='ocrx_word' id='word_1_334' title='bbox 402 2703 606 2748; x_wconf 84' lang='lat' dir='ltr'>sepulcrum,</span> <span class='ocrx_word' id='word_1_335' title='bbox 633 2702 722 2748; x_wconf 90' lang='lat' dir='ltr'>quod</span> <span class='ocrx_word' id='word_1_336' title='bbox 747 2702 834 2735; x_wconf 85' lang='lat' dir='ltr'>ultro</span> <span class='ocrx_word' id='word_1_337' title='bbox 860 2709 1012 2747; x_wconf 84' lang='lat' dir='ltr'>apertum</span> <span class='ocrx_word' id='word_1_338' title='bbox 1039 2709 1089 2735; x_wconf 86' lang='lat' dir='ltr'>est</span> <span class='ocrx_word' id='word_1_339' title='bbox 1113 2703 1155 2743; x_wconf 87' lang='lat' dir='ltr'>ei,</span> <span class='ocrx_word' id='word_1_340' title='bbox 1182 2702 1344 2747; x_wconf 88' lang='lat' dir='ltr'>inciperet</span> <span class='ocrx_word' id='word_1_341' title='bbox 1370 2701 1518 2744; x_wconf 77' lang='lat' dir='ltr'>introire,</span> <span class='ocrx_word' id='word_1_342' title='bbox 1546 2700 1605 2733; x_wconf 82' lang='lat' dir='ltr'>illa</span> <span class='ocrx_word' id='word_1_343' title='bbox 1633 2700 1748 2733; x_wconf 73' lang='lat' dir='ltr'>volens</span> 
     </span>
     <span class='ocr_line' id='line_1_39' title="bbox 220 2747 1747 2794; baseline -0.003 -11"><span class='ocrx_word' id='word_1_344' title='bbox 220 2752 293 2794; x_wconf 81' lang='lat' dir='ltr'>ejus</span> <span class='ocrx_word' id='word_1_345' title='bbox 327 2751 469 2794; x_wconf 72' lang='lat' dir='ltr'>vestigia</span> <span class='ocrx_word' id='word_1_346' title='bbox 495 2750 648 2792; x_wconf 81' lang='lat' dir='ltr'>retinere,</span> <span class='ocrx_word' id='word_1_347' title='bbox 673 2760 812 2782; x_wconf 86' lang='lat' dir='ltr'>manum</span> <span class='ocrx_word' id='word_1_348' title='bbox 843 2760 942 2792; x_wconf 84' lang='lat' dir='ltr'>quam</span> <span class='ocrx_word' id='word_1_349' title='bbox 971 2748 1118 2781; x_wconf 87' lang='lat' dir='ltr'>habebat</span> <span class='ocrx_word' id='word_1_350' title='bbox 1147 2760 1189 2781; x_wconf 83' lang='lat' dir='ltr'>ex</span> <span class='ocrx_word' id='word_1_351' title='bbox 1223 2748 1281 2781; x_wconf 87' lang='grc'><strong>1116</strong></span> <span class='ocrx_word' id='word_1_352' title='bbox 1313 2747 1508 2780; x_wconf 83' lang='lat' dir='ltr'>infirmitate</span> <span class='ocrx_word' id='word_1_353' title='bbox 1542 2753 1747 2780; x_wconf 87' lang='lat' dir='ltr'>contractam</span> 
     </span>
     <span class='ocr_line' id='line_1_40' title="bbox 219 2793 1748 2841; baseline -0.003 -12"><span class='ocrx_word' id='word_1_354' title='bbox 219 2796 423 2841; x_wconf 82' lang='lat' dir='ltr'>sarcophago</span> <span class='ocrx_word' id='word_1_355' title='bbox 457 2796 570 2838; x_wconf 82' lang='lat' dir='ltr'>allisit,</span> <span class='ocrx_word' id='word_1_356' title='bbox 605 2802 638 2828; x_wconf 85' lang='lat' dir='ltr'>et</span> <span class='ocrx_word' id='word_1_357' title='bbox 671 2796 719 2828; x_wconf 84' lang='lat' dir='ltr'>sic</span> <span class='ocrx_word' id='word_1_358' title='bbox 750 2795 911 2838; x_wconf 80' lang='lat' dir='ltr'>evigilans</span> <span class='ocrx_word' id='word_1_359' title='bbox 943 2806 1081 2827; x_wconf 83' lang='lat' dir='ltr'>manum</span> <span class='ocrx_word' id='word_1_360' title='bbox 1115 2801 1266 2827; x_wconf 77' lang='lat' dir='ltr'>sanatam</span> <span class='ocrx_word' id='word_1_361' title='bbox 1300 2794 1439 2827; x_wconf 86' lang='lat' dir='ltr'>invenit.</span> <span class='ocrx_word' id='word_1_362' title='bbox 1497 2793 1582 2826; x_wconf 89' lang='lat' dir='ltr'>Toto</span> <span class='ocrx_word' id='word_1_363' title='bbox 1615 2803 1748 2837; x_wconf 85' lang='lat' dir='ltr'>quoque</span> 
     </span>
    </p>
   </div>
   <div class='ocr_carea' id='block_1_6' title="bbox 218 2837 1746 2932">
    <p class='ocr_par' dir='ltr' id='par_1_6' title="bbox 218 2837 1746 2932">
     <span class='ocr_line' id='line_1_41' title="bbox 218 2837 1746 2887; baseline -0.003 -12"><span class='ocrx_word' id='word_1_364' title='bbox 218 2849 334 2875; x_wconf 82' lang='lat' dir='ltr'>sanata</span> <span class='ocrx_word' id='word_1_365' title='bbox 364 2854 511 2886; x_wconf 80' lang='lat' dir='ltr'>corpore,</span> <span class='ocrx_word' id='word_1_366' title='bbox 535 2843 659 2887; x_wconf 80' lang='lat' dir='ltr'>gratias</span> <span class='ocrx_word' id='word_1_367' title='bbox 684 2852 785 2885; x_wconf 80' lang='lat' dir='ltr'>agens</span> <span class='ocrx_word' id='word_1_368' title='bbox 809 2841 893 2883; x_wconf 81' lang='lat' dir='ltr'>Deo,</span> <span class='ocrx_word' id='word_1_369' title='bbox 918 2841 1055 2874; x_wconf 88' lang='lat' dir='ltr'>domum</span> <span class='ocrx_word' id='word_1_370' title='bbox 1083 2840 1153 2873; x_wconf 86' lang='lat' dir='ltr'>suis</span> <span class='ocrx_word' id='word_1_371' title='bbox 1176 2840 1318 2885; x_wconf 86' lang='lat' dir='ltr'>pedibus</span> <span class='ocrx_word' id='word_1_372' title='bbox 1343 2840 1503 2873; x_wconf 83' lang='lat' dir='ltr'>remeavit</span> <span class='ocrx_word' id='word_1_373' title='bbox 1530 2837 1746 2872; x_wconf 85' lang='lat' dir='ltr'>incolumis.”</span> 
     </span>
     <span class='ocr_line' id='line_1_42' title="bbox 218 2888 615 2932; baseline 0 -12"><span class='ocrx_word' id='word_1_374' title='bbox 218 2889 329 2923; x_wconf 88' lang='lat' dir='ltr'>Anon.</span> <span class='ocrx_word' id='word_1_375' title='bbox 350 2888 446 2921; x_wconf 82' lang='lat' dir='ltr'>Harl.</span> <span class='ocrx_word' id='word_1_376' title='bbox 468 2888 615 2932; x_wconf 82' lang='lat' dir='ltr'>Legend.</span> 
     </span>
    </p>
   </div>
  </div>
 </body>
</html>
