1839 3186
193 165 275 205 124«
708 176 941 209 LIBELLUS
978 176 1042 207 DE
1078 177 1193 208 VITA

322 279 333 296 ⁹
393 280 466 321 Ad
488 295 577 335 quae
599 281 722 322 silens
743 281 806 322 vir
827 280 920 331 Dei,
942 280 1109 321 demum
1131 279 1310 321 secundo
1332 284 1374 321 et
1393 281 1517 322 tertio
1541 281 1642 322 dicit
1674 282 1724 331 ei,

1716 348 1726 364 Ἰ

191 279 320 335 cipis?

193 351 218 368 “
239 346 361 388 Vade
380 347 476 388 illuc
493 363 617 401 quam
639 347 776 399 citius,
800 353 841 388 et
864 347 999 402 profer
1019 348 1151 402 pisces
1173 362 1273 401 quos
1294 347 1409 388 dedit
1429 348 1548 389 nobis
1571 347 1712 389 Deus?

193 412 467 455 Stomachans
503 430 599 456 vero
633 414 830 456 adversus
862 429 956 454 eum
985 428 1126 456 servus
1148 411 1309 469 juravit
1342 428 1384 455 se
1416 429 1500 455 non
1525 414 1723 456 frustrato

191 480 330 521 labore
350 481 446 521 illuc
470 486 730 536 perrecturus
754 480 940 522 ulterius.

252 547 274 601 ξ
295 549 393 589 116.
430 547 510 589 Vir
531 563 627 589 vero
649 547 729 589 Dei
763 547 817 588 ad
847 547 948 588 talia
976 547 1272 602 aliquantisper
1296 552 1540 598 commotus,
1570 548 1724 590 talibus

191 613 479 668 indignantem
510 629 674 656 servum
696 614 882 655 confudit
905 614 1173 664 sermonibus,
1205 618 1229 635 “
1251 613 1423 668 Semper
1456 619 1600 655 contra
1634 614 1724 655 Do-

191 680 293 721 mini
314 695 548 722 murmuras
573 681 787 736 pietatem,
811 685 852 721 et
879 679 1029 722 diffidis
1064 680 1143 721 Dei
1172 680 1278 721 circa
1296 695 1371 721 nos
1394 680 1611 735 providam
1635 696 1722 723 esse

191 747 510 790 miserationem.
583 747 709 788 Unde
740 747 844 788 scias
866 746 969 788 duos
995 748 1125 802 pisces
1156 747 1335 801 optimos
1364 745 1455 802 jam
1487 753 1630 789 nostra
1666 737 1729 788 al-⁷

191 814 329 855 vearia
364 813 580 865 introiisse,
615 818 656 854 et
687 813 819 855 solum
849 828 991 854 eorum
1018 818 1228 868 captorem
1258 812 1315 854 ibi
1348 813 1601 855 demorando
1631 812 1722 869 jam

191 880 405 921 sustinere.
477 880 662 933 Quorum
693 895 800 922 unus
832 880 989 921 salmon
1021 880 1326 921 recentissimus
1348 879 1397 920 de
1424 881 1529 921 mari
1564 880 1619 921 ad
1648 896 1722 923 nos

190 947 358 988 Veniens
392 962 523 1002 nuper
552 947 730 989 refectus
752 951 842 995 est3
877 947 982 988 alter
1012 962 1109 988 vero
1134 951 1368 995 veteranus,
1403 962 1478 987 nec
1512 947 1611 988 dum
1646 948 1718 988 im-

189 1018 375 1055 mutatus
394 1028 584 1068 squamas
601 1029 694 1055 cum
710 1014 842 1055 earnis
862 1029 970 1055 nova
990 1013 1175 1063 mollitie,
1197 1013 1351 1054 ibidem
1371 1028 1464 1053 cum
1486 1014 1555 1055 illo
1577 1019 1722 1069 captus

190 1085 280 1128 est3
316 1085 357 1121 et
378 1081 441 1121 vir
475 1081 553 1122 iste
583 1081 788 1122 recentius
823 1080 1023 1121 refectum
1055 1095 1194 1121 secum
1227 1079 1337 1120 domi
1359 1079 1495 1120 filiolae
1518 1096 1620 1121 meae
1652 1080 1719 1121 de-

189 1146 294 1188 feret
314 1164 324 1195 3
359 1148 494 1188 senior
508 1163 604 1189 vero
627 1153 667 1188 et
688 1147 867 1188 deterior
885 1147 927 1188 in
951 1162 1049 1188 usus
1069 1151 1229 1187 nostros
1254 1146 1372 1187 cedet
1389 1164 1399 1195 3
1437 1162 1534 1188 nam
1553 1151 1722 1202 propter

190 1213 252 1254 tui
279 1215 500 1256 murmuris
531 1214 860 1269 desperationem
890 1213 1064 1269 piscium
1094 1213 1258 1254 illorum
1290 1213 1509 1255 sortiturus
1535 1229 1578 1255 es
1609 1214 1721 1254 dete-

188 1280 352 1322 riorem.
415 1281 549 1336 Perge
582 1281 710 1336 igitur
730 1286 771 1321 et
795 1281 971 1335 amplius
993 1281 1044 1321 de
1073 1280 1153 1320 Dei
1175 1280 1394 1320 clementia
1413 1280 1498 1321 noli
1522 1279 1720 1330 diffidere,

188 1362 240 1388 ne
264 1347 368 1388 forte
390 1348 478 1389 vice
510 1348 592 1389 alia
620 1347 813 1403 indignus
835 1348 889 1389 sis
922 1348 1002 1388 Dei
1025 1347 1178 1387 donum
1203 1345 1447 1401 suscipere.”
1519 1347 1598 1400 Qui
1629 1362 1721 1401 pro-

189 1429 353 1469 gressus
383 1414 437 1455 ad
458 1415 602 1470 ripam,
628 1415 733 1456 sicut
754 1414 818 1456 vir
852 1413 933 1454 Dei
960 1414 1137 1464 dixerat,
1171 1413 1274 1454 duos
1305 1413 1508 1455 salmones
1541 1414 1719 1468 optimos

190 1481 384 1535 repperit,
418 1487 459 1522 et
493 1481 655 1522 rediens
676 1496 758 1521 non
786 1481 871 1521 sine
906 1481 1054 1521 rubore
1080 1485 1176 1520 ante
1209 1480 1336 1534 pedes
1372 1480 1481 1521 illius
1513 1481 1717 1535 exposuit.

192 1546 272 1588 Vir
293 1547 420 1602 igitur
440 1547 609 1589 Domini
634 1548 720 1589 viro
742 1547 800 1588 illi
820 1547 896 1588 sibi
927 1547 1064 1588 adhuc
1095 1546 1160 1587 1in
1182 1546 1370 1587 Ecclesia
1388 1547 1617 1588 considenti
1646 1547 1717 1596 ait,

193 1617 219 1636 ‘⁴
244 1614 359 1655 Tolle
391 1615 483 1664 tibi,
515 1614 658 1665 amice,
684 1614 831 1654 horum
852 1619 1060 1655 recentem
1091 1618 1132 1654 et
1160 1613 1384 1662 meliorem,
1423 1617 1464 1654 et
1496 1613 1549 1654 da
1585 1612 1718 1653 filiolae

189 1695 291 1721 meae
313 1696 436 1735 quam
456 1682 583 1723 habes
604 1696 777 1722 uxorem
798 1698 809 1729 ς
847 1681 965 1722 nobis
986 1696 1081 1722 vero
1105 1680 1282 1721 deterior
1303 1679 1570 1733 relinquatur,
1593 1685 1640 1720 ut
1662 1680 1719 1720 sic

190 1748 295 1789 servi
331 1749 412 1789 mei
451 1747 673 1789 infidelitas
707 1762 969 1788 murmurans
1009 1746 1244 1802 puniatur.”
1315 1746 1428 1787 Tulit
1466 1746 1592 1801 igitur
1620 1746 1720 1787 civis

189 1814 270 1864 ille,
308 1819 349 1855 et
380 1815 533 1869 piscem
556 1815 597 1855 in
623 1829 754 1869 eappa
781 1829 855 1855 sua
883 1814 1081 1855 sollicitus
1108 1812 1292 1863 involvit,
1316 1817 1357 1852 et
1386 1828 1518 1854 novus
1544 1812 1718 1868 piscium

189 1881 297 1921 lator
318 1881 487 1923 effectus
508 1887 582 1932 est,
617 1881 685 1935 qui
706 1896 916 1934 nunquam
948 1886 1072 1921 antea
1099 1879 1314 1935 piscatoris
1349 1878 1527 1920 officium
1559 1879 1717 1920 didicit.

193 1947 435 1989 Mirandum
458 1964 554 1990 sane
577 1953 617 1989 et
641 1947 891 2001 stupendum
913 1948 1013 1988 satis
1045 1952 1119 1995 est,
1159 1945 1363 1999 quomodo
1395 1946 1526 2000 pisces
1547 1946 1589 1986 111
1613 1960 1719 1999 aqua

191 2019 334 2068 captos
358 2015 421 2055 vir
442 2015 523 2057 Dei
548 2014 710 2063 viderit,
735 2014 802 2067 qui
824 2013 865 2053 in
888 2014 990 2054 cella
1011 2013 1193 2054 residens
1212 2027 1305 2053 cum
1328 2012 1415 2053 cive
1437 2012 1564 2053 verba
1575 2011 1720 2068 jocosa

192 2081 410 2121 conseruit.

252 2145 358 2187 Haec
379 2147 442 2187 vir
465 2146 550 2201 ipse
581 2146 740 2188 dulcius
759 2147 879 2187 melle
911 2146 994 2187 suis
1025 2145 1283 2186 auditoribus
1314 2144 1428 2186 ducit
1460 2144 1643 2193 referre3
1678 2150 1719 2185 et

194 2228 282 2268 quae
304 2213 408 2254 vidit
428 2228 475 2253 ac
499 2213 659 2255 audivit
682 2214 762 2255 Dei
781 2218 939 2255 secreta
960 2213 1037 2268 piis
1059 2212 1180 2253 corde
1202 2211 1217 2233 2
1232 2212 1437 2266 detegere.

243 2329 250 2347 ¹
274 2328 317 2362 In
338 2328 483 2362 Ecclesia
500 2329 707 2374 considenti]
733 2329 817 2362 This
835 2340 902 2362 was
919 2327 1029 2361 usual.
1078 2328 1141 2361 See
1159 2327 1195 2373 §§
1217 2330 1294 2372 151,
1314 2330 1391 2371 196,
1412 2330 1491 2370 218,
1510 2328 1587 2371 237,
1608 2330 1685 2362 294.

240 2376 253 2393 ²
273 2376 464 2420 Detegere]
491 2375 564 2408 The
582 2387 792 2421 anonymous
809 2374 929 2420 legend
948 2374 1026 2408 thus
1051 2380 1200 2407 narrates
1218 2375 1285 2408 this
1302 2374 1472 2408 incident:
1501 2376 1520 2392 ‘⁶
1537 2374 1629 2408 Civis
1648 2374 1721 2418 qui-

195 2422 272 2455 dam
291 2422 531 2455 Dunelmensis
548 2422 685 2455 Godrici
704 2422 878 2455 familiaris
893 2421 984 2454 venit
1000 2433 1092 2454 more
1111 2421 1209 2454 solito
1226 2421 1333 2465 gratia
1352 2420 1552 2454 visitationis
1570 2421 1612 2453 ad
1630 2432 1720 2454 eum.

196 2469 283 2502 Cum
301 2474 415 2501 autem
434 2474 523 2501 esset
540 2479 744 2511 recessurus,
764 2468 852 2501 dixit
870 2468 918 2501 vir
936 2467 1001 2501 Dei
1026 2467 1200 2501 ministro:
1229 2469 1237 2485 ⁴
1250 2468 1317 2500 Hic
1335 2473 1448 2500 noster
1470 2467 1599 2500 amicus
1617 2478 1722 2499 vacua

193 2527 297 2548 manu
322 2515 429 2549 redire
458 2527 524 2547 non
554 2514 666 2555 debet,
695 2515 776 2559 quin
805 2514 931 2559 aliquid
956 2514 1096 2547 xenium
1127 2514 1254 2547 deferat
1283 2513 1363 2546 filiae
1392 2513 1586 2546 commatris
1611 2512 1720 2546 meze.⁹

196 2562 279 2595 Erat
297 2563 386 2595 enim
405 2574 491 2595 uxor
503 2561 593 2594 illius
610 2561 681 2593 filia
699 2567 862 2594 matronae
880 2560 1069 2604 cujusdam,
1089 2572 1188 2605 quam
1207 2560 1279 2604 ipse
1297 2566 1514 2592 commatrem
1529 2571 1623 2592 suam
1643 2571 1722 2592 eon-

196 2614 349 2642 suevcrat
374 2607 553 2653 appellare.
603 2607 659 2640 Ad
683 2607 747 2640 hoc
773 2607 926 2640 minister
956 2606 1148 2651 respondit:
1174 2606 1287 2647 ‘Quid
1313 2606 1408 2638 alteri
1435 2606 1562 2649 mittas,
1589 2617 1664 2638 cun]
1684 2611 1721 2638 tu

196 2655 268 2700 ipse
298 2655 378 2699 qnid
407 2654 516 2700 possis
541 2653 744 2686 manducare
770 2665 835 2686 11011
860 2653 1029 2686 liabeas'l'
1080 2652 1143 2685 Cui
1171 2652 1253 2685 dicit
1275 2652 1324 2684 vir
1346 2652 1434 2685 Dei:
1461 2653 1469 2669 ‘
1485 2651 1662 2684 Descende
1680 2651 1721 2684 ad

196 2701 386 2746 piscariam,
405 2702 432 2734 si
450 2701 535 2734 forte
553 2700 598 2733 ibi
618 2699 745 2745 aliquid
765 2700 875 2733 valeas
894 2699 1065 2732 invenire.9
1104 2699 1149 2731 Et
1163 2698 1219 2731 ille
1237 2711 1243 2732 :
1266 2702 1275 2717 ⁶
1290 2698 1466 2731 Vei-aciter
1484 2698 1570 2740 dieo,
1590 2698 1723 2740 domne,

197 2747 287 2792 quod
320 2759 486 2792 nusquam
520 2747 639 2779 diverti
669 2752 846 2791 postquam
882 2745 959 2779 inde
987 2745 1073 2786 veni,
1105 2751 1136 2778 et
1168 2756 1274 2777 vacua
1307 2744 1353 2777 ibi
1387 2745 1500 2777 omnia
1533 2744 1721 2788 (1010110111.Ἰ

199 2795 296 2827 Τ11110
322 2795 370 2827 vir
398 2794 485 2827 Dei:
513 2795 521 2811 ⁶
538 2792 635 2826 Vade
662 2792 783 2835 adhuc,
801 2793 920 2835 amice,
939 2791 1028 2836 quod
1049 2792 1159 2824 forsan
1184 2791 1312 2835 aliquot
1331 2791 1424 2823 Deus
1451 2790 1618 2824 immisit.'
1666 2789 1722 2823 Ad

196 2840 260 2874 hoc
288 2841 441 2873 minister
467 2840 660 2883 indignatus
685 2839 755 2873 ait:
784 2839 947 2871 ‘Laboris
972 2838 1076 2871 nostri
1105 2837 1243 2870 taediuni
1270 2837 1495 2881 parvipendis,
1530 2837 1586 2881 qui
1621 2836 1721 2869 toties

197 2898 257 2920 nos
275 2887 439 2920 inutiliter
457 2887 504 2919 ire
521 2885 628 2919 facis.'
681 2886 777 2919 Tunc
795 2886 842 2919 ait
860 2885 907 2919 vir
926 2884 989 2918 Dei
1008 2897 1013 2919 :
1041 2884 1129 2917 ‘Adi
1148 2883 1260 2928 eitius,
1275 2889 1307 2916 et
1319 2884 1400 2917 affer
1417 2883 1526 2929 pisces
1544 2894 1627 2927 quos
1645 2894 1723 2917 cou-
