1839 3186
191 180 281 208 XXX
839 179 1085 212 APPENDIX

191 331 257 372 De
278 336 412 373 morte
440 330 615 374 Roberti
637 331 820 375 Abbatis
842 332 893 374 (16
922 332 1043 376 Novo
1067 333 1327 376 Monasterio
1358 340 1400 376 et
1422 296 1726 378 alte-CAPITJLUM

246 399 332 441 rius
353 399 516 441 abbatis
645 431 653 439 ,
863 431 871 441 ι
1079 433 1086 442 .
1295 435 1304 443 0
1510 436 1520 445 .
1604 404 1724 462 XXXij

189 465 254 507 De
277 466 405 508 divite
427 467 497 521 qui
528 466 663 509 factus
692 471 754 509 66(
776 467 1003 508 1110116011116
1028 466 1262 519 Dunelmae,
1285 474 1326 510 6(
1349 469 1399 511 (16
1432 470 1526 512 Η11-

247 549 353 589 gone
377 533 650 576 Dunelmensi
675 534 867 591 episeopo
892 534 957 576 cui
988 549 1063 575 rex
1094 535 1173 576 fuit
1195 536 1338 587 iratus,
1363 543 1404 579 et
1427 553 1525 593 quo-

245 601 371 642 modo
392 601 607 643 monachis
629 601 782 643 dixerit
806 601 905 656 quid
926 601 1080 644 vellent
1103 618 1198 644 eum
1222 602 1477 660 interrogare
1512 638 1520 646 .
1587 605 1721 662 xxxiij

188 667 253 709 De
285 668 487 710 familiare
519 684 592 711 suo
623 669 807 724 graviter
835 674 1079 724 aegrotante,
1110 675 1151 711 et
1180 670 1357 725 qualiter
1384 672 1523 727 ignem

244 736 441 791 praedixit
474 741 514 777 et
536 737 701 785 famem,
736 741 777 777 et
810 736 986 790 qualiter
1017 737 1175 778 viscera
1205 752 1280 779 sua
1311 740 1394 780 sale
1427 755 1520 781 con-

245 804 459 858 spergerit,
484 809 525 845 et
548 803 599 844 de
620 819 726 859 pane
748 819 870 858 quem
892 803 1008 845 dedit
1029 804 1173 846 abbati
1292 837 1301 848 .
1509 840 1517 849 .
1570 807 1720 864 xxxiiij

188 870 300 923 Quid
322 871 373 912 de
395 871 520 912 villici
542 876 676 912 morte
700 870 953 926 praedixerit,
981 876 1022 913 et
1045 872 1095 912 de
1120 872 1267 914 clerico
1289 872 1359 927 qui
1380 888 1422 915 66
1446 874 1520 916 161-

245 953 339 979 cum
360 938 582 990 simulavit,
606 943 647 980 et
669 938 875 993 quomodo
896 938 1030 980 furem
1042 937 1202 995 juverit
1224 945 1265 981 et
1287 940 1479 983 eduxerit
1601 957 1721 984 xxxv

185 1005 251 1047 De
281 1006 464 1061 maligno
494 1005 537 1047 in
573 1006 706 1061 specie
738 1006 941 1061 peregrini
972 1006 1072 1057 viso7
1109 1012 1151 1049 et
1184 1007 1234 1048 (16
1265 1007 1445 1062 piscibus
1477 1009 1519 1050 in

243 1073 394 1129 hyeme
426 1074 570 1129 captis,
605 1078 646 1115 et
679 1073 729 1115 (16
768 1073 935 1115 inimico
972 1074 1041 1128 qui
1076 1075 1270 1129 apparuit
1305 1074 1348 1116 in
1383 1077 1517 1131 specie

243 1141 440 1191 mulieris,
465 1146 507 1182 et
530 1141 580 1182 de
602 1141 757 1182 lumine
779 1140 890 1195 quod
910 1141 968 1182 illi
991 1141 1184 1196 apparuit
1286 1172 1295 1180 .
1505 1176 1513 1184 .
1586 1143 1717 1200 xxxvj

186 1207 375 1261 Qualiter
397 1208 586 1250 diabolus
606 1208 769 1264 rogavit
790 1223 914 1264 poma
937 1224 1011 1264 pro
1036 1209 1225 1258 caritate,
1249 1213 1290 1250 6(
1312 1210 1518 1264 quomodo

242 1291 316 1331 per
337 1291 483 1317 sonum
520 1275 788 1318 tintinnabuli
820 1276 873 1318 61(
898 1275 1005 1331 igniS
1041 1276 1265 1327 extinctus,
1289 1277 1404 1318 etde
1437 1277 1517 1333 pri-

244 1358 313 1384 ore
336 1342 610 1385 Gisburnensi
642 1376 651 1385 .
859 1375 868 1385 .
1077 1376 1085 1384 .
1507 1377 1516 1386 .
1569 1344 1716 1402 xxxvij

183 1409 249 1451 De
281 1411 476 1452 thesauro
508 1411 577 1465 qui
607 1410 745 1452 fuitei
776 1410 995 1462 revelatus,
1031 1415 1073 1451 et
1095 1410 1145 1451 de
1179 1411 1269 1453 auri
1291 1377 1415 1452 ‘fabro
1448 1412 1517 1467 qui

241 1478 434 1533 apparuit
457 1477 506 1529 61,
532 1483 573 1519 6(
596 1477 647 1519 (16
669 1476 793 1519 filiolo
816 1492 889 1519 suo
911 1493 1033 1532 quem
1055 1478 1272 1520 suscitavit
1293 1494 1319 1520 a
1338 1484 1472 1520 morte
1506 1512 1515 1521 .
1552 1479 1717 1536 xxxviij

184 1544 402 1598 Quomodo
424 1545 671 1600 loquebatur
688 1545 738 1587 de
761 1560 803 1586 66
823 1550 1023 1600 tanquam
1046 1545 1096 1586 de
1117 1546 1212 1596 6110,
1231 1550 1271 1587 6(
1289 1546 1340 1587 (16
1361 1546 1515 1601 specio-

240 1612 403 1654 sissima
422 1612 607 1664 muliere,
631 1617 673 1653 et
695 1613 826 1667 qualis
846 1611 933 1667 ipse
954 1612 1079 1653 fuerit
1100 1612 1142 1652 in
1164 1617 1376 1654 senectute
1498 1646 1507 1655 .
1578 1614 1715 1656 xxxix

183 1679 401 1733 Quomodo
426 1679 559 1720 locum
582 1679 844 1735 descripserit
867 1695 989 1734 quem
1010 1694 1093 1720 non
1114 1679 1233 1731 vidit,
1257 1685 1298 1721 et
1316 1695 1515 1734 equorum

240 1747 395 1788 colores
428 1751 469 1788 et
490 1747 627 1788 locum
648 1747 691 1787 in
713 1762 792 1801 quo
824 1751 921 1788 61111(
942 1746 1030 1798 visi,
1056 1751 1098 1787 et
1120 1746 1170 1788 de
1192 1747 1309 1789 calvo
1341 1747 1410 1801 qui
1441 1763 1513 1789 an-

239 1829 391 1855 nonam
413 1814 602 1856 similiter
623 1813 853 1869 asportavit
1072 1846 1081 1855 .
1289 1847 1297 1855 .
1505 1850 1512 1858 .
1670 1815 1714 1856 xl

182 1880 248 1922 De
269 1881 616 1936 temptationibus
644 1881 879 1922 daemonum
908 1896 1009 1936 quas
1039 1881 1263 1937 languidus
1294 1881 1513 1933 tolerabat,

241 1952 282 1989 et
305 1949 355 1989 de
377 1964 548 1990 recurvo
571 1948 702 2004 digito
724 1963 798 1990 6110
861 1981 870 1989 .
1075 1980 1084 1988 .
1292 1981 1300 1989 .
1506 1981 1514 1989 .
1654 1947 1710 2004 xlj

183 2015 399 2068 Quomodo
422 2017 653 2058 cantaverit
675 2017 717 2057 in
738 2019 859 2057 nocte
882 2015 1090 2066 Paschafi,
1114 2019 1155 2056 et
1177 2015 1382 2070 quomodo
1416 2015 1513 2057 Gal-

239 2083 316 2124 lice
337 2083 391 2125 sit
412 2083 572 2124 locutus
644 2115 652 2123 .
859 2115 868 2124 .
1074 2115 1082 2123 .
1289 2114 1297 2123 .
1505 2115 1514 2123 .
1640 2081 1712 2138 xlij

181 2150 371 2203 Qualiter
392 2150 553 2191 exitum
574 2149 722 2191 animae
745 2149 1023 2204 descripserit,
1047 2154 1088 2190 et
1111 2149 1162 2191 de
1186 2149 1369 2191 salmone
1390 2148 1513 2190 mira-

238 2217 376 2258 biliter
397 2217 567 2259 invento
644 2250 651 2258 .
1505 2249 1513 2257 .
1625 2215 1714 2272 xliij

181 2283 398 2337 Quomodo
423 2283 652 2326 cantavelit
674 2283 716 2324 in
747 2249 1022 2325 decollatione
1056 2282 1201 2324 Sancti
1226 2282 1256 2323 J
1260 2284 1446 2335 0116111116
1472 2288 1513 2324 et

240 2351 290 2392 de
313 2366 411 2393 60110
434 2366 556 2406 (1116111
577 2351 795 2407 piesbyter
815 2350 1007 2392 audivit
997 2365 1039 2391 111
1060 2350 1187 2391 missa
1286 2383 1294 2391 .
1500 2382 1508 2391 .
1609 2349 1712 2406 xliiij

183 2417 400 2471 Quomodo
420 2419 569 2459 beatus
598 2418 750 2459 Petrus
774 2417 831 2458 ibi
852 2418 1020 2459 missam
1053 2416 1335 2467 celebraverit,
1361 2421 1403 2458 et
1425 2416 1512 2458 Eu-

239 2485 479 2527 charistiam
509 2485 546 2526 ei
577 2485 754 2536 dederit,
777 2489 819 2525 et
842 2484 1048 2538 quomodo
1078 2499 1151 2539 per
1173 2498 1319 2525 zonam
1350 2484 1513 2525 sanavit

236 2557 450 2608 aegrotum,
487 2556 529 2593 et
557 2552 763 2606 quomodo
801 2550 996 2606 praedixit
1025 2555 1244 2592 venturam
1273 2550 1440 2602 famem,
1469 2556 1511 2592 et

237 2624 414 2660 mortem
438 2619 579 2660 divitis
635 2652 643 2660 .
850 2650 858 2658 .
1064 2650 1072 2658 .
1278 2650 1287 2658 .
1495 2650 1503 2659 .
1640 2617 1712 2659 xlv

180 2685 397 2739 Quomodo
418 2685 566 2726 mulier
586 2701 659 2740 per
679 2685 808 2740 ipsius
833 2699 979 2725 zonam
1001 2689 1147 2725 curata
1169 2689 1231 2726 est
1252 2699 1303 2724 ne
1333 2684 1511 2738 amplius

236 2752 390 2793 faceret
421 2752 669 2802 abortivum,
708 2757 749 2793 et
781 2751 881 2806 quid
915 2750 1160 2806 praedixerit
1193 2750 1244 2792 de
1278 2750 1510 2792 Willielmo

235 2819 439 2874 episcopo,
463 2823 503 2860 et
527 2817 706 2869 Dolfino,
733 2823 774 2859 et
799 2818 1004 2872 quomodo
1024 2817 1128 2860 vidit
1150 2818 1338 2860 arborem
1360 2818 1507 2872 palmae

238 2886 484 2927 descendere
508 2885 558 2926 de
581 2885 746 2927 sublimi
852 2918 860 2926 .
1069 2917 1077 2925 .
1284 2916 1293 2925 .
1501 2917 1509 2925 .
1624 2882 1708 2938 xlvj
