1839 3186
569 221 627 253 ET
661 220 923 253 MIRAcULls
959 222 995 253 s.
1019 217 1233 253 GoDmcI.
1589 210 1670 251 165

137 326 288 368 crebris
308 325 458 382 affligo,
484 331 526 367 et
547 325 780 380 vigiliarum
800 339 867 366 me
896 324 1013 367 saevis
1034 324 1285 366 cruciatibus
1314 330 1507 373 contero;
1545 332 1666 368 nocte

138 399 179 434 et
201 394 267 434 die
288 393 470 448 pericula
488 392 607 448 plura
633 392 828 441 sustineo,
853 396 894 432 et
916 391 1140 432 innumeris
1159 392 1377 433 tormentis
1398 407 1544 447 corpus
1564 393 1667 435 illud

138 460 374 501 exulcerare
410 458 643 507 contendo,
678 463 720 499 et
741 473 828 514 prae
852 457 1102 499 indesinenti
1127 458 1486 513 contemplationis
1506 460 1666 510 ardore,

136 527 347 568 multoties
382 525 574 567 consuevi
613 540 759 579 corpus
790 525 869 565 hoc
903 524 1121 566 tormentis
1155 524 1472 579 1gehennalibus
1504 526 1668 568 immer-

136 608 245 648 gere,
271 598 313 634 et
337 592 558 646 aliquando
581 607 702 647 super
732 591 975 632 altitudines
996 591 1189 632 coelorum
1211 591 1447 632 extendere.
1510 592 1667 647 Atque,

135 664 183 700 ut
204 674 348 702 verum
378 659 455 701 tibi
473 660 618 708 fatear,
641 658 877 713 frequenter
897 672 1025 712 usque
1050 657 1104 699 ad
1125 657 1246 699 coelos
1267 658 1438 708 evolavi,
1463 663 1504 699 et
1526 659 1670 702 choros

137 725 396 781 Angelorum
426 731 522 767 ante
559 725 639 766 Dei
674 730 940 780 conspectum
974 724 1073 766 vidi.
1145 724 1321 780 Insuper
1350 729 1392 766 et
1429 725 1472 766 in
1511 725 1670 768 inferno

137 792 365 834 diutissime
387 792 566 842 constiti,
590 797 631 834 et
652 807 726 847 per
745 807 842 832 aera
862 792 944 840 ista
962 791 1281 832 transcurrendo
1303 790 1534 846 2’promeavi
1552 810 1562 841 ;
1595 808 1670 835 nec

136 874 319 913 unquam
341 859 513 908 dormio,
538 859 610 901 sed
631 873 762 912 neque
783 857 1004 912 aliquando
1028 857 1251 911 requiesco,
1275 863 1316 899 et
1338 858 1439 900 cibis
1459 874 1671 914 nunquam

136 940 204 966 me
256 925 407 979 reficio,
456 925 530 968 sed
566 940 727 980 semper
777 924 1048 966 nutabundus
1095 924 1208 966 velut
1249 924 1430 981 ³anceps
1478 925 1672 968 4rabidus

136 991 353 1034 ⁵exsisto.”

196 1059 214 1111 §
238 1061 336 1101 156.
370 1058 487 1099 Tunc
504 1058 566 1099 vir
581 1058 661 1099 Dei
683 1057 941 1113 perpendens
963 1057 1054 1112 quis
1074 1056 1211 1108 fuerit,
1229 1057 1425 1113 praecepit
1443 1057 1485 1100 in
1506 1059 1673 1101 nomine

139 1125 309 1166 Domini
334 1125 364 1166 J
368 1140 439 1166 esu
460 1140 584 1179 quam
617 1124 813 1166 citissime
834 1124 1088 1173 abscederet,
1118 1129 1159 1165 et
1180 1124 1485 1179 praestigiorum
1506 1141 1673 1168 suorum

138 1197 373 1233 commenta
411 1206 550 1233 secum
585 1191 627 1232 in
651 1196 795 1232 tenues
818 1206 940 1233 auras
961 1190 1198 1232 abduceret.
1273 1191 1381 1232 Mox
1413 1192 1480 1233 ille
1511 1193 1673 1247 nequis-

138 1259 265 1301 simus
285 1258 563 1314 praestigiator
584 1258 759 1313 aufugit,
784 1264 825 1299 et
848 1256 1018 1298 donaria
1033 1272 1122 1311 quae
1139 1258 1251 1312 prius
1272 1264 1513 1313 perceperat
1535 1274 1674 1301 secum

139 1326 288 1367 detulit
307 1343 318 1374 ς
353 1326 541 1379 tantique
562 1325 718 1366 foetoris
739 1324 1041 1366 abundantiam
1072 1328 1165 1379 post
1191 1339 1233 1366 se
1255 1324 1451 1373 deseruit,
1474 1326 1584 1380 quod
1605 1342 1674 1382 pe-

138 1392 248 1434 doris
272 1392 399 1448 ipsius
434 1392 701 1433 immunditia
730 1397 823 1447 post
854 1391 1011 1445 aliquot
1035 1390 1131 1432 inde
1152 1390 1275 1433 horas
1309 1406 1390 1433 non
1428 1391 1673 1436 discesserit.

139 1459 242 1501 Post
265 1464 501 1500 contactam
521 1474 619 1500 vero
641 1473 806 1500 carnem
824 1456 911 1514 ejus
926 1462 1089 1499 tantam
1110 1457 1245 1499 carnis
1261 1459 1579 1513 temptationem
1602 1475 1672 1502 ex-

137 1531 279 1581 pertus
304 1531 377 1577 est,
413 1525 523 1581 quod
557 1541 661 1580 pene
693 1525 891 1567 obscoenis
925 1524 1247 1566 delectationum
1269 1524 1470 1567 incendiis
1501 1526 1673 1570 rationis

137 1593 269 1635 virtus
288 1587 354 1634 6in
377 1608 423 1634 eo
447 1592 612 1634 devicta
636 1597 710 1634 est.
773 1591 985 1634 Orationis
1005 1591 1204 1633 instantia
1225 1596 1368 1633 tamen
1392 1598 1557 1634 scutum
1580 1610 1672 1649 pro-

136 1659 327 1702 tectionis
349 1659 425 1701 sibi
447 1658 715 1714 comparavit,
749 1664 790 1700 et
822 1659 892 1714 pia
922 1658 1057 1700 cordis
1079 1658 1326 1700 contritione
1348 1664 1389 1700 et
1414 1660 1558 1702 crebra
1579 1676 1672 1702 con-

186 1764 193 1783 ¹
217 1762 494 1811 Gelzermalibas]
523 1764 775 1809 Iehennalibus,
794 1765 872 1799 MS.

184 1811 197 1829 ²
216 1810 424 1856 Promeavi]
452 1811 639 1855 Pei-meavi,
663 1812 710 1845 H.

184 1857 198 1878 3
214 1856 373 1904 Anceps]
402 1857 485 1891 This
503 1858 595 1891 word
620 1858 648 1891 is
666 1858 799 1892 written
825 1858 930 1892 above
948 1858 1005 1892 the
1030 1857 1099 1892 line
1117 1859 1152 1892 in
1175 1858 1215 1892 Β.
1234 1857 1300 1892 and
1321 1859 1349 1892 is
1366 1864 1426 1892 not
1443 1860 1548 1894 found
1566 1861 1601 1894 in
1621 1861 1670 1896 H.

140 1903 250 1937 There
279 1904 307 1937 is
337 1916 430 1937 some
453 1904 625 1950 obscurity
640 1905 675 1938 in
703 1905 747 1938 its
776 1917 889 1950 usage,
907 1905 989 1938 both
1014 1905 1094 1938 here
1120 1905 1187 1938 and
1216 1912 1248 1938 at
1265 1903 1283 1950 ᾖ
1301 1908 1377 1949 188,
1393 1906 1503 1940 where
1529 1907 1554 1940 it
1571 1908 1669 1952 again

137 1961 266 1985 occurs.
318 1950 349 1983 It
367 1950 518 1995 signifies
544 1954 563 1970 “
580 1951 804 1996 dangerous,’'
832 1952 919 1985 Plin.
939 1952 1048 1998 Epist.
1076 1952 1097 1986 i.
1125 1955 1157 1996 8,
1182 1964 1215 1998 p.
1243 1954 1299 1996 23,
1329 1952 1410 1986 edit.
1430 1954 1549 1988 varior.
1568 1954 1607 1988 L.
1626 1954 1668 1989 B.

139 1999 239 2039 1669,
258 1996 325 2030 and
344 1997 452 2031 Tacit.
474 1997 564 2031 Hist.
583 1998 606 2031 i.
624 2001 657 2032 5.
705 1998 769 2032 See
786 1998 857 2032 also
875 1997 891 2044 ξ
912 2000 989 2034 237.

185 2044 196 2062 ⁴¹
215 2042 394 2089 Rabidus]
423 2044 586 2089 Rapidus,
608 2045 657 2079 H.

183 2090 196 2109 ⁵
215 2089 378 2137 Ersisto]
406 2092 427 2109 “
444 2091 540 2124 Tune
559 2091 607 2125 sic
624 2091 773 2137 loquitur
791 2091 833 2125 ad
852 2091 1038 2125 Godricum
1054 2104 1060 2127 :
1089 2093 1098 2110 ‘
1113 2092 1221 2125 Fama
1238 2098 1304 2126 tuae
1331 2093 1521 2127 sanctitatis
1538 2093 1667 2139 audita,

131 2136 335 2179 jamdudum
353 2144 386 2170 te
404 2137 517 2171 videre
535 2137 701 2179 desidero,
719 2138 778 2172 sed
795 2138 960 2172 hactenus
977 2139 1026 2172 fui
1044 2139 1189 2183 negotiis
1206 2139 1423 2184 praepeditus
1466 2140 1571 2174 Nunc
1590 2154 1668 2175 vero

135 2182 319 2216 clementer
348 2184 485 2218 exaudi.
541 2184 613 2229 Ego
631 2197 813 2230 pauperem
838 2185 940 2218 nimis
958 2186 992 2218 in
1011 2185 1259 2219 Northumbria
1276 2186 1397 2219 cellam
1416 2188 1589 2230 constitui,
1608 2189 1668 2223 sed

134 2229 203 2262 fere
229 2230 360 2263 nullum
385 2230 493 2264 habeo
512 2231 700 2275 adjutorem
715 2244 724 2273 ;
751 2232 841 2265 unde
858 2244 937 2277 rogo
955 2239 992 2265 ut
1009 2244 1120 2265 meam
1138 2232 1172 2265 in
1190 2232 1303 2277 aliquo
1329 2233 1475 2266 relevare
1494 2234 1576 2268 velis
1594 2235 1667 2268 ino-

133 2276 249 2320 piam.'
312 2276 375 2310 Vir
400 2276 464 2310 Dei
489 2278 615 2322 pietate
641 2285 841 2321 commotus,
861 2279 1068 2322 conscendit,
1087 2285 1120 2311 et
1137 2279 1312 2312 inventum
1334 2279 1380 2313 ibi
1399 2291 1520 2325 panem
1543 2281 1666 2316 similae

134 2322 310 2356 candentis
335 2324 541 2369 unicumque
567 2324 742 2358 denarium
769 2325 861 2358 dedit
887 2325 947 2368 illi,
973 2325 1088 2358 dicens
1104 2338 1114 2358 :
1145 2326 1296 2371 ‘Accipe
1322 2326 1385 2359 hoc
1410 2338 1549 2372 parvum
1575 2329 1665 2373 quod

134 2368 242 2402 habco
261 2369 293 2402 in
311 2370 483 2414 praesenti,
502 2371 580 2415 quia
597 2371 624 2404 si
643 2371 719 2416 plus
735 2371 893 2405 haberem
920 2371 996 2416 plus
1015 2372 1077 2405 tibi
1103 2372 1287 2405 conferrem
1295 2372 1315 2405 .'
1365 2373 1465 2415 Quod
1483 2374 1540 2407 ille
1558 2375 1664 2408 susci-

133 2416 229 2460 piens
258 2427 335 2448 cum
359 2415 507 2450 lacrimis
525 2417 572 2450 ait
589 2429 595 2452 :
622 2419 631 2436 ⁶
647 2417 808 2460 Obsecro,
827 2418 949 2451 domne
966 2419 1025 2462 mi,
1043 2430 1086 2451 ne
1103 2418 1293 2452 ulcerosum
1313 2430 1433 2464 corpus
1458 2431 1572 2454 meum
1591 2427 1665 2455 tan-

131 2473 209 2506 gere
227 2462 429 2507 dedigneris.
479 2463 582 2508 Spero
601 2464 689 2498 enirn
708 2464 787 2497 inde
803 2464 888 2498 mihi
905 2464 1058 2498 levamen
1077 2465 1205 2509 aliquid
1223 2466 1418 2509 affuturum,
1437 2472 1470 2499 et
1484 2472 1521 2500 tu
1538 2468 1664 2513 poteris

133 2519 172 2541 ea
194 2520 270 2553 quae
294 2521 353 2553 pro
377 2509 451 2542 Deo
473 2510 597 2554 pertuli
620 2510 702 2543 dura
731 2511 880 2544 sentire?
929 2511 993 2544 Vir
1022 2511 1086 2544 Dei
1115 2523 1323 2556 compassus,
1346 2512 1501 2546 adhibuit
1525 2525 1664 2547 manum

132 2566 320 2600 corpusque
344 2555 492 2601 palpavit
506 2569 515 2598 ;
542 2557 641 2601 quod,
668 2557 757 2590 sicut
774 2557 846 2603 ipse
871 2557 998 2599 retulit,
1024 2558 1135 2591 simile
1157 2558 1220 2591 fuit
1238 2559 1367 2604 corpori
1393 2560 1520 2592 anseris
1547 2560 1664 2606 deplu-

132 2601 214 2634 mati
230 2614 238 2643 3
265 2607 298 2634 et
315 2602 449 2646 quando
466 2614 604 2636 manum
624 2604 851 2649 imprimebat,
869 2616 945 2637 caro
967 2604 1025 2637 illa
1043 2605 1138 2649 quasi
1158 2610 1351 2638 contactum
1369 2605 1501 2650 fugiens
1527 2607 1664 2640 recede—

130 2647 200 2680 bat.
251 2647 353 2681 Unde
371 2649 419 2681 vir
436 2656 571 2682 sanctus
589 2650 755 2683 inhorruit
772 2662 977 2695 manumque
995 2651 1142 2685 reduxit.
1194 2651 1291 2684 Tunc
1308 2651 1365 2684 ille
1381 2651 1480 2696 [illie,
1498 2652 1589 2698 MS.]
1614 2654 1663 2688 sic

132 2694 179 2726 ait
196 2706 202 2727 z
230 2694 371 2728 ‘Tantis
390 2694 561 2729 doloribus
579 2696 808 2729 indesinenter
825 2697 964 2742 affligor,
984 2697 1073 2742 quod
1095 2709 1164 2742 prae
1181 2697 1338 2731 molestia
1356 2698 1413 2730 vix
1432 2698 1579 2732 subsisto
1594 2712 1602 2741 3
1629 2707 1662 2734 et

132 2746 170 2772 tu
187 2740 342 2773 similiter
358 2741 485 2775 faceres
503 2742 530 2775 si
550 2754 646 2776 verus
664 2743 828 2776 heremita
846 2755 947 2777 esses.
999 2743 1178 2777 Continuis
1191 2744 1399 2787 jejuniorum
1418 2750 1519 2788 atque
1533 2745 1663 2790 vigilia-

131 2797 205 2819 rum
222 2786 393 2820 laboribus
411 2788 551 2831 crucior,
569 2789 719 2834 pericula
735 2795 834 2823 nocte
861 2790 981 2835 dieque
1007 2790 1168 2833 sustineo,
1187 2802 1275 2835 saepe
1292 2790 1535 2834 gehennalibus
1552 2794 1662 2837 poenis

132 2844 252 2877 corpus
270 2833 443 2878 immerge,
462 2840 496 2868 et
512 2834 692 2880 aliquando
710 2847 810 2881 super
828 2836 931 2870 coelos
949 2836 1096 2877 evolans,
1117 2836 1266 2880 Angelos
1284 2836 1319 2869 in
1336 2843 1519 2882 conspectu
1537 2838 1662 2874 divinae

132 2878 324 2922 Majestatis
341 2880 480 2925 aspicio.
529 2880 715 2927 Nunquam
734 2882 819 2915 cibis
844 2895 899 2916 me
916 2883 1043 2923 reficio,
1062 2894 1234 2927 nunquam
1252 2882 1382 2915 dormio
1400 2883 1451 2916 vel
1469 2884 1631 2928 quiesco.'
1645 2886 1665 2903 ‘'

133 2924 229 2959 Harl.
249 2926 361 2959 Anon.
382 2926 530 2971 Legend.
717 2929 730 2949 ⁶
750 2928 794 2962 In
810 2928 876 2975 eo.]
906 2929 979 2962 Not
997 2929 1030 2962 in
1052 2929 1114 2970 H.;
1139 2928 1206 2962 and
1223 2929 1258 2962 in
1278 2929 1322 2964 Β.
1340 2929 1445 2963 above
1462 2930 1520 2966 the
1533 2931 1614 2966 line.
