1839 3186
553 219 610 250 ET
645 218 907 251 MIRACULIS
944 219 979 250 S.
1004 218 1218 252 GODRICI.
1577 211 1659 251 435

119 322 173 364 tis
194 322 311 364 illum
333 323 571 365 videntibus
600 323 869 379 desperabilis
894 328 997 366 erat.
1060 324 1170 365 Nam
1199 337 1368 378 corpore
1396 321 1539 363 inflato
1568 327 1659 364 tota

121 389 238 444 pellis
274 394 475 444 quantum
508 390 679 431 extendi
708 390 857 444 potuit,
886 394 1060 431 extensa
1090 390 1184 438 fuit,
1218 405 1311 444 quae
1339 388 1498 430 inflatio
1528 389 1659 430 instar

121 456 218 497 vitri
240 456 331 498 visu
355 457 623 511 penetrabilis
645 456 871 497 admodum
893 457 985 497 fuit.
1049 456 1157 509 Quia
1178 456 1307 511 igitur
1335 456 1540 497 salubrius
1564 471 1658 497 con-

120 523 257 563 silium
279 523 460 564 invenire
479 538 561 564 non
582 523 732 578 potuit,
755 524 865 564 hunc
888 523 1044 564 Sancto
1061 523 1243 564 Godrico
1262 527 1351 563 toto
1374 537 1542 577 corpore
1564 537 1658 563 can-

121 588 214 630 dela
236 594 521 631 mensuratum
543 590 735 637 devovit;
763 589 835 631 sed
856 605 958 644 puer
979 589 1124 630 eadem
1145 594 1267 630 nocte
1290 589 1501 630 convaluit
1524 594 1565 629 et
1589 588 1657 629 den

120 655 263 697 formis
284 661 422 697 tumor
444 656 577 698 omnis
597 671 696 697 mox
719 661 964 697 attenuatus
986 656 1200 698 abscessit.
1264 655 1366 708 Quae
1389 654 1517 695 filium
1539 670 1659 696 suum

120 723 217 764 illuc
239 738 385 764 sanum
407 738 501 764 cum
525 722 699 764 candela
719 738 793 764 sua
815 723 978 773 detulit,
1002 727 1043 764 et
1069 723 1119 764 de
1139 722 1320 764 Radulfo
1340 721 1566 762 Godricum
1587 736 1658 762 no-

120 789 269 830 minari
302 789 421 837 fecit,
465 790 659 844 quatinus
700 788 787 845 ejus
816 790 975 845 ,adepto
1010 789 1176 830 nomine
1218 804 1341 832 sanus
1376 788 1416 829 in
1446 793 1658 843 posterum

121 856 292 906 viveret,
317 856 385 910 qui
416 857 529 912 prius
560 871 613 897 ex
642 856 729 898 sola
755 857 932 898 nominis
961 854 1049 911 ejus
1072 857 1226 897 virtute
1249 861 1291 897 et
1322 855 1584 896 invocatione
1608 855 1658 895 de

121 922 267 964 mortis
289 922 470 977 periculo
493 923 547 963 ad
568 923 664 965 vitae
686 923 889 978 premium
911 923 1216 978 pertransisset.
1262 922 1358 963 Hoc
1380 922 1490 963 idem
1516 928 1556 962 et
1578 921 1661 963 alia

119 990 268 1030 mulier
289 989 340 1030 de
362 990 506 1030 eadem
528 990 626 1031 villa
651 989 798 1040 effecit,
823 1005 912 1044 quae
935 988 1063 1030 filiam
1091 989 1293 1031 consimili
1321 994 1438 1043 peste
1466 989 1660 1029 laboran-

118 1060 204 1097 tem
226 1056 386 1106 habuit,
406 1061 446 1097 et
469 1071 563 1097 cum
582 1056 782 1111 praedicta
801 1056 972 1097 muliere
988 1056 1084 1097 illuc
1101 1057 1258 1111 gratias
1279 1055 1459 1096 referens
1476 1055 1657 1105 advenit,

119 1127 161 1163 et
192 1121 319 1163 filiam
353 1137 498 1164 sanam
532 1123 587 1164 ad
616 1122 880 1177 sepulchrum
910 1122 1179 1173 constituens,
1205 1122 1255 1163 de
1278 1122 1308 1163 J
1313 1122 1452 1163 uliana
1475 1122 1659 1163 Mariam

118 1189 342 1244 appelavit.

118 1354 306 1380 CLXXVIII.
343 1354 395 1379 DE
426 1353 696 1381 SOTULARIBUS
719 1353 762 1379 IN
785 1354 948 1379 ITINERE
980 1354 1172 1388 PERDITIS,
1204 1353 1274 1378 SED
1306 1353 1360 1378 AD
1392 1351 1659 1377 SEPULCHRUM

727 1421 819 1446 EJUS
850 1421 1054 1445 REPERTIs.

178 1520 195 1572 ἓ
219 1523 316 1562 552.
351 1520 438 1562 Vn).
470 1522 639 1576 quidam
661 1521 712 1563 de
736 1521 1018 1571 Gratesheued,
1043 1520 1252 1575 quondam
1277 1520 1365 1562 viro
1395 1519 1476 1560 Dei
1509 1520 1551 1560 in
1574 1518 1663 1559 vita

120 1602 194 1628 sua
224 1588 475 1639 notissimus,
505 1594 600 1643 post
634 1588 793 1629 exitum
821 1588 947 1629 etiam
973 1589 1069 1629 vitae
1102 1603 1263 1642 semper
1287 1586 1323 1627 ei
1352 1591 1442 1627 erat
1473 1585 1660 1627 devotus.

122 1653 207 1694 Hic
228 1654 336 1695 infra
360 1655 654 1696 Pentecostem
681 1655 936 1696 Dunelmum
968 1655 1189 1709 profectus,
1221 1653 1278 1694 ibi
1310 1653 1512 1694 sotulares
1541 1667 1663 1706 quos-

123 1719 219 1760 dam
254 1721 353 1761 corii
376 1721 659 1763 delicatissimi
688 1722 788 1763 satis
817 1722 988 1762 honeste
1012 1719 1165 1776 depicti
1192 1735 1285 1761 cum
1312 1719 1461 1769 limbis,
1493 1718 1662 1774 pretiosi

121 1787 217 1840 quia
241 1786 441 1838 inusitati,
465 1788 587 1830 nimis
615 1793 677 1829 est
708 1793 929 1838 mercatus,
963 1803 1063 1842 quos
1093 1787 1200 1828 infra
1238 1786 1439 1828 sotulares
1467 1790 1662 1827 vacantes

120 1853 330 1908 imposuit,
346 1855 441 1909 quia
462 1855 552 1896 illos
573 1855 704 1896 tutius
719 1860 759 1896 et
773 1855 940 1896 liberius
962 1855 1019 1896 sic
1037 1853 1244 1895 custodire
1260 1853 1487 1908 proposuit.
1530 1851 1660 1892 Mane

120 1934 218 1961 vero
239 1920 363 1971 facto,
388 1921 563 1976 pedibus
584 1921 752 1963 nudatis
773 1921 827 1962 ad
863 1921 1064 1962 Sanctum
1088 1920 1314 1961 Godricum
1340 1924 1402 1961 est
1429 1919 1659 1974 profectus;

123 1987 325 2029 sotulares
347 2003 444 2029 vero
465 1987 557 2029 illos
587 2004 681 2029 cum
713 1988 912 2030 extremis
944 1987 1121 2028 camisiae
1155 2002 1240 2028 suae
1264 1985 1345 2027 oris
1374 1985 1429 2027 ad
1451 1985 1662 2040 cingulum

124 2068 244 2094 suum
278 2055 434 2096 arctius
476 2070 637 2096 sursum
677 2055 971 2110 colligaverat3
1023 2054 1243 2107 taliterque
1281 2052 1502 2107 expeditus
1541 2053 1662 2093 rebus

122 2120 270 2162 ceteris
291 2121 360 2161 illo
382 2127 640 2176 pervenerat.
698 2121 954 2164 Canentibus
979 2125 1079 2161 tunc
1101 2120 1313 2161 monachis
1335 2120 1457 2160 horas
1480 2119 1661 2167 diurnas,

121 2186 172 2227 ad
190 2187 339 2228 Altare
359 2188 586 2239 oblaturus,
610 2188 768 2230 cunctis
789 2187 1086 2243 spectantibus,
1110 2186 1264 2241 prodiit
1282 2203 1292 2234 3
1318 2186 1430 2227 facta
1451 2201 1549 2227 vero
1571 2200 1664 2226 ora-

122 2252 246 2302 tione,
267 2268 384 2295 secus
403 2255 554 2296 ostium
569 2254 748 2296 ecclesiae
762 2255 894 2295 multo
910 2253 1109 2295 remotius
1126 2253 1327 2295 consedit.
1376 2252 1551 2293 Interim
1573 2267 1664 2292 mo-

121 2319 245 2360 nachi
276 2325 318 2360 et
350 2321 583 2376 presbyteri
608 2337 692 2362 una
721 2336 815 2362 cum
837 2321 984 2362 ceteris
1011 2320 1065 2361 ad
1096 2320 1359 2374 sepulchrum
1384 2334 1596 2374 aspexere,
1623 2323 1664 2359 et

122 2400 244 2440 super
264 2387 417 2441 gradus
439 2388 493 2428 ad
513 2387 638 2442 pedes
657 2387 862 2443 sepulchri
884 2402 1012 2429 novos
1034 2387 1234 2440 quosdam
1260 2386 1474 2437 sotulares,
1500 2386 1601 2427 satis
1623 2384 1664 2425 in

124 2466 166 2493 se
187 2457 414 2508 stupentes,
438 2459 547 2495 stare
569 2454 724 2495 Videre.
784 2454 972 2495 Tandem
995 2453 1106 2494 horis
1127 2452 1342 2508 psallendo
1364 2451 1506 2501 finitis,
1531 2451 1666 2493 senior

122 2518 263 2569 frater,
288 2525 426 2562 custos
449 2520 609 2571 domus,
633 2521 910 2576 praemiratus,
936 2520 1137 2561 sotulares
1156 2519 1247 2560 illos
1266 2520 1308 2560 in
1330 2533 1456 2559 manu
1478 2518 1661 2566 sustulit,

123 2590 164 2626 et
192 2586 431 2640 perquirens
459 2587 648 2641 quisnam
679 2587 770 2628 illos
799 2586 856 2627 ibi
884 2586 1066 2642 posuerit
1095 2586 1180 2627 sive
1211 2585 1425 2634 obtulerit,
1455 2584 1664 2624 neminem

122 2652 333 2706 quippiam
359 2652 409 2694 de
440 2652 504 2694 his
536 2653 733 2695 scientem
764 2653 949 2694 invenire
980 2652 1224 2708 praevaluit3
1258 2651 1369 2692 unde
1400 2666 1473 2705 per
1487 2649 1665 2705 juvenes

125 2717 325 2771 quosdam
346 2719 561 2769 militares,
586 2720 655 2774 qui
678 2725 777 2761 tunc
798 2719 855 2761 ibi
876 2719 983 2760 forte
1003 2719 1184 2768 fuerant,
1207 2732 1276 2759 eos
1299 2717 1567 2766 circumtulit,
1593 2716 1666 2757 sed

121 2784 259 2826 nullus
289 2786 455 2826 omnino
491 2786 705 2827 hominum
742 2787 810 2841 qui
850 2791 951 2827 tunc
983 2785 1218 2837 interfuere,
1252 2783 1457 2839 quomodo
1494 2783 1558 2824 vel
1594 2798 1667 2838 per

123 2865 245 2904 quem
267 2851 364 2892 111110
395 2852 671 2903 devenissent,
693 2853 935 2894 renunciare
959 2850 1168 2906 cognovit.
1232 2850 1422 2903 Denique
1443 2849 1578 2891 virum
1604 2850 1667 2904 ip—

126 2931 216 2957 sum
239 2932 361 2972 super
382 2918 447 2959 his
469 2933 711 2967 convenere,
736 2919 803 2973 qui
832 2924 873 2959 et
903 2934 944 2960 se
978 2918 1112 2972 ipsum
1139 2916 1344 2970 quomodo
1376 2917 1445 2957 illo
1471 2931 1667 2971 pervene-

1390 2991 1483 3022 FF?
