1839 3186
184 152 267 192 456
695 162 928 195 LIBELLUS
965 163 1028 194 DE
1064 163 1180 194 VITA

183 266 282 307 licet
313 266 465 307 foedam
490 266 786 322 impetiginem,
813 267 997 308 incurrit.
1060 267 1213 322 Nupsit
1244 271 1387 322 postea
1409 271 1549 308 tamen
1570 267 1716 309 mulier

184 332 255 373 illa
274 332 361 374 viro
383 333 515 384 alteri,
534 333 602 387 qui
623 333 837 388 languenti
859 334 1006 389 puellae
1028 333 1187 375 infestis
1208 334 1398 389 operibus
1416 333 1552 375 vitrici
1575 335 1715 375 multi-

184 399 307 439 mode
328 414 410 440 non
435 399 557 440 desiit
581 400 819 447 novercari;
854 415 1002 455 nempe
1023 415 1105 449 non
1129 405 1294 441 tantum
1315 400 1352 441 ei
1377 399 1470 440 odio
1492 400 1564 441 sed
1588 401 1714 441 etiam

185 465 344 506 horrori
366 471 407 506 et
430 466 702 507 exsecrationi
723 466 782 508 illi
800 467 973 518 exstitit,
995 482 1078 522 prae
1100 467 1228 508 nimia
1248 465 1502 508 infirmitatis
1523 467 1715 522 angustia

185 531 370 572 horribili
396 548 488 586 quae
520 548 611 573 eam
644 547 695 573 ex
725 533 933 587 insperato
967 533 1181 588 depressit.
1248 533 1310 573 At
1337 537 1472 573 mater
1496 548 1657 588 semper
1677 533 1714 574 ei

185 599 366 653 compati
391 597 474 654 [et]
498 599 680 640 misereri
711 599 844 654 coepit,
871 604 912 639 et
934 604 1135 653 quantum
1153 599 1290 654 potuit
1311 598 1515 650 auxiliari,
1539 599 1636 640 licet
1661 600 1716 640 ad

186 679 402 706 commune
444 665 658 705 hominum
697 665 948 706 consortium
983 666 1095 707 nullo
1128 666 1253 707 modo
1292 665 1493 720 potuisset
1532 665 1714 707 admitti.

188 731 386 772 Materna
416 732 582 785 quidem
606 731 761 773 viscera
792 747 864 786 pro
896 733 1029 773 carnis
1058 732 1233 787 propriae
1264 731 1524 786 oppressione
1555 747 1717 787 semper

186 797 265 839 levi
290 797 551 839 miseratione
573 799 828 852 quatiuntur,
857 798 1055 853 quamdiu
1070 814 1164 840 caro
1183 797 1379 853 affligitur
1400 814 1489 852 quae
1511 813 1564 840 ex
1585 799 1717 840 altera

185 863 396 918 gignitur;
430 865 659 919 penetralia
685 865 863 920 pectoris
898 881 988 920 quae
1014 870 1111 906 ante
1142 870 1258 907 ortus
1288 870 1479 920 tempora
1510 880 1600 906 eam
1636 865 1714 906 sibi

186 930 396 971 counitam
414 936 629 979 noverant,
652 932 831 972 naturali
852 932 1147 987 compassionis
1167 932 1309 973 ordine
1334 946 1386 972 ex
1415 931 1567 973 affectu
1587 932 1715 973 animi

189 996 311 1038 citius
329 996 610 1039 reflectuntur.
657 998 783 1039 Unde
805 998 858 1039 ad
880 999 1105 1040 sacerdotis
1125 999 1231 1040 Villae
1252 998 1380 1053 ipsius
1401 998 1588 1053 confugit
1610 1013 1713 1039 aux—

183 1063 312 1114 ilium,
336 1079 501 1105 omnem
523 1065 559 1105 ei
580 1079 662 1106 suae
685 1064 858 1106 miseriae
877 1080 1085 1120 exponens
1107 1064 1371 1106 desolationis
1393 1069 1601 1106 eventum.
1633 1065 1713 1117 Qui

184 1130 330 1172 matris
352 1136 392 1171 et
417 1131 510 1172 filiae
535 1131 778 1172 miserandae
800 1132 975 1173 fortunae
998 1131 1221 1182 condoluit,
1253 1136 1293 1172 et
1318 1130 1571 1187 adjutorium
1593 1132 1714 1185 quale

185 1197 323 1250 potuit
347 1198 404 1238 eis
424 1197 646 1252 impendit,
672 1213 770 1238 nam
790 1199 831 1239 in
850 1198 1045 1253 hospitali
1064 1198 1114 1239 de
1132 1196 1455 1252 1Dernigntune,
1470 1213 1558 1251 quae
1581 1197 1716 1238 tribus

181 1262 310 1304 ferme
331 1264 559 1305 miliaribus
583 1264 742 1314 aberat,
765 1270 806 1306 et
829 1265 1010 1306 2Badele
1030 1264 1232 1307 vocabulo
1262 1264 1420 1305 dictum
1450 1264 1598 1313 fuerat,
1622 1278 1714 1305 eam

183 1330 372 1383 precibus
403 1331 705 1385 suscipiendam
728 1332 924 1380 obtinuit,
946 1348 994 1373 ac
1020 1332 1088 1373 illo
1116 1332 1261 1386 ipsam,
1284 1335 1417 1371 matre
1442 1346 1535 1371 cum
1566 1329 1714 1372 ceteris

183 1396 326 1438 amicis
360 1397 609 1452 pauperibus
641 1399 878 1448 comitante,
911 1398 1133 1453 perduxit;
1170 1413 1258 1452 quae
1283 1397 1339 1438 ibi
1371 1397 1412 1437 in
1444 1396 1567 1438 domo
1596 1395 1711 1437 infir-

180 1463 386 1504 mantium
403 1469 559 1505 secreto
580 1464 660 1505 Dei
671 1463 830 1519 judicio
845 1466 967 1520 leprae
986 1464 1176 1519 contagio
1193 1478 1476 1519 percussorum
1497 1479 1569 1518 per
1585 1477 1715 1504 annos

181 1533 265 1571 tres
290 1530 505 1572 continuos
529 1531 684 1585 deguit,
705 1531 777 1573 sed
794 1530 881 1587 ejus
899 1531 1101 1587 aegritudo
1120 1531 1170 1572 de
1192 1530 1258 1571 die
1279 1530 1319 1570 in
1339 1530 1448 1570 diem
1470 1530 1512 1571 in
1535 1529 1716 1570 deterius

182 1601 454 1651 augmentata
475 1598 695 1639 concrevit.
741 1598 900 1654 Nempe
920 1613 1084 1639 omnem
1104 1598 1301 1638 facierum
1322 1597 1430 1638 illius
1455 1595 1712 1651 superficiem

182 1662 326 1703 lacerae
348 1663 578 1718 putredinis
592 1664 764 1706 cicatrix
784 1680 996 1719 nunquam
1018 1680 1118 1706 sana
1138 1669 1272 1705 totam
1297 1663 1543 1714 obduxerat,
1559 1668 1600 1704 et
1618 1663 1713 1704 3fal-

181 1728 314 1771 liculis
346 1730 481 1771 crudae
514 1731 646 1772 carnis
678 1731 851 1786 sparsim
882 1731 1120 1786 patentibus
1151 1735 1192 1771 et
1223 1730 1360 1770 hiulco
1384 1734 1526 1770 meatu
1556 1730 1711 1771 saniem

181 1810 386 1838 venenoso
422 1802 564 1838 meatu
602 1797 861 1848 rimantibus,
897 1798 1107 1839 horridam
1145 1796 1303 1838 cunctis
1335 1796 1426 1838 visu
1458 1796 1710 1837 reddiderat.

183 1861 488 1917 Labiorumque
509 1863 636 1918 ipsius
653 1869 842 1905 extrema
863 1865 1178 1918 circumquaque
1196 1863 1424 1904 marcentia
1444 1862 1711 1918 diriguerant,

182 1929 278 1983 quia
298 1929 568 1984 particulares
592 1930 791 1984 quasdam
813 1929 900 1986 ejus
927 1931 1114 1986 regiones
1140 1945 1268 1984 usque
1292 1929 1346 1970 ad
1376 1928 1581 1983 profunda
1601 1943 1712 1983 quae—

183 1995 279 2037 dam
302 1996 603 2038 dimensionum
626 1997 841 2051 dispendia
862 1997 923 2038 vis
944 2012 1053 2039 saeva
1075 1996 1224 2038 diutini
1244 1995 1452 2050 languoris
1473 2010 1712 2037 consumen-

183 2061 235 2102 do
258 2062 468 2103 exederat.
524 2062 605 2104 His
628 2063 768 2117 itaque
792 2064 961 2118 aliisque
992 2063 1101 2104 illius
1132 2061 1388 2118 aegritudinis
1408 2061 1542 2103 modis
1564 2076 1711 2117 corpus

181 2126 269 2182 ejus
287 2128 555 2170 dilaceratum
577 2129 711 2183 periit,
736 2130 872 2183 sicque
897 2145 988 2184 spes
1005 2129 1137 2171 omnis
1157 2127 1323 2170 virtutis
1344 2126 1408 2169 vel
1429 2128 1619 2170 sanitatis
1640 2128 1711 2170 ali-

181 2194 345 2248 quando
364 2194 452 2236 vita
473 2195 622 2235 comite
643 2196 933 2250 recuperandae
956 2197 1122 2237 omnino
1145 2194 1309 2235 defecit.

243 2261 264 2315 ᾗ
291 2263 387 2302 584.
420 2261 483 2301 At
513 2261 684 2302 tandem
705 2267 839 2303 mater
859 2262 1030 2303 audiens
1055 2261 1164 2316 quod
1192 2261 1246 2302 ad
1266 2260 1378 2301 beati
1402 2260 1571 2302 Godrici
1605 2261 1710 2302 servi

183 2327 264 2368 Dei
285 2327 559 2382 sepulchrum,
583 2328 725 2369 crebro
747 2328 873 2383 ipsius
894 2329 1019 2370 sacris
1036 2327 1318 2369 obtinentibus
1339 2326 1510 2376 meritis,
1526 2326 1612 2368 fieri
1633 2327 1712 2367 mi-

180 2393 321 2443 racula
344 2394 583 2449 inciperent,
608 2392 852 2436 fidelitatem
883 2400 1028 2437 contra
1057 2395 1241 2436 omnium
1271 2392 1395 2434 fidem
1420 2393 1629 2448 opposuit;
1670 2398 1711 2434 et

229 2535 237 2553 ¹
262 2533 507 2578 Dernigntune.
555 2533 644 2566 Such
663 2533 691 2566 is
708 2533 765 2566 the
783 2533 927 2578 spelling
944 2533 982 2565 of
995 2533 1051 2566 the
1070 2533 1234 2567 Bodleian
1253 2533 1329 2567 MS.

226 2579 238 2596 ²
258 2580 408 2624 Baclele]
433 2579 481 2613 Of
494 2585 507 2612 t
535 2580 562 2613 is
578 2579 725 2624 hospital
742 2591 785 2612 no
803 2579 898 2612 other
915 2580 1027 2612 notice
1045 2579 1162 2612 exists.
1198 2580 1308 2612 There
1325 2591 1393 2612 was
1411 2579 1445 2611 in
1458 2577 1516 2610 the
1535 2576 1710 2620 collegiate

180 2625 307 2659 chrirch
324 2626 361 2659 of
378 2625 578 2670 Darlington
596 2638 615 2659 a
633 2626 774 2671 chantry
791 2625 899 2658 called
916 2625 974 2658 the
991 2625 1133 2670 chantry
1151 2626 1188 2659 of
1210 2625 1428 2668 Badelfielde,
1448 2636 1483 2657 or
1501 2622 1709 2665 Battlefield‚

181 2671 238 2704 the
256 2672 363 2716 origin
381 2672 418 2705 of
431 2671 553 2711 which,
573 2672 754 2717 according
767 2677 800 2705 to
819 2672 954 2705 Surtees
973 2672 1036 2716 (iii.
1052 2672 1147 2717 362),
1166 2672 1194 2705 is
1212 2672 1394 2705 unknown.
1446 2670 1497 2703 He
1516 2674 1635 2714 quotes
1653 2669 1710 2702 the

181 2717 314 2751 Boldon
332 2718 430 2751 Book
452 2718 518 2751 and
538 2719 720 2752 Hatfield's
744 2719 883 2763 Survey,
908 2729 943 2751 as
968 2717 1049 2750 both
1074 2718 1285 2762 mentioning
1309 2718 1366 2751 the
1384 2717 1529 2761 herbage
1548 2715 1585 2748 of
1609 2716 1628 2734 “
1643 2715 1709 2748 Ba-

182 2764 308 2808 thela‚⁷’
328 2777 364 2797 or
390 2764 601 2809 “Bathley.”
650 2766 713 2798 See
731 2764 864 2798 Boldon
888 2764 994 2806 Book,
1014 2776 1045 2809 p.
1065 2766 1143 2807 583,
1161 2764 1272 2797 where
1290 2764 1316 2797 it
1335 2764 1363 2797 is
1382 2763 1489 2797 called
1509 2761 1707 2805 “Batella,’'

182 2810 247 2843 and
265 2822 308 2843 no
326 2810 421 2843 other
438 2811 523 2843 form
542 2812 580 2844 of
593 2811 651 2844 the
668 2811 759 2844 word
777 2811 805 2844 is
824 2810 996 2855 specificd.

224 2857 236 2875 ³
261 2855 454 2902 Fudiculis]
481 2857 524 2890 So
542 2857 600 2890 the
618 2857 704 2901 MS,
723 2857 887 2903 probably
905 2859 925 2876 ‘⁶
937 2856 1121 2890 folliculis”
1140 2856 1168 2890 is
1187 2856 1243 2890 the
1262 2862 1390 2891 correct
1407 2855 1555 2900 reading.
