1839 3186
155 155 240 196 392
673 163 908 196 LIBELLUS
945 164 1009 195 DE
1047 164 1162 195 VITA

157 269 274 310 chale
295 269 336 309 in
358 268 556 310 exstasim
587 268 713 317 facta,
736 273 777 309 et
802 283 844 309 se
866 268 1023 309 diutius
1045 267 1292 323 discerpens,
1315 267 1486 309 tandem
1510 266 1551 307 in
1574 282 1614 307 se
1636 281 1697 307 re-

159 336 275 377 diens
297 350 434 376 coram
459 335 570 376 omni
603 335 753 390 populo
792 335 1089 390 proclamabat,
1126 340 1167 376 et
1203 335 1277 384 ait,
1307 338 1330 356 “
1350 334 1459 375 Ecce
1496 333 1696 374 Sanctum

159 402 437 444 Guthbertum
458 400 708 457 pontificem,
733 406 774 443 et
797 402 999 443 Sanctum
1038 402 1241 442 Thomam
1276 407 1505 457 martyrem
1530 399 1696 449 Christi,

160 474 202 510 et
221 470 389 510 beatum
405 469 539 510 virum
561 468 641 509 Dei
659 468 884 509 Godricum
906 468 947 509 in
966 469 1110 510 arbore
1131 468 1202 509 illa
1222 468 1481 510 considentes
1504 466 1699 522 aspicio.''

162 535 303 577 Arbor
330 541 471 577 autem
497 536 568 577 illa
598 535 765 591 propius
787 550 903 577 secus
924 536 1077 576 ostium
1100 535 1295 576 Ecclesiae
1319 535 1469 583 stabat,
1494 549 1617 589 quam
1640 533 1701 575 vir

163 603 244 644 Dei
275 603 483 658 quondam
519 602 560 643 in
591 602 679 643 vita
709 618 783 644 sua
814 602 870 643 ibi
911 602 1185 657 plantaverat.
1276 602 1532 643 Attollentes
1573 600 1700 655 igitur

161 670 327 725 plurimi
348 670 500 718 oculos,
524 674 608 710 tres
628 669 839 710 columbas
860 668 1172 710 candidissimas
1202 669 1243 709 in
1274 669 1364 723 ipsa
1393 669 1537 709 arbore
1571 667 1701 708 consi-

163 737 308 778 dentes
328 736 545 778 manifeste
568 735 767 777 videbant
785 753 796 784 3
836 751 936 789 quas
961 736 1087 776 etiam
1109 735 1160 776 de
1180 735 1324 776 arbore
1357 735 1427 776 illa
1447 735 1489 776 in
1510 748 1702 789 suprema

163 803 360 845 Ecclesiae
386 803 554 857 fastigia
572 802 761 844 volantes
782 807 823 843 et
844 802 900 843 ibi
926 803 1187 844 demorantes
1208 802 1513 857 conspiciebant
1530 819 1540 850 ;
1575 806 1701 855 atque

163 870 317 912 iterum
346 870 584 911 exclamans
614 869 686 919 ait,
727 869 875 910 “Ecce
899 867 991 924 jam
1021 884 1130 910 nunc
1155 884 1228 911 vos
1256 884 1398 910 omnes
1433 873 1702 924 exsurgentes

166 936 311 978 Sancti
360 937 530 977 Thomae
571 936 900 977 benedictionem
950 935 1162 991 percipite,
1213 935 1309 990 quia
1348 936 1472 977 modo
1522 935 1701 977 Sanctus

165 1003 348 1045 Thomas
368 1019 485 1058 aquae
506 1003 780 1058 aspersorium
815 1003 864 1044 de
893 1017 1020 1044 manu
1043 1002 1185 1044 Sancti
1209 1002 1431 1044 Outhberti
1461 1017 1536 1043 nos
1563 1017 1700 1058 asper-

165 1085 296 1120 surus,
333 1085 381 1111 ac
412 1070 742 1112 benedictionem
774 1069 892 1111 nobis
929 1070 1114 1120 daturus,
1144 1069 1345 1125 accepit.”
1416 1070 1546 1111 Multi
1573 1069 1701 1124 igitur

164 1137 412 1193 populorum
452 1142 721 1192 exsurgentes
752 1137 1065 1192 exspectabant,
1093 1142 1134 1177 et
1172 1137 1288 1191 quasi
1321 1138 1363 1178 in
1399 1136 1490 1178 illos
1521 1151 1593 1177 ora
1627 1151 1701 1178 sua

165 1204 296 1246 veluti
334 1203 640 1258 quodammodo
681 1204 851 1245 attoniti
891 1204 1138 1259 dirigebant.
1211 1203 1290 1245 Illa
1330 1208 1472 1244 autem
1516 1203 1615 1254 sola,
1652 1208 1701 1244 ut

165 1271 354 1321 asseruit,
370 1271 527 1325 species
547 1271 801 1326 singulorum
823 1276 1060 1312 sanctorum
1080 1285 1128 1311 ac
1146 1270 1300 1312 formas
1316 1270 1421 1312 vidit
1442 1270 1702 1312 manifestius

166 1353 215 1379 ac
238 1338 457 1393 cognovit;
492 1338 667 1393 populus
688 1353 785 1379 vero
815 1353 897 1378 non
918 1337 996 1379 nisi
1027 1338 1182 1393 species
1201 1337 1517 1379 candidatarum
1549 1337 1702 1378 colum-

165 1405 313 1446 barum
334 1405 474 1446 videre
493 1404 725 1460 praevaluit.
788 1404 891 1446 Post
913 1420 1005 1459 quae
1028 1405 1167 1446 omina
1189 1419 1330 1446 rursus
1350 1409 1471 1459 rapta
1492 1404 1534 1445 in
1555 1404 1703 1459 spiritu

166 1471 359 1526 procidit,
383 1486 431 1512 ac
452 1471 564 1513 virus
586 1476 804 1513 cruentum
824 1486 873 1513 ac
902 1471 1181 1523 faeculentum,
1204 1471 1335 1513 instar
1358 1471 1562 1513 viscerum
1582 1486 1701 1513 rana-

165 1553 259 1579 rum
290 1553 363 1580 seu
392 1537 579 1593 piscium,
603 1538 828 1593 plurimum
860 1553 998 1580 coram
1029 1538 1189 1580 cunctis
1218 1538 1415 1589 evomuit,
1443 1543 1484 1580 et
1519 1553 1620 1580 sana
1650 1537 1705 1579 ad

167 1604 399 1646 Ecclesiam
434 1605 645 1660 processit.
707 1604 889 1646 Rediens
919 1620 1015 1646 vero
1047 1605 1196 1646 exinde
1233 1605 1490 1660 marsupium
1514 1605 1702 1656 sericum,

166 1671 277 1726 quod
310 1672 346 1712 ei
386 1671 608 1722 deciderat,
634 1671 903 1727 perquisivit3
944 1671 1084 1714 dicens
1116 1672 1212 1726 quia
1253 1672 1434 1714 Sanctus
1464 1672 1646 1714 Thomas
1668 1672 1705 1713 ei

167 1739 331 1780 dixerat
367 1738 477 1792 quod
498 1738 666 1793 quidam
696 1738 884 1780 minister
913 1738 1111 1780 Ecclesiae
1140 1738 1363 1780 hostiarius
1386 1739 1489 1780 illud
1518 1754 1704 1794 assump-

167 1805 279 1855 serit,
303 1805 412 1860 quod
437 1805 626 1847 minister
656 1806 909 1860 recognovit,
933 1810 975 1847 et
1004 1821 1104 1847 mox
1125 1806 1162 1847 ei
1196 1820 1271 1847 sua
1291 1806 1502 1854 restituit;
1537 1821 1635 1848 nam
1662 1810 1704 1847 et

167 1872 315 1913 mulier
347 1872 436 1927 ipsa
466 1872 569 1913 illud
599 1873 641 1913 in
671 1873 796 1928 pallio
831 1888 904 1914 suo
937 1872 1179 1923 involverat,
1212 1873 1377 1927 quando
1408 1872 1450 1914 in
1479 1872 1705 1928 primordio

170 1953 361 1981 excessus
386 1938 448 1980 sui
470 1939 699 1995 praescripti
721 1939 994 1981 laboraverat,

314 2087 400 2114 LIII.
443 2089 494 2113 DE
530 2089 689 2115 VISIONE
720 2089 961 2115 SANCTORUM
993 2089 1066 2115 SUB
1101 2089 1233 2115 SPEGIE
1263 2089 1558 2116 COLUMBARUM.

228 2171 376 2226 ς414.
424 2171 563 2212 NOCTE
592 2170 718 2212 etiam
753 2170 835 2212 alia
871 2171 1040 2225 quidam
1074 2177 1243 2226 propter
1279 2172 1408 2227 frigus
1448 2174 1511 2215 vel
1552 2173 1705 2216 imbres

169 2237 296 2279 etiam
329 2237 589 2287 devitandos,
612 2237 678 2279 vel
699 2237 754 2278 ad
784 2242 919 2279 vestes
943 2238 1221 2288 desiccandas,
1251 2239 1366 2294 ignes
1394 2240 1469 2281 sub
1491 2241 1705 2283 arboribus

169 2304 354 2359 copiosas
376 2304 688 2353 succenderant,
713 2304 862 2358 quique
893 2310 1108 2360 aspectum
1132 2305 1186 2346 ad
1211 2305 1443 2348 Ecclesiam
1466 2307 1703 2363 dirigentes,

169 2371 382 2412 columbas
403 2371 555 2413 iterum
577 2371 765 2413 albentes
788 2371 940 2427 saepius
961 2371 1193 2413 Ecclesiam
1215 2377 1257 2413 et
1278 2373 1386 2414 atria
1406 2374 1707 2428 perlustrantes

165 2453 238 2493 per
268 2442 435 2479 noctem
468 2437 617 2492 saepius
648 2442 977 2492 conspexerant;
1013 2453 1114 2493 quas
1142 2439 1268 2480 etiam
1301 2440 1423 2481 multi
1456 2440 1702 2490 videntium,

167 2509 408 2546 sanctorum
430 2504 726 2560 praedictorum
748 2504 873 2546 fuisse
896 2504 1050 2561 effigies
1069 2504 1384 2547 confirmabant.

605 2653 686 2678 LIV.
723 2652 774 2677 DE
809 2652 1050 2678 PARALITICA
1082 2653 1257 2679 SANATA.

224 2754 366 2807 §415
399 2751 596 2805 QUAEDAM
631 2754 836 2801 matrona,
864 2750 1056 2794 Matildis
1091 2758 1239 2794 vocata
1274 2753 1325 2795 de
1359 2749 1619 2808 ¹Sedberuie,
1652 2758 1705 2799 ab

581 2856 587 2875 ¹
614 2856 815 2903 sedberuie]
843 2857 1023 2903 Sadberge,
1043 2870 1100 2893 sce
1119 2859 1135 2905 ξ
1155 2862 1234 2894 285.
