1839 3186
540 214 600 245 ET
635 214 901 247 MIRACULIS
938 217 973 247 s.
1007 215 1222 249 GoDRIcI.
1596 211 1648 250 39

108 321 269 362 serebat
287 338 297 370 ς
333 325 501 375 eratque
522 326 653 363 tantae
672 321 882 363 servitutis
897 327 937 363 et
958 322 1116 377 gratiae,
1137 323 1246 376 quod
1269 338 1321 363 ex
1343 322 1638 364 benevolentiae

108 387 375 428 multitudine
397 388 587 429 humanae
610 388 780 429 modum
802 389 1015 443 qualitatis
1040 389 1249 431 videretur
1274 389 1485 430 excedere.
1532 389 1642 431 Hos-

108 454 258 510 pitium
289 455 560 496 subeuntibus
599 456 780 497 Marthae
812 456 982 498 alterius
1018 456 1338 498 sollicitudinem
1371 456 1411 496 in
1451 456 1642 498 omnibus

107 521 364 576 praeferebat,
388 537 483 563 nam
507 526 548 563 et
569 521 611 563 in
638 522 901 564 ministrandi
932 522 1064 564 officio
1089 523 1248 564 cunctis
1271 527 1358 563 erat
1380 523 1574 577 paratior,
1600 529 1641 564 et

106 588 147 629 in
180 588 389 630 servitutis
425 589 618 643 obsequio
647 589 836 631 omnibus
872 606 945 645 per
973 590 1173 631 familiam
1207 590 1353 631 domus
1390 588 1643 631 efficiebatur

106 655 318 696 obnoxior.
381 655 508 697 Unde
526 661 566 697 et
588 657 715 711 pedes
731 656 806 698 viri
825 657 904 698 Dei
926 658 1036 698 onini
1058 673 1161 712 pene
1183 656 1416 712 vespertino
1440 662 1638 711 tempore,

108 723 266 776 quoties
301 722 345 763 id
375 722 627 778 patiebatur,
656 724 777 765 solita
812 730 899 765 erat
936 725 1117 774 abluere,
1147 730 1187 765 et
1210 724 1357 779 saepius
1394 723 1533 764 oscula
1563 723 1637 764 im-

108 789 322 843 primendo
354 790 592 845 detergere3
631 796 751 832 nocte
783 806 879 832 vero
910 792 1237 847 superveniente⁷
1265 790 1393 846 juxta
1428 790 1563 845 ipsum
1596 791 1637 831 in

107 855 251 896 eodem
274 871 316 897 se
338 857 525 898 cubiculo
559 873 814 913 componere,
846 864 887 899 et
923 859 1037 912 quasi
1064 858 1309 899 collateralis
1339 857 1473 898 amica
1510 872 1638 911 usque

107 922 150 962 in
173 922 281 963 diem
311 923 536 965 crastinum
566 940 660 965 cum
690 925 759 965 illo
798 926 952 980 pariter
980 925 1249 967 condormire.
1314 925 1406 977 Qua
1435 924 1485 965 de
1518 939 1642 966 causa

108 989 259 1030 accidit
280 995 327 1030 ut
348 990 559 1032 multoties
581 991 643 1033 Vir
674 991 754 1032 Dei
787 992 837 1033 de
873 992 1000 1046 ipsius
1031 998 1126 1033 actu
1153 997 1193 1033 et
1214 992 1361 1033 habitu
1382 991 1519 1032 animo
1541 990 1639 1032 fiuc-

108 1060 257 1106 tuaret,
282 1062 323 1097 et
341 1057 538 1111 quiddam
552 1058 773 1112 aliquando
794 1059 1021 1099 humanum
1043 1059 1084 1099 in
1102 1059 1423 1113 cogitationibus
1445 1058 1637 1109 sentiens,

108 1123 431 1177 perturbationis
459 1124 646 1166 stimulos
682 1125 723 1165 in
755 1126 1099 1180 concupiscentiae
1124 1125 1360 1167 1fomitibus
1382 1125 1635 1179 parturiret3

111 1195 155 1231 at
181 1194 322 1231 tamen
358 1206 567 1245 nunquam
595 1192 671 1233 sibi
693 1192 872 1234 vicissim
900 1193 1075 1234 carnalis
1107 1193 1400 1233 oblectamenti
1432 1191 1643 1245 colloquiis

111 1256 432 1311 applaudebant,
482 1273 553 1299 seu
604 1259 741 1313 aliqua
787 1259 1112 1300 oblectationum
1152 1259 1343 1300 incendia
1386 1259 1428 1299 in
1472 1258 1642 1300 alternis

109 1323 291 1365 motibus
312 1340 532 1380 exsurgere
554 1325 608 1366 ad
635 1325 810 1367 invicem
827 1326 1114 1381 praeferebant.
1177 1326 1401 1381 Nunquam
1423 1324 1532 1365 enim
1557 1325 1642 1380 ipse

111 1390 163 1431 ab
189 1405 237 1431 ea
265 1392 486 1445 quaerebat,
527 1396 551 1413 ‘⁶
576 1392 651 1443 Tu,
688 1408 780 1446 quae
814 1398 886 1434 aut
921 1393 1030 1434 unde
1062 1409 1104 1434 es
1123 1393 1159 1433 3⁶³
1194 1394 1266 1434 sed
1301 1408 1431 1447 neque
1466 1392 1535 1432 illa
1570 1407 1642 1432 un—

112 1472 236 1510 quam
279 1458 551 1499 conveniebat
602 1474 695 1500 eum
738 1459 951 1501 sciscitans
993 1466 1066 1501 aut
1117 1460 1323 1501 discutere
1374 1460 1640 1513 intemptans,

116 1528 140 1545 “
165 1523 364 1576 Quisnam
406 1540 448 1566 es
464 1525 502 1566 3³³
565 1525 802 1567 Mirabatur
842 1532 983 1567 tamen
1025 1527 1178 1582 saepius
1225 1532 1266 1568 et
1314 1525 1643 1581 inexplicabilius

114 1590 222 1631 unde
253 1595 382 1632 tantae
412 1592 730 1646 pulchritudinis
756 1593 898 1648 virago
929 1609 1059 1648 genus
1085 1594 1266 1643 duceret,
1305 1609 1375 1635 seu
1397 1609 1422 1634 a
1444 1607 1523 1646 quo
1555 1597 1642 1632 tarn

110 1657 250 1698 eximii
281 1657 439 1699 decoris
470 1659 641 1713 pulchra
666 1660 820 1714 species
856 1661 1069 1715 provenire
1102 1661 1333 1715 potuisset;
1368 1659 1471 1701 illud
1505 1663 1645 1699 tamen

111 1738 193 1777 prae
214 1724 403 1766 omnibus
425 1730 513 1765 erat
534 1726 795 1780 permirabile
819 1727 929 1780 quod
960 1742 1080 1768 nemo
1113 1727 1415 1776 comitantium,
1448 1725 1526 1766 nisi
1559 1725 1645 1780 ipse

113 1795 153 1830 et
175 1795 309 1831 mater
329 1791 449 1841 illius,
475 1807 565 1832 eam
587 1797 781 1846 poterant
802 1792 977 1834 2videre.

171 1856 284 1908 §25.
318 1857 466 1912 Sicque
500 1873 524 1899 a
558 1858 802 1900 Lundonica
835 1859 1003 1900 civitate
1040 1873 1167 1912 usque
1201 1858 1256 1899 ad
1283 1858 1474 1907 Romam,
1516 1863 1556 1899 et
1595 1858 1645 1899 de

114 1922 249 1964 Roma
269 1923 323 1964 ad
345 1924 494 1965 moenia
515 1940 640 1979 prope
665 1925 989 1976 Lundoniarum,
1023 1940 1117 1965 cum
1152 1925 1232 1965 illis
1260 1940 1395 1965 comes
1432 1924 1647 1965 individua

110 1989 240 2040 affuit,
274 1995 397 2044 atque
419 1991 540 2031 multi
565 1992 622 2032 eis
643 1992 859 2033 ministerii
896 1991 1137 2045 obsequium
1168 1991 1408 2032 obedienter
1430 1991 1646 2045 impendit.

113 2055 217 2097 Cum
242 2061 383 2097 autem
413 2057 468 2098 ad
498 2058 588 2098 loca
616 2057 792 2099 finitima
822 2058 864 2098 in
895 2058 1104 2099 redeundo
1135 2073 1239 2112 pene
1275 2057 1572 2112 contingerent,
1606 2058 1649 2098 in

113 2122 260 2176 quibus
287 2139 377 2164 eam
408 2124 600 2178 primitus
622 2124 663 2165 in
685 2140 757 2166 suo
777 2125 981 2166 consortio
1012 2140 1221 2179 accepere,
1253 2124 1373 2179 petiit
1404 2124 1475 2165 illa
1506 2124 1648 2173 abeis

113 2194 313 2242 quatenus
344 2190 421 2231 sibi
458 2191 558 2231 data
577 2191 795 2232 recedendi
830 2191 1009 2243 licentia,
1046 2191 1101 2232 ad
1136 2191 1315 2246 patriam
1346 2192 1555 2246 propriam
1578 2206 1647 2246 po-

111 2254 257 2296 tuisset
274 2256 508 2298 abscedere.
544 2261 568 2279 ‘⁶
593 2258 715 2308 Ecce,
739 2258 887 2308 enimss'
908 2258 1054 2312 inquit⁷
1080 2262 1104 2279 “
1118 2256 1210 2313 jain
1233 2257 1429 2312 3Alpium
1450 2258 1644 2313 pericula,

160 2382 169 2401 ¹
192 2381 402 2429 Fomitibus]
430 2383 609 2426 Fontibus,
628 2385 675 2418 H.

157 2429 170 2447 ²
194 2428 342 2475 Videre]
371 2430 465 2463 Thus
495 2431 649 2464 narrated
679 2432 724 2476 by
752 2431 810 2464 the
837 2443 1048 2477 anonymous
1077 2431 1221 2464 author:
1258 2431 1372 2464 “Illis
1399 2443 1477 2464 cum
1501 2431 1646 2464 Romam

111 2480 263 2519 peterent
281 2475 491 2509 Londoniam
509 2478 765 2522 praetergressis,
785 2490 827 2511 ex
845 2478 1026 2522 improviso
1051 2478 1173 2510 mulier
1197 2478 1311 2522 magni
1337 2478 1467 2510 decoris
1493 2477 1646 2519 accessit,

113 2528 145 2553 et
162 2521 263 2564 hujus
288 2522 566 2566 peregrinationis
593 2536 705 2557 comes
732 2524 805 2557 fieri
830 2524 1028 2569 suppliciter
1056 2524 1244 2568 fiagitavit3
1272 2524 1360 2568 quod
1386 2523 1648 2557 misericorditer

115 2567 163 2599 illi
194 2574 394 2601 annuerunt.
446 2569 527 2602 Erat
557 2571 671 2614 itaque
696 2571 778 2615 ipsis
804 2582 917 2603 comes
943 2571 1128 2613 individua,
1147 2582 1209 2603 nec
1226 2570 1433 2615 aliquorsum
1452 2569 1647 2603 discedebat

113 2613 154 2646 ab
173 2613 233 2656 cis,
252 2622 284 2647 et
302 2614 337 2647 in
354 2626 470 2648 eorum
488 2615 658 2660 obsequiis
684 2617 991 2661 incomparabiliter
1017 2617 1160 2661 diligens
1186 2622 1218 2649 et
1242 2617 1373 2650 devota.
1426 2616 1517 2649 Nam
1543 2615 1647 2660 pedes

113 2658 247 2692 illorum
276 2660 421 2704 lavabat,
452 2668 483 2694 et
511 2662 626 2695 oscula
654 2663 797 2708 pedibus
830 2663 1056 2708 imprimebat,
1087 2663 1285 2707 cunctisque
1313 2662 1582 2696 ministrantibus
1613 2662 1648 2694 in

114 2705 213 2738 domo
238 2707 384 2750 paratior
403 2713 435 2740 et
453 2708 690 2753 obsequentior
715 2715 796 2743 erat.
848 2709 900 2742 Ita
930 2721 988 2754 per
1014 2715 1124 2742 totum
1150 2709 1213 2742 iter
1231 2709 1341 2742 eundo
1365 2715 1397 2741 et
1422 2708 1593 2741 redeundo
1612 2720 1647 2740 se

112 2751 229 2795 gessit,
246 2764 307 2785 nec
325 2752 366 2786 ab
384 2753 451 2787 illis
469 2766 544 2798 quae
562 2755 614 2788 vel
631 2755 721 2788 unde
740 2761 840 2798 esset,
857 2756 1061 2800 interrogata
1078 2756 1142 2788 fuit
1156 2768 1165 2797 3
1190 2767 1253 2788 nec
1270 2756 1413 2800 ipsamet
1438 2766 1496 2799 per
1522 2766 1557 2787 se
1582 2754 1647 2787 hoc

115 2797 163 2830 eis
181 2797 393 2842 aliquatenus
410 2800 609 2834 indicaviff'

160 2844 173 2862 ³
189 2843 326 2888 Alpium
348 2846 526 2893 pericula]
555 2847 628 2880 The
641 2849 787 2893 journey
801 2854 834 2880 to
853 2848 961 2881 Rome
975 2860 1042 2881 was
1061 2847 1220 2881 attended
1237 2847 1319 2879 with
1336 2858 1439 2891 many
1457 2846 1649 2880 difficulties

118 2889 184 2922 and
202 2890 354 2935 danger-s,
372 2892 497 2937 arising
513 2893 624 2938 partly
640 2894 726 2927 from
744 2894 801 2927 the
819 2894 955 2927 robbers
972 2895 1017 2938 by
1035 2894 1144 2926 whom
1164 2893 1220 2926 the
1238 2893 1318 2926 read
1332 2905 1399 2926 was
1417 2893 1523 2935 beset,
1540 2893 1651 2938 partly

118 2935 204 2982 from
238 2936 294 2969 the
325 2937 488 2983 intensity
520 2940 557 2972 of
586 2940 642 2973 the
661 2940 838 2974 summer's
867 2940 946 2973 beat
973 2940 1039 2973 and
1068 2939 1215 2972 winter's
1243 2939 1328 2973 cold.
1381 2939 1460 2984 (See
1487 2940 1596 2984 Epist.
1616 2940 1650 2972 S.
