1839 3186
202 175 285 215 364
721 181 956 213 LIBELLUs
988 180 1051 212 DE
1083 181 1198 212 VITA

201 289 281 330 tari
305 288 439 344 coepit,
460 293 501 329 et
523 287 648 329 verba
669 301 759 341 (111εο
778 286 839 328 vir
869 285 949 326 Dei
976 286 1032 327 eis
1054 285 1166 340 prius
1191 284 1353 325 dixerat
1384 284 1532 340 saepius
1562 284 1616 325 ad
1646 299 1729 325 me—

201 355 376 396 moriam
395 354 605 403 reducens,
638 353 809 394 tandem
837 352 923 406 spei
954 352 1109 393 viribus
1130 352 1352 401 roboravit,
1388 352 1635 405 domumque
1662 366 1731 393 ve-

200 422 371 472 nientes,
398 426 609 461 mortuum
640 435 759 461 suum
790 418 1004 473 sepeliere3
1029 418 1101 459 sed
1133 433 1215 458 non
1236 418 1367 459 multo
1400 423 1544 473 postea
1564 419 1615 459 ob
1638 434 1732 459 con—

204 488 413 529 solationis
436 487 614 543 gratiam
635 485 799 539 utrique
821 485 875 525 ad
897 485 1031 526 virum
1054 484 1133 525 Dei
1159 484 1416 526 descendere.
1468 485 1627 537 Quibus
1648 485 1729 535 ille,

202 554 385 595 “Nolite
406 568 479 609 pro
500 553 615 608 pueri
651 557 784 593 morte
819 550 996 605 amplius
1026 550 1269 605 perturbari,
1293 552 1388 605 quia
1417 551 1503 592 vidi
1541 551 1732 606 spiritum

201 619 288 676 ejus
309 636 334 662 a
358 620 491 662 choris
523 618 718 674 angelicis
746 617 800 658 ad
835 631 1011 671 superna
1042 617 1223 671 perduci,
1247 617 1410 671 quando
1429 633 1501 659 vos
1528 618 1595 658 hic
1619 619 1731 672 prius

199 702 362 728 mecum
404 683 601 727 detinui.’⁷
663 684 822 736 Quibus
861 682 1028 723 monitis
1062 683 1286 733 informati,
1323 689 1539 725 moerentes
1575 684 1733 725 animas

200 753 454 802 refovebant,
477 752 573 806 quia
594 751 644 792 de
669 751 807 791 fructu
830 749 985 791 ventris
1004 749 1065 790 sui
1089 749 1179 790 Deo
1200 764 1307 791 nova
1329 751 1505 791 exennia
1530 751 1728 798 fecerunt,

201 819 269 874 qui
291 819 345 860 ad
363 819 515 861 Christi
540 832 712 872 regnum
733 815 862 856 filium
894 815 944 855 de
967 815 1024 856 eis
1051 816 1237 870 genitum
1261 817 1303 856 in
1325 816 1559 858 innocentia
1585 817 1732 871 puerili

199 885 498 941 praemiserant.
576 883 742 925 Exinde
783 896 879 924 vero
915 897 1126 935 nunquam
1160 888 1303 936 postea
1342 898 1415 937 pro
1450 888 1583 924 morte
1616 884 1732 938 pueri

201 953 379 1002 doluere,
403 952 475 993 sed
509 951 646 1006 potius
670 948 917 1003 multiplices
946 948 1102 1002 gratias
1123 964 1196 1003 pro
1221 947 1308 1004 ejus
1332 950 1612 1004 assumptione
1641 950 1733 991 red·-
1778 958 1780 960 '

200 1019 354 1060 didere.
416 1017 655 1072 Perpendat
686 1016 826 1070 igitur,
853 1014 922 1068 qui
957 1015 1122 1069 poterit,
1153 1030 1276 1069 quam
1312 1016 1531 1071 multiplex
1567 1016 1734 1071 spiritus

197 1085 240 1126 in
259 1085 381 1126 corde
406 1085 480 1127 viri
501 1084 580 1124 Dei
601 1083 815 1137 requievit,
840 1096 919 1135 quo
941 1081 1130 1135 spiritum
1146 1082 1362 1136 migrantis
1386 1083 1503 1133 vidit,
1528 1087 1568 1123 et
1590 1083 1735 1124 horam

198 1153 380 1207 agnovit,
405 1157 445 1192 et
470 1152 589 1205 longe
612 1150 746 1204 posita
767 1148 808 1189 in
834 1147 1024 1202 praesenti
1059 1149 1289 1203 conspexit,
1316 1154 1357 1190 et
1388 1149 1487 1203 quid
1521 1150 1563 1190 in
1587 1150 1732 1190 itinere

201 1219 258 1260 eis
294 1223 401 1259 esset
443 1217 664 1258 dicendum
698 1214 934 1271 praesentire
972 1215 1120 1267 potuit,
1154 1220 1278 1269 atque
1311 1215 1419 1256 inter
1467 1217 1559 1257 haec
1594 1216 1732 1258 omnia

200 1284 464 1326 nihilominus
509 1283 703 1324 desolatis
745 1279 1020 1322 ministerium
1070 1282 1359 1323 consolationis
1411 1282 1606 1324 adhibere
1649 1297 1733 1323 non

201 1351 335 1392 desiit.

261 1418 367 1458 Haec
387 1417 449 1458 vir
478 1416 546 1457 ille
568 1415 771 1457 Ricardus
794 1415 844 1456 de
870 1414 1095 1457 Heiswelle
1118 1419 1158 1455 et
1189 1429 1295 1455 uxor
1331 1413 1417 1470 ejus
1438 1415 1573 1456 adhuc
1597 1415 1732 1457 viven-

202 1489 265 1526 tes
292 1482 504 1525 testificari
540 1498 621 1523 non
651 1482 855 1533 desinunt,
880 1483 948 1537 qui
987 1481 1068 1522 ista
1099 1481 1140 1522 in
1168 1496 1210 1523 se
1235 1481 1292 1523 sic
1321 1486 1487 1536 patrata
1509 1482 1732 1538 disciplinae

202 1550 486 1606 experimento
508 1549 707 1604 comperti
728 1554 837 1591 sunt.

203 1796 289 1823 CAP.
321 1794 394 1821 XX.
438 1795 629 1824 QUOMODO
661 1796 832 1821 DAEMONI
863 1796 1030 1831 ILLITsIT,
1063 1798 1133 1826 QUI
1164 1798 1203 1822 EI
1235 1798 1353 1822 ARMA
1385 1798 1433 1822 ΕΤ
1463 1797 1563 1823 VAsA
1598 1798 1736 1823 AUREA

607 1863 682 1888 PRO
712 1863 906 1888 EXENNIIS
936 1864 1113 1889 OFFERRE
1144 1848 1323 1890 VOLUIT.1

266 1945 400 2000 §346
437 1945 546 1986 Amo
577 1950 761 2000 tempore
786 1945 848 1987 vir
877 1946 956 1987 Dei
988 1962 1081 1988 cum
1114 1962 1239 2001 puero
1269 1948 1311 1988 in
1332 1963 1431 2002 agro
1461 1948 1671 1999 effoderat,
1696 1953 1737 1989 et

206 2011 471 2066 postmodum
514 2011 555 2051 in
592 2012 791 2066 capellam
832 2018 1023 2054 oraturus
1061 2013 1301 2062 introierat;
1349 2015 1419 2054 ubi
1454 2030 1546 2055 011111
1579 2030 1739 2056 moram

207 2078 383 2127 fecisset,
409 2077 470 2118 vir
494 2078 662 2131 quidam
700 2083 860 2119 statura
887 2094 1092 2133 procerus,
1116 2080 1219 2120 facie
1251 2080 1372 2120 simul
1401 2085 1441 2121 et
1477 2086 1590 2122 veste
1622 2086 1737 2123 totus

208 2143 406 2198 hispidus,
440 2143 493 2183 ad
528 2158 699 2197 puerum
731 2144 856 2193 venit,
894 2149 935 2184 et
971 2145 1129 2199 gladios
1170 2145 1370 2187 micantes
1412 2162 1504 2187 cum
1550 2148 1737 2202 plurimis

208 2224 426 2251 aureorum
446 2224 638 2250 vasorum
660 2210 1021 2263 suppellectilibus,
1046 2211 1215 2265 pertulit
1246 2217 1287 2252 01
1314 2212 1349 2253 01
1368 2213 1562 2254 ostendit.
1633 2214 1739 2255 Erat

209 2274 403 2331 cujusque
426 2275 532 2316 ensis
563 2275 778 2329 capuleum
809 2291 979 2317 aureum
1014 2277 1119 2318 mira
1146 2278 1348 2319 varietate
1387 2279 1607 2328 caelatum3
1642 2295 1740 2321 vasa

212 2357 308 2384 vero
331 2356 455 2382 aurea
476 2346 516 2382 et
541 2346 738 2395 argentea
759 2357 852 2382 cum
878 2343 1096 2397 multiplici
1132 2359 1253 2398 opere
1285 2344 1405 2385 simul
1437 2350 1478 2386 et
1501 2345 1645 2386 decore
1681 2346 1741 2387 di-

212 2423 342 2450 versa.
406 2408 486 2459 Qui
506 2407 739 2448 ministrum
762 2406 848 2462 ejus
867 2409 1076 2462 alloquens
1098 2410 1221 2460 dixit,
1238 2415 1262 2432 ‘⁶
1275 2410 1382 2463 Quia
1403 2410 1599 2452 domnum
1622 2417 1741 2453 tuum

211 2475 389 2515 multum
412 2474 549 2528 diligo,
572 2474 659 2514 haec
690 2474 827 2514 omnia
848 2475 884 2514 ei
914 2490 1085 2516 munera
1115 2476 1337 2530 largiturus
1358 2477 1547 2519 advenio.
1620 2477 1741 2519 Vade

214 2541 341 2596 igitur
361 2540 415 2580 ad
437 2556 543 2590 eum,
568 2545 609 2580 et
632 2540 697 2580 dic
718 2539 776 2580 illi
800 2545 847 2580 111
870 2541 951 2581 11110
983 2541 1036 2581 ad
1071 2556 1136 2582 me
1158 2542 1255 2583 foris
1276 2543 1429 2592 veniat,
1455 2548 1502 2583 ut
1524 2548 1643 2585 tanta
1672 2560 1742 2585 ex-

215 2608 335 2648 ennia
371 2606 421 2647 de
452 2621 578 2647 manu
609 2621 702 2646 mea
736 2606 942 2660 percipere
977 2607 1153 2648 valeat.”
1253 2608 1447 2649 Minister
1482 2609 1620 2663 itaque
1658 2609 1744 2665 ejus

215 2673 367 2714 talibus
404 2673 646 2720 delectatus,
670 2671 765 2726 quia
789 2673 878 2726 quis
909 2678 1014 2714 esset
1046 2674 1112 2714 ille
1138 2673 1304 2714 furcifer
1334 2689 1416 2715 non
1447 2675 1638 2727 advertit,
1664 2681 1744 2717 sta-

217 2740 293 2780 tim
329 2739 529 2789 introivit,
556 2743 597 2779 et
629 2739 720 2778 haec
752 2739 889 2780 omnia
920 2739 1070 2779 domno
1106 2754 1178 2780 suo
1204 2740 1372 2789 retulit;
1408 2741 1476 2795 qui
1501 2756 1637 2783 secum
1671 2743 1743 2784 ali-

545 2848 552 2866 ¹
582 2847 665 2881 This
683 2847 820 2892 chapter
839 2847 918 2881 does
935 2854 993 2881 not
1012 2860 1112 2882 occur
1129 2849 1162 2882 111
1182 2849 1238 2883 the
1258 2850 1352 2885 Harl.
1372 2851 1449 2885 MS.
1498 2890 1504 2900 x
