1839 3186
552 210 610 240 ET
645 209 908 241 MIRACULls
945 209 980 240 s.
1007 208 1222 240 conarer.
1574 199 1656 238 459

501 409 601 435 CCVI.
640 410 690 434 DE
721 410 871 435 INSANO
902 410 1072 438 QUODAM
1104 411 1274 436 SANATO.

182 513 204 567 ᾗ
226 511 323 556 587.
366 511 614 552 Sncnnrionn
636 509 718 550 Dei
733 507 893 564 judicio
920 509 1089 563 quidam
1127 510 1170 551 in
1196 510 1443 565 Esingtune,
1471 512 1660 567 Rogerus

122 579 299 629 nomine,
332 579 523 619 humanae
571 576 830 618 discretionis
871 591 1013 618 sensus
1054 576 1262 627 amiserat,
1295 577 1355 618 ita
1391 577 1502 632 quod
1538 579 1660 620 corde

123 645 242 687 simul
267 650 307 686 et
332 659 518 686 sermone
541 643 758 693 excedens,
783 643 835 684 ab
854 643 997 684 amicis
1023 643 1149 684 etiam
1174 643 1351 685 vinculis
1372 645 1567 686 astrictus
1588 646 1660 686 vix

124 713 193 762 sic,
220 712 316 752 licet
337 711 507 761 invitus,
532 710 584 751 ab
609 725 731 765 opere
752 710 862 750 malo
884 709 1090 751 abstinere
1114 710 1293 752 valebat.
1365 711 1526 766 Nempe
1549 711 1661 765 quic-

124 778 223 832 quid
254 779 421 833 propius
452 778 632 832 positum
658 791 740 827 ore,
764 776 971 826 dentibus,
995 791 1067 818 seu
1099 776 1241 832 digitis
1277 777 1480 832 corripere
1503 793 1661 832 praeva-

122 845 212 895 luit,
235 845 439 886 morsibus
468 843 665 893 stridulis,
688 842 921 884 fremitibus
942 843 1177 894 horrisonis,
1198 848 1239 885 et
1269 844 1476 899 unguibus
1504 844 1662 900 discep-

123 911 240 953 toriis
261 911 472 962 dilaniare,
495 910 705 965 dissipare,
730 914 771 950 et
793 909 1022 951 distrahere
1045 910 1272 952 consuevit.
1327 911 1464 964 Quare
1488 911 1664 955 vinculis

125 982 360 1020 coarctatus
385 978 454 1019 vix
488 992 513 1019 a
543 976 709 1031 propria
738 980 779 1017 et
811 976 986 1017 aliorum
1016 977 1240 1027 invasione,
1275 992 1346 1019 seu
1379 977 1556 1029 laesione,
1590 994 1663 1020 seu

125 1045 400 1099 discerptione
438 1049 499 1085 est
533 1043 764 1090 cohibitus;
804 1043 941 1097 sicque
975 1043 1217 1097 aliquandiu
1255 1059 1281 1085 a
1315 1045 1558 1099 parentibus
1591 1044 1661 1086 de-

122 1116 275 1161 tentus,
298 1111 449 1152 nullius
471 1109 625 1151 auxilio
651 1109 715 1150 vel
747 1110 915 1150 consilio
949 1124 973 1150 a
1004 1111 1113 1151 tanti
1143 1110 1352 1165 languoris
1382 1116 1498 1166 peste
1523 1117 1585 1153 est
1617 1112 1660 1153 in

123 1178 259 1231 aliquo
299 1177 518 1218 relevatus.
611 1176 721 1216 Nam
762 1190 841 1229 quo
886 1175 1070 1230 quotidie
1105 1176 1255 1218 anxius
1300 1178 1474 1232 languor
1510 1178 1662 1220 doloris

125 1259 361 1285 accrescens
383 1243 585 1292 efferbuit,
610 1258 656 1283 eo
678 1243 802 1283 miser
823 1242 890 1283 ille
912 1243 1198 1284 vehementius
1219 1243 1415 1285 insanuit.
1473 1244 1662 1285 Tandem

126 1311 223 1365 quia
242 1310 373 1352 virtus
398 1310 539 1351 divina
569 1309 649 1350 illis
680 1308 897 1350 subvenire
920 1314 1158 1350 sanctorum
1180 1325 1347 1350 suorum
1369 1311 1662 1352 intercedenti-

124 1378 202 1418 bus
223 1377 381 1418 meritis
403 1376 628 1426 consuevit,
652 1375 800 1429 quibus
820 1390 968 1416 manus
988 1375 1172 1416 humana
1192 1377 1383 1418 auxiliari
1405 1392 1487 1418 non
1511 1378 1662 1433 potuit,

128 1444 281 1485 salubri
318 1448 516 1498 concepto
554 1442 736 1492 consilio,
774 1441 828 1482 ad
866 1441 1009 1483 Sancti
1036 1442 1207 1484 Godrici
1244 1443 1508 1498 sepulchrum
1548 1445 1666 1485 illum

126 1511 423 1565 perduxerunt,
448 1515 489 1550 et
522 1524 637 1550 secus
669 1508 772 1550 illud
807 1508 983 1563 ligatum
1021 1509 1135 1564 prius
1170 1509 1337 1552 funibus
1369 1510 1663 1565 deposuerunt.

130 1578 211 1630 Qui
235 1592 288 1618 ex
309 1577 464 1618 virtute
487 1576 580 1625 Dei,
597 1591 685 1629 quae
709 1575 759 1615 de
781 1590 896 1616 sacro
918 1576 1099 1630 corporis
1120 1576 1197 1617 viri
1215 1576 1295 1618 Dei
1319 1577 1477 1618 tumulo
1498 1578 1664 1632 prodiit,

128 1659 226 1684 mox
259 1644 406 1684 melius
437 1643 588 1684 sentire
620 1657 668 1683 ac
699 1657 841 1696 sapere
873 1643 1009 1697 coepit,
1032 1643 1264 1697 oculosque,
1287 1644 1356 1697 qui
1388 1644 1599 1685 furibundi
1625 1650 1666 1686 et

129 1710 342 1764 sanguinei
372 1710 585 1765 patebant,
610 1709 769 1758 clausit,
801 1714 841 1749 et
867 1724 939 1749 ora
971 1724 1019 1750 ac
1056 1724 1203 1751 manus
1236 1725 1330 1750 cum
1356 1710 1535 1753 brachiis
1558 1711 1666 1752 ordi-

129 1781 229 1818 nato
254 1792 367 1818 more
393 1776 661 1831 compescuit.
726 1776 853 1816 Mane
876 1790 971 1816 vero
992 1775 1102 1816 facto
1125 1791 1150 1817 a
1174 1777 1343 1818 vesania
1364 1777 1486 1821 simul
1517 1783 1558 1819 et
1581 1778 1665 1819 dae-

128 1844 267 1885 monio
291 1844 489 1885 liberatus
525 1857 648 1884 sanus
672 1842 865 1891 surrexit,
889 1857 936 1882 ac
958 1842 1166 1897 sapienter
1187 1844 1380 1897 eloquens
1406 1849 1447 1885 et
1475 1844 1664 1896 discrete,

129 1910 316 1966 pedibus,
338 1911 481 1952 multis
508 1909 768 1959 mirantibus,
792 1913 936 1950 sancta
959 1908 1050 1950 loca
1081 1909 1152 1950 illa
1179 1925 1319 1964 sospes
1340 1911 1667 1965 perambulando

130 1977 299 2025 invisit3
347 1992 550 2031 sanusque
582 1975 693 2016 domi
730 1990 824 2016 cum
859 1976 1100 2030 parentibus
1124 1992 1345 2032 regressus,
1376 1977 1445 2031 qui
1476 1977 1573 2019 illuc
1594 1978 1666 2021 vix

133 2044 245 2098 prius
267 2044 319 2085 ab
340 2043 439 2099 ipsis
459 2043 628 2085 insanus
649 2042 785 2083 fuerat
808 2041 1070 2096 ³perductus.

205 2193 323 2218 CCVII.
368 2191 419 2216 DE
449 2191 620 2221 QUODAM
652 2191 723 2220 QUI
753 2192 943 2216 SANCTUM
975 2191 1155 2217 THOMAM
1188 2191 1312 2227 ADIIT,
1345 2193 1460 2222 QUEM
1492 2195 1595 2221 IDEM

483 2258 632 2283 SANCTO
663 2258 830 2283 GODRICO
861 2258 1091 2283 SANANDUM
1123 2242 1322 2284 2REMISIT.

191 2342 209 2394 ᾗ
233 2345 329 2383 588.
379 2343 511 2383 ΗοΜο
533 2342 702 2397 quidam
732 2343 775 2384 in
799 2343 839 2383 N
842 2343 1112 2399 orthymbriae
1146 2342 1297 2385 finibus
1323 2344 1467 2386 multis
1488 2347 1670 2401 corporis

133 2409 196 2450 sui
228 2409 425 2451 membris
456 2413 693 2450 contractus
715 2409 898 2458 exstitit3
938 2410 1007 2463 qui
1029 2409 1312 2462 Cantuariam,
1337 2411 1537 2453 Sanctum
1560 2412 1670 2454 Tho-

179 2503 190 2523 1
218 2501 432 2548 Perductus]
461 2502 534 2536 The
548 2514 758 2548 anonymous
775 2502 937 2536 Harleian
949 2503 1024 2537 MS.
1040 2503 1193 2537 contains
1207 2503 1275 2537 this
1289 2504 1419 2550 history
1433 2507 1513 2539 :·-“
1527 2505 1671 2552 [R]oge-

132 2560 189 2582 rus
215 2548 256 2581 de
281 2549 449 2582 Esintuna
475 2549 509 2582 in
534 2555 663 2582 tantam
688 2549 780 2582 venit
805 2550 929 2583 mentis
954 2550 1120 2583 insaniam
1148 2556 1186 2583 ut
1211 2550 1325 2583 omnia
1349 2563 1424 2596 quae
1454 2553 1670 2597 contingebat

132 2595 289 2628 manibus
308 2601 341 2628 et
358 2607 413 2629 ore
432 2595 646 2640 discerperet.
697 2596 926 2638 Quamobrem
952 2597 1096 2630 vinculis
1123 2602 1173 2630 est
1198 2597 1356 2630 astrictus
1374 2604 1411 2631 ut
1429 2610 1448 2630 a
1465 2610 1526 2631 sua
1548 2599 1672 2643 pariter

133 2648 166 2675 et
183 2641 224 2674 ab
243 2641 352 2675 aliena
368 2641 505 2676 laesione
523 2648 680 2675 cessaret.
721 2642 789 2675 Hic
807 2642 849 2675 ad
866 2642 1059 2688 sepulcrum
1085 2644 1200 2677 Sancti
1219 2643 1358 2677 Godrici
1377 2656 1395 2676 a
1413 2645 1671 2689 consanguineis

132 2693 183 2721 est
200 2688 394 2732 perductus,
413 2695 446 2721 et
469 2689 515 2722 ibi
536 2689 646 2732 jacuit
671 2688 719 2722 sic
744 2688 880 2733 ligatus.
930 2689 1016 2723 Mox
1033 2702 1092 2735 per
1110 2689 1175 2723 Dei
1200 2690 1343 2734 gratiam
1369 2690 1472 2735 coepit
1494 2702 1531 2724 se
1548 2692 1671 2725 melius

130 2734 265 2778 habere,
293 2735 408 2769 oculos
438 2735 605 2777 claudere,
631 2734 783 2768 membra
808 2747 1019 2781 componere,
1049 2742 1162 2769 motus
1188 2736 1336 2780 corporis
1355 2736 1519 2771 ordinare.
1565 2738 1671 2771 Mane

132 2781 230 2823 facto,
250 2782 396 2815 surrexit
414 2781 593 2815 incolumis
611 2788 644 2815 et
662 2781 838 2826 discretus,
856 2789 891 2815 et
906 2782 1150 2816 habitationem
1177 2782 1270 2815 illam
1296 2782 1517 2817 deambulans
1541 2784 1671 2829 perlus—

133 2827 241 2869 travit,
261 2839 429 2873 sanusque
447 2828 585 2861 donnini
603 2828 702 2861 rediit
720 2840 797 2861 cum
817 2829 974 2862 amicis.''

180 2874 193 2893 ²
221 2873 391 2921 Remisit.]
421 2874 503 2908 This
529 2874 666 2919 chapter
691 2874 719 2908 is
746 2875 877 2908 written
903 2875 948 2920 by
966 2887 985 2908 a
1003 2875 1158 2909 different
1183 2875 1302 2909 scribe.
1356 2875 1428 2910 The
1459 2889 1552 2911 same
1578 2878 1669 2912 hand

135 2932 273 2965 appears
292 2926 325 2953 to
343 2921 426 2955 have
446 2921 564 2966 copied
582 2921 718 2966 chapter
737 2933 853 2954 cnxrv.
