1839 3186
505 159 563 189 ET
599 157 866 190 MIRACULls
903 157 937 188 s.
972 156 1189 189 conarer.
1532 150 1611 190 281

87 263 326 319 p1·aeval1‚1it;
349 268 392 304 at
414 268 554 304 tamen
576 262 650 303 tali
672 261 912 302 calliditatis
933 260 1143 302 simultate
1165 257 1226 300 uti
1246 258 1502 311 deliberavit,
1521 264 1617 317 quia

87 345 112 371 a
152 331 238 372 viro
283 330 363 371 Dei
402 329 460 370 rei
500 328 794 370 certitudinem
835 327 908 368 tali
950 327 1144 381 indagine
1186 325 1331 367 elicere
1366 330 1616 382 procuravit.

89 396 250 438 Videns
272 397 446 450 denique
467 396 595 436 frater
616 394 726 449 quod
755 394 829 435 tali
863 392 1136 434 medicamine
1165 407 1190 433 a
1220 396 1340 433 tanta
1373 394 1618 450 aegritudine

88 468 254 504 curatus
278 467 354 514 est,
380 462 493 503 domi
518 461 662 503 statim
685 460 915 516 ¹regressus
937 464 1012 501 est.

88 741 175 767 cAP.
207 741 343 766 CXLIX.
378 741 581 770 QUALITER
624 741 786 770 QUIDAM
822 741 892 766 via
927 740 1135 765 MILITARIS
1165 740 1253 765 EUM
1292 740 1377 766 CUM
1408 740 1619 767 cauonuxo

147 807 388 836 LOQUENTEM
421 808 617 841 VIDER1T3
653 808 700 833 ΕΤ
733 807 894 842 PosTEA,
927 807 1090 832 NEMINE
1125 807 1317 842 DOCENTE,
1351 807 1501 833 FACIEM
1533 808 1619 833 viar

148 874 215 899 DEI
246 857 528 900 οοεακτονΕΒΓΓ.2

148 957 167 1009 §
190 956 286 1001 267.
305 957 436 998 INTER
456 958 537 999 alia
558 958 848 999 misericordiae
870 958 1044 1014 pignora
1062 972 1154 1013 quae
1174 957 1441 1013 peccantibus
1457 957 1618 1009 tribuit,

92 1023 300 1078 quoddam
328 1024 599 1078 praemirabile
627 1024 790 1079 signum
820 1025 900 1065 Dei
937 1024 1072 1066 Solius
1101 1024 1267 1066 virtutis
1298 1024 1451 1065 illuxit.
1513 1024 1619 1067 Erat

92 1090 201 1131 enim
223 1089 391 1144 quidam
413 1095 536 1132 aetate
559 1090 725 1145 quidem
746 1090 929 1140 robusta,
955 1090 1109 1132 viribus
1140 1090 1405 1145 approbatus,
1441 1091 1513 1132 sed
1546 1107 1620 1146 pro

90 1156 306 1197 ministerii
348 1157 409 1198 sui
449 1157 764 1212 acceptabiliore
805 1156 972 1210 quidem
1016 1157 1232 1206 famulatu,
1275 1157 1383 1198 inter
1422 1157 1621 1199 militares

91 1223 221 1264 socios
247 1237 329 1263 non
353 1223 616 1264 mediocriter
642 1222 925 1264 familiaritate
948 1223 1135 1264 dilectus.
1207 1223 1292 1264 Hic
1315 1224 1493 1277 equestri
1525 1240 1620 1279 pru-

92 1288 233 1330 dentia
253 1289 295 1330 in
317 1289 431 1330 curia
448 1289 576 1330 3Adae
600 1289 650 1331 de
675 1289 798 1331 Bruis
821 1288 1020 1331 educatus
1042 1295 1103 1331 est
1124 1304 1176 1330 eX
1198 1290 1496 1331 cunabulorum
1516 1305 1620 1345 pene

91 1355 381 1404 adolescentia,
411 1356 479 1410 qui
513 1355 648 1398 aetatis
680 1356 879 1397 virtutem
906 1355 1042 1410 gratia
1068 1356 1307 1407 inultorum,
1340 1356 1525 1398 amicitia
1557 1372 1622 1399 so-

93 1421 260 1472 dalium,
277 1436 324 1462 ac
345 1422 548 1463 industria
564 1437 747 1476 operum,
767 1422 919 1463 devicit
936 1437 1008 1476 per
1024 1437 1189 1463 omnem
1205 1437 1308 1477 pene
1323 1422 1509 1464 exercitii
1528 1439 1620 1478 pro-

92 1487 282 1529 bitatem.
354 1488 709 1543 Quadragesimali
728 1493 914 1543 tempore
936 1488 1195 1542 aquilonares
1223 1487 1491 1530 4Scottorum
1520 1489 1621 1532 fines

91 1554 208 1605 adiit,
243 1555 315 1596 sed
352 1569 425 1609 per
458 1555 754 1596 Tinemutham
789 1555 968 1605 veniens,
1005 1555 1062 1596 ibi
1094 1555 1145 1596 de
1177 1570 1290 1596 more
1322 1556 1623 1610 hospitantium

93 1635 187 1661 cum
211 1621 330 1662 sociis
348 1621 561 1671 militibus,
577 1620 669 1676 jam
698 1622 911 1662 nocturnis
943 1622 1136 1671 tenebris,
1170 1621 1382 1675 quieturus
1414 1623 1622 1664 accubuit.

96 1686 180 1728 Hic
202 1687 421 1742 soporandi
442 1688 577 1742 gratia
598 1688 640 1728 in
660 1688 797 1728 medio
820 1688 1095 1741 quorumdum
1124 1703 1291 1728 suorum
1312 1703 1354 1729 se
1376 1690 1622 1743 composuit,

95 1767 143 1794 ac
175 1754 382 1807 utrimque
416 1753 671 1794 collaterales
702 1753 863 1795 sodales
890 1754 1052 1795 habuit.
1116 1754 1374 1795 Procedente
1407 1755 1622 1809 paululum

94 1820 227 1861 noctis
246 1820 360 1870 hora,
383 1820 445 1861 vir
466 1820 533 1860 ille
567 1819 700 1862 factus
731 1826 793 1861 est
828 1820 964 1862 subito
998 1820 1040 1861 in
1072 1834 1243 1861 excessu
1276 1821 1440 1872 mentis,
1475 1821 1560 1863 sive
1580 1822 1623 1863 in

143 1928 153 1948 ¹
174 1927 351 1972 Regressus
368 1929 442 1975 est.]
469 1929 623 1963 “Morbo
649 1937 821 1975 correptus
849 1930 1024 1975 acerrimo,
1050 1931 1226 1965 videbatur
1247 1943 1315 1965 non
1338 1931 1431 1965 aliud
1458 1943 1558 1977 quam
1576 1931 1625 1965 vi-

95 1974 194 2007 vendi
212 1974 393 2008 terminum
412 1982 618 2020 exspectare.
670 1977 763 2010 Nam
781 1977 994 2022 superficiem
1021 1978 1167 2023 corporis
1192 1978 1316 2011 lividus
1333 1984 1446 2011 tumor
1463 1977 1626 2011 extende-

96 2026 156 2063 rat,
183 2026 216 2053 et
240 2021 380 2054 interius
415 2022 508 2055 dolor
533 2022 764 2066 edacissimus,
791 2023 885 2068 quasi
912 2024 1076 2057 vermium
1110 2025 1269 2057 interiora
1301 2025 1524 2069 pascentium,
1559 2024 1626 2057 dis-

96 2067 260 2100 currebat.
311 2067 413 2101 Unde
437 2069 576 2113 rogabat
600 2069 675 2102 illos
701 2070 758 2114 qui
784 2069 922 2103 aderant
946 2076 994 2114 ut,
1021 2070 1049 2104 si
1068 2070 1164 2104 ahter
1188 2071 1260 2104 fieri
1286 2083 1353 2104 non
1378 2077 1503 2116 posset,
1521 2071 1628 2104 ineisa

97 2124 195 2146 carne
212 2125 354 2155 vermes,
368 2114 489 2158 quibus
516 2114 747 2159 devorabatur,
762 2116 986 2150 extraherent.
1037 2117 1151 2150 Nocte
1167 2117 1280 2150 media
1297 2129 1374 2150 cum
1393 2119 1523 2161 jaceret
1536 2117 1628 2151 velut

98 2159 276 2199 exanimis,
302 2161 404 2205 coepit
422 2161 509 2194 elata
533 2173 614 2195 voce
640 2161 708 2205 diu,
728 2162 858 2196 cunctis
884 2162 1141 2206 admirantibus,
1163 2164 1319 2207 jubilare,
1346 2170 1379 2197 et
1396 2164 1552 2209 posthoc
1571 2176 1630 2209 ap·

97 2206 208 2250 paruit
224 2211 384 2250 tanquam
402 2207 537 2240 sanitati
563 2208 739 2241 restitutus
764 2208 912 2242 hilarior.
962 2209 1066 2242 Mane
1082 2210 1183 2253 facto,
1200 2210 1302 2243 frater
1320 2211 1377 2255 qui
1395 2210 1424 2244 ei
1443 2210 1628 2249 assidebat,

99 2252 237 2297 cupiens
263 2252 348 2285 scire
374 2253 455 2297 quid
481 2253 609 2294 viderit,
637 2254 724 2287 dixit
750 2255 803 2289 ei:
841 2255 1003 2298 ‘Domne,
1031 2268 1131 2300 quam
1166 2256 1278 2289 dulcia
1302 2257 1438 2290 fuerunt
1464 2269 1539 2301 quae
1565 2257 1629 2290 hae

98 2304 197 2331 nocte
215 2298 328 2331 vidisti
346 2312 353 2340 3
373 2306 405 2332 et
423 2306 460 2332 tu
478 2312 578 2345 quam
597 2300 740 2334 dulciter
758 2301 967 2335 decantasti.’
1019 2302 1063 2335 Et
1089 2302 1166 2337 ille:
1194 2304 1203 2321 ‘
1216 2302 1307 2346 Fili,⁷
1326 2303 1384 2346 ait,
1404 2305 1412 2321 ⁶
1424 2315 1500 2337 vere
1518 2303 1631 2336 dulcia

98 2344 245 2385 fuerunt,
265 2351 297 2378 et
315 2345 391 2379 ideo
408 2357 463 2379 me
480 2358 499 2379 a
517 2353 618 2379 cantu
635 2347 792 2380 cohibere
812 2359 879 2381 non
896 2349 1002 2393 potui.
1054 2349 1163 2382 Tanta
1185 2349 1269 2382 mihi
1294 2349 1355 2382 lux
1375 2361 1431 2394 per
1447 2350 1630 2383 fenestram

101 2390 297 2424 orientalem
315 2392 452 2437 parietis
473 2392 574 2436 hujus
597 2393 723 2434 illuxit,
742 2393 831 2438 quod
853 2406 934 2427 acus
957 2395 991 2427 in
1015 2395 1232 2429 straminibus
1251 2402 1282 2429 et
1300 2396 1437 2441 pulvere
1459 2396 1541 2429 hora
1565 2408 1631 2440 qua

101 2437 208 2470 cecini
225 2448 292 2470 non
309 2445 422 2483 posset
439 2439 613 2481 abscondi,
631 2446 664 2473 et
681 2452 735 2473 me
753 2447 866 2474 tantus
885 2440 966 2474 odor
989 2441 1178 2475 dulcedinis
1196 2454 1274 2475 cum
1297 2442 1360 2476 hac
1378 2442 1453 2476 luce
1471 2442 1631 2487 perfudit,

100 2489 138 2516 ut
155 2483 238 2515 mihi
256 2485 431 2528 pristinam
457 2497 671 2530 recuperasse
689 2486 803 2519 videar
823 2487 1032 2532 sospitatem.
1083 2488 1209 2521 Audivi
1228 2488 1364 2533 quidem
1392 2489 1630 2534 Kyrieleyson,

103 2529 366 2575 Christeleyson,
384 2543 404 2564 a
421 2532 573 2576 supernis
597 2532 728 2566 civibus
755 2533 923 2566 decantari
939 2546 947 2575 ;
975 2540 1007 2567 et
1025 2533 1101 2568 ideo
1127 2534 1245 2568 eadem
1263 2535 1363 2568 verba
1389 2541 1631 2580 consequenter

102 2587 163 2620 ego
181 2577 349 2610 cantavi.'’
375 2579 598 2622 Anonymous
618 2578 780 2612 Harleian
799 2580 946 2624 Legend.

148 2622 161 2642 2
187 2622 333 2667 Chapter
353 2623 523 2658 CXXXI.
543 2625 578 2657 in
595 2624 651 2658 the
671 2625 767 2658 Harl.
786 2626 861 2659 MS.

149 2669 161 2688 ³
178 2668 259 2701 Adae
275 2670 313 2702 de
332 2670 463 2716 Bruis]
493 2671 574 2704 Two
591 2671 712 2704 barons
731 2672 768 2704 of
781 2672 848 2705 this
871 2684 981 2716 name,
999 2673 1057 2706 the
1074 2674 1182 2707 father
1199 2674 1265 2707 and
1283 2674 1340 2707 the
1358 2686 1429 2713 son,
1449 2686 1535 2708 were
1553 2685 1632 2707 con-

105 2720 295 2760 temporary
312 2716 393 2748 with
420 2717 466 2750 St.
481 2716 618 2761 Godric,
644 2718 704 2751 but
722 2718 748 2750 it
773 2730 882 2752 seems
911 2730 1003 2752 more
1030 2720 1190 2765 probable
1216 2720 1289 2753 that
1316 2720 1371 2753 the
1398 2720 1496 2754 latter
1521 2721 1549 2754 is
1576 2721 1632 2754 the

105 2772 224 2805 person
242 2760 321 2794 here
339 2762 509 2795 indicated
525 2776 532 2802 ;
567 2775 622 2797 see
641 2764 753 2808 Dugd.
772 2764 905 2807 Baron.,
924 2766 945 2798 i.
965 2768 1043 2799 448.

152 2807 162 2825 ⁴
181 2807 363 2841 Scottorum
371 2808 487 2888 fines}
517 2809 637 2852 Bruce,
657 2822 692 2843 as
712 2811 736 2843 it
755 2811 782 2844 is
801 2811 874 2844 well
899 2812 1031 2853 known,
1054 2812 1120 2846 had
1142 2812 1293 2846 attained
1317 2812 1406 2858 large
1424 2814 1634 2859 possessions

106 2853 139 2885 in
157 2853 325 2896 Scotland,
345 2855 476 2900 especia
492 2855 524 2900 ly
544 2856 577 2889 in
596 2856 792 2899 Anandale,
812 2857 922 2902 Dugd.
944 2858 1024 2892 ibid.
