1839 3186
531 228 588 259 ET
625 228 888 260 MIRACULIS
925 228 958 259 S.
993 228 1208 260 GODRICI.
1580 218 1633 258 33

100 431 186 460 CAP.
220 431 275 456 v1.
336 432 528 462 QUOMODO
558 433 849 458 HIEROSOLYMis
880 432 1060 457 PEREGRE
1095 432 1315 458 PROFECTUS
1337 432 1430 465 EST3
1466 433 1513 457 ET
1544 433 1632 458 sun-

159 498 300 524 VORUM
332 499 464 525 DOMNI
499 500 563 525 sul
598 500 828 529 NEQUITIAM
868 499 1138 535 PERPENDENS,
1175 499 1200 524 A
1242 499 1478 525 MINISTERIO
1509 500 1633 525 1Ps1ns

156 565 344 592 DILAPsus
375 551 480 592 ΕΞΤ.1

159 665 267 717 §la
301 666 483 708 DrurrNO
515 668 684 709 tandem
720 668 858 710 labore
903 669 943 709 in
980 668 1155 724 negotiis
1189 667 1461 709 exterioribus
1498 682 1632 721 perso—

100 731 199 782 luto,
233 733 353 788 coepit
383 734 584 788 paulatim
619 735 745 776 animi
774 750 937 790 gressus
958 735 1012 776 ad
1042 735 1213 776 meliora
1236 739 1485 783 convertere,
1509 738 1633 787 atque

100 799 286 841 arctioris
307 800 487 842 instituti
510 801 719 857 proposita
740 817 877 843 secum
902 817 954 843 ex
977 802 1099 843 corde
1129 801 1369 843 medullitus
1391 800 1630 841 meditando

100 866 321 908 revolvere.
394 868 444 908 In
481 868 720 923 negotiandi
753 868 927 923 denique
961 868 1299 924 occupationibus
1331 866 1421 923 jam
1454 867 1631 908 sedecim

97 946 297 974 annorum
322 939 485 990 tempus
507 936 757 990 expleverat,
782 941 823 977 et
838 936 1039 977 maturior
1059 934 1150 991 jam
1172 950 1313 977 sensus
1335 933 1474 975 aetatis
1497 939 1630 975 matu-

97 998 223 1041 riores
251 1016 414 1055 gressus
438 1002 619 1056 providae
653 1002 817 1044 virtutis
851 1003 1099 1057 expetebat3
1135 1017 1229 1044 cum
1255 1017 1363 1051 ecce,
1398 1001 1458 1042 vir
1480 1000 1559 1041 Dei
1583 1016 1630 1042 ea

97 1080 189 1118 quae
212 1066 416 1108 diuturnis
446 1068 653 1110 laboribus
684 1069 815 1110 multo
843 1069 989 1110 sudore
1017 1069 1298 1124 perquisierat,
1324 1068 1366 1109 in
1396 1067 1476 1108 Dei
1497 1067 1627 1108 famu-

96 1131 185 1173 latu
220 1138 344 1188 atque
385 1134 578 1189 obsequio
619 1135 870 1190 exspendere
906 1137 1174 1191 proponebat.
1252 1134 1400 1175 Voluit
1436 1133 1545 1175 enim
1578 1134 1628 1175 de

96 1197 374 1241 2Μει111111011ε1
411 1201 641 1256 iniquitatis
676 1201 753 1244 sibi
792 1203 946 1244 amicos
983 1203 1129 1253 facere,
1163 1206 1204 1243 et
1243 1201 1417 1256 Angelis
1460 1201 1540 1241 Dei
1575 1216 1625 1242 ex

96 1266 336 1320 poenitentia
377 1269 603 1323 peccatoris
645 1269 843 1325 gaudium
890 1269 931 1310 in
973 1270 1082 1311 coelis
1125 1268 1295 1310 efficere.
1393 1267 1531 1317 Unde,
1581 1273 1628 1308 ut

94 1332 134 1372 in
166 1333 296 1375 Oruce
329 1334 498 1376 Domini
526 1336 654 1377 nostri
685 1335 716 1376 J
720 1352 791 1378 esu
824 1336 978 1378 Christi
1004 1336 1205 1391 potuisset
1236 1334 1384 1376 merito
1417 1333 1431 1355 3
1446 1334 1624 1390 gloriari,

94 1414 257 1441 omnem
292 1402 435 1442 mundi
463 1418 670 1457 pompam,
709 1419 832 1457 quam
869 1408 1039 1445 eatenus
1071 1402 1239 1457 exsequi
1274 1416 1522 1457 magnopere
1560 1401 1629 1442 de-

94 1466 327 1518 sudaverat,
359 1468 413 1509 ad
446 1468 526 1510 Dei
558 1469 724 1510 laudem
761 1476 801 1511 et
835 1470 1007 1525 gloriam
1042 1470 1229 1511 funditus
1263 1468 1491 1523 relinquere
1537 1484 1628 1523 pro-

94 1534 295 1588 perabat3
346 1540 387 1576 et
423 1535 626 1592 quiajam
661 1536 840 1591 plurima
872 1541 1108 1578 sanctoruni
1145 1536 1225 1578 Dei
1262 1536 1353 1577 loca
1391 1540 1432 1576 et
1470 1535 1626 1590 templa

93 1605 217 1654 atque
254 1602 501 1652 sanctuaria,
532 1602 574 1644 in
603 1603 667 1645 his
701 1602 849 1645 finibus
885 1604 1032 1659 posita,
1067 1603 1276 1653 inviserat,
1309 1602 1468 1643 adierat
1501 1607 1626 1656 atque

95 1667 350 1718 adoraverat,
389 1674 654 1711 externarum
688 1670 902 1725 regionum
935 1670 1142 1712 domicilia
1186 1685 1313 1720 sacra,
1351 1668 1624 1711 conversatio-

91 1748 192 1774 num
233 1735 469 1786 diversoria,
508 1736 836 1779 decertationum
873 1737 1093 1779 secretiora
1131 1736 1381 1787 habitacula,
1410 1735 1622 1790 inspicere,

93 1800 302 1850 admirari,
342 1807 383 1842 et
419 1803 663 1858 quandoque
694 1819 767 1859 pro
798 1819 916 1859 posse
955 1819 1027 1846 suo
1063 1803 1216 1845 imitari
1247 1803 1413 1845 sedulus
1453 1807 1624 1857 exopta-

93 1866 179 1907 bat,
250 1867 308 1908 Et
339 1868 434 1922 quia
461 1870 712 1912 secularibus
744 1886 890 1926 parum
924 1870 1022 1924 quid
1053 1870 1189 1912 adhuc
1221 1869 1271 1910 de
1304 1884 1401 1911 vera
1427 1869 1623 1924 religione

93 1933 327 1984 scientibus,
362 1950 559 1990 magnum
601 1937 699 1991 quid
731 1952 817 1978 esse
852 1936 1017 1979 videtur
1051 1936 1350 1992 peregrinando
1386 1940 1622 1977 sanctorum

92 1999 338 2043 4memorias
379 2002 504 2052 adire,
543 2003 664 2058 coepit
701 2009 742 2045 et
773 2003 858 2059 ipse
893 2003 1129 2060 hujusmodi
1150 2002 1349 2058 propositi
1370 2002 1518 2044 itinera
1538 2003 1623 2057 pie-

91 2066 190 2108 tatis
220 2067 356 2108 studio
384 2069 486 2110 velle
509 2070 792 2125 experimento
818 2070 1040 2112 dinoscere.
1101 2067 1117 2092 5
1133 2070 1269 2123 Quare
1297 2074 1337 2110 et
1360 2074 1511 2110 sanctae
1542 2069 1622 2124 sig-

89 2134 281 2174 naculum
314 2134 472 2186 Crucis,
511 2137 702 2178 tradente
741 2138 965 2187 sacerdote,
1001 2137 1192 2192 suscepit,
1229 2141 1270 2178 et
1305 2151 1399 2177 cum
1441 2135 1621 2176 Domino

88 2214 161 2241 suo
184 2200 325 2242 tollere
348 2201 522 2243 Crucem
550 2218 666 2245 sua-m
696 2219 777 2245 non
799 2204 951 2259 refugit
971 2218 981 2257 ;
1006 2209 1053 2245 ut
1079 2204 1148 2257 qui
1172 2202 1263 2259 jam
1285 2202 1483 2258 plurimas
1507 2218 1622 2244 sanc-

89 2270 225 2307 torum
266 2267 362 2309 vitae
394 2268 482 2310 vias
517 2270 766 2325 agnovisset,
812 2270 947 2326 Ipsius
988 2270 1172 2326 vestigiis
1209 2268 1367 2311 firmius
1423 2269 1619 2310 inhaerere

89 2333 317 2384 meruisset,
352 2335 431 2387 Qui
468 2335 566 2386 Via,
602 2337 771 2379 Veritas
803 2343 843 2378 et
882 2337 1066 2378 omnium
1113 2341 1349 2378 sanctorum
1385 2335 1489 2377 Vita
1535 2335 1616 2376 dici

88 2404 129 2440 et
163 2399 261 2451 fore,
291 2416 501 2456 nunquam
537 2418 562 2445 a
593 2404 717 2444 seculi
747 2404 947 2460 principio
979 2404 1171 2445 omittere
1203 2403 1419 2458 potuisset.
1483 2402 1618 2457 Igitur

133 2520 141 2537 ¹
170 2520 210 2553 In
229 2521 285 2554 the
306 2521 401 2555 Harl.
420 2522 495 2556 MS.
515 2523 652 2568 chapter
672 2523 735 2558 VI.
909 2526 922 2545 2
941 2525 1164 2574 Mammona]
1193 2529 1215 2562 S
1243 2529 1369 2565 Matth.
1390 2533 1431 2565 vi.
1451 2535 1507 2566 24.

132 2566 145 2586 ³
167 2565 351 2614 Gloriari]
380 2569 456 2603 Gal.
475 2570 519 2602 vi.
540 2572 594 2602 14.
902 2573 913 2592 4
936 2572 1145 2620 RIemwias]
1174 2576 1237 2608 See
1255 2576 1312 2610 the
1330 2588 1408 2611 note.
1426 2586 1459 2612 at
1479 2576 1496 2624 ξ
1516 2582 1567 2612 14.

133 2613 145 2631 ⁵
166 2611 278 2650 Quare
298 2641 304 2647 .
323 2641 329 2648 .
352 2642 358 2648 .
376 2615 542 2662 suscepit]
574 2616 660 2649 How
676 2617 810 2661 general
829 2618 895 2651 this
914 2626 1045 2652 custom
1064 2633 1130 2654 was
1157 2621 1185 2655 is
1211 2622 1326 2656 shown
1356 2626 1397 2669 hy
1416 2625 1472 2658 Du
1491 2625 1615 2670 Cangc,

87 2658 199 2694 Gloss.
213 2660 248 2692 ii.
266 2663 365 2695 1193.
417 2662 490 2695 The
508 2662 682 2708 Salisbnry
700 2664 841 2697 Manual
860 2666 1011 2699 contains
1030 2678 1048 2699 a
1066 2668 1193 2701 service
1210 2668 1353 2714 adapted
1368 2672 1418 2703 for
1436 2671 1502 2704 this
1521 2684 1616 2705 Occa-

86 2704 170 2747 sion,
188 2705 272 2739 from
291 2707 400 2740 which
422 2708 436 2741 I
456 2709 640 2742 transcribe
658 2709 715 2742 the
733 2710 904 2755 following
922 2712 1032 2745 rubric
1050 2726 1056 2746 :
1084 2715 1105 2731 ‘⁴
1118 2714 1152 2747 Si
1172 2727 1248 2748 vero
1266 2716 1369 2760 aliqui
1388 2717 1521 2751 illorum
1540 2731 1616 2763 pro-

85 2751 164 2784 fecti
183 2759 261 2785 sunt
276 2753 502 2799 Hierusalem,
522 2761 604 2789 tnnc
622 2756 767 2789 habeant
787 2757 850 2802 ipsi
877 2765 986 2791 vestes
1012 2770 1089 2792 cum
1116 2772 1214 2794 cruce
1241 2762 1400 2806 signatas,
1427 2770 1460 2797 et
1477 2764 1616 2798 benedi-

87 2804 204 2830 centur
221 2810 337 2833 cruces
355 2800 418 2834 hoc
435 2802 574 2835 modo.'⁷
626 2802 734 2847 Then,
753 2803 837 2837 after
855 2816 874 2837 a
890 2816 1021 2850 prayer,
1040 2807 1180 2840 another
1198 2808 1309 2843 rubr-ic
1327 2809 1405 2843 thus
1430 2811 1614 2854 proceeds:

86 2845 106 2861 “
123 2843 188 2877 Hie
207 2853 400 2890 aspergatur
418 2860 504 2892 aqua
528 2848 706 2882 benedicta
731 2861 831 2895 super
856 2863 984 2894 cruces,
1011 2858 1043 2884 et
1071 2852 1167 2886 detur
1192 2854 1334 2898 singulis
1359 2857 1543 2901 peregrinis
1569 2859 1617 2891 sic

84 2890 280 2934 profecturis
307 2894 409 2927 vestis
434 2906 511 2927 cum
537 2907 636 2928 cruce
661 2896 803 2940 signata,
822 2897 955 2930 dicente
972 2898 1145 2932 sacerdote
1161 2925 1276 2935 ......
1280 2900 1300 2915 '⁷
1328 2902 1401 2936 Fol.
1420 2902 1562 2938 lx.e<]it.
1581 2908 1614 2948 4,

84 2936 184 2971 Roth.
206 2940 306 2972 1554.

1385 3017 1409 3041 D
