1839 3186
190 158 271 198 136
712 167 945 200 LIBELLUS
981 167 1045 198 DE
1083 167 1199 198 VITA

190 269 292 311 nihil
313 275 458 325 postea
491 270 570 312 nisi
590 276 799 326 praecepto
820 271 1001 326 ipsorum
1023 286 1143 325 agere
1160 269 1291 311 voluit
1309 280 1320 318 ’ς
1355 268 1451 323 quia
1471 268 1609 309 omnia
1643 283 1718 310 sua

191 352 333 377 eorum
358 335 613 392 jussionibus
647 336 895 393 subjugavit.
959 337 1072 378 Hinc
1096 336 1267 391 proinde
1292 335 1465 390 contigit
1487 334 1598 388 quod
1618 333 1720 375 nulli

190 402 406 444 hominum
443 404 554 458 loqui
576 404 718 454 voluit,
756 403 833 445 nisi
869 419 894 444 a
925 403 1138 444 Prioribus
1163 401 1347 457 ejusdem
1370 401 1569 442 Ecclesiae
1603 415 1720 441 man-

192 468 338 510 datum
359 470 423 511 vel
445 470 608 525 signum
628 470 793 524 aliquod
816 470 1088 511 certissimum
1110 469 1338 523 perciperet
1359 485 1369 516 ;
1405 467 1456 508 de
1484 467 1631 521 quibus
1652 466 1719 507 ille

193 535 299 577 forte
335 536 529 578 indubius
559 537 677 577 testis
702 535 938 584 assisteret,
978 540 1019 576 et
1052 535 1291 588 aliquandiu
1316 534 1490 576 Crucem
1512 532 1720 587 quandam

194 602 361 656 quidem
390 602 592 657 1ligneam
621 618 695 657 pro
724 602 840 657 signo
872 601 908 642 ei
939 601 1220 642 transmittere
1254 605 1371 641 erant
1407 600 1530 651 soliti,
1563 614 1653 653 quae
1686 598 1723 639 ei

194 668 265 709 diu
290 673 378 709 erat
402 684 475 723 pro
495 668 663 709 licentia
693 683 787 709 cum
818 667 892 718 his,
927 667 996 721 qui
1027 682 1118 708 eam
1154 666 1400 717 detulerant,
1431 665 1639 720 loquendi,
1678 670 1719 706 et

193 750 267 790 pro
301 734 548 775 certitudine
585 749 725 775 eorum
760 734 955 789 praecepti
998 734 1083 775 sive
1118 733 1245 773 etiam
1278 732 1506 786 intersigni.
1584 732 1720 784 Quam

193 800 421 855 percipiens
442 806 567 854 atque
589 800 840 850 deosculans,
860 815 993 855 pauca
1013 799 1178 853 quidem
1200 799 1337 849 verba,
1353 799 1425 840 sed
1447 802 1488 839 et
1510 813 1559 839 ea
1581 802 1722 839 tamen

193 867 422 908 necessaria
452 872 576 921 atque
603 866 877 916 rationabilia,
911 866 1168 920 loquebatur,
1205 880 1298 906 cum
1333 865 1397 906 his
1432 864 1721 905 tantummodo

194 933 341 986 quibus
379 933 438 974 illi
470 933 637 973 licentia
673 933 960 987 praestabatur.
1023 932 1175 973 Paucis
1213 947 1255 973 se
1282 938 1379 973 vero
1409 930 1645 985 expediens,
1683 935 1724 971 et

193 999 284 1040 illos
305 1000 372 1053 qui
393 1015 439 1039 eo
461 999 714 1040 advenerant
746 999 837 1039 Deo
869 999 1146 1047 committens,
1169 1002 1313 1053 postea
1331 1013 1425 1038 cum
1446 997 1608 1038 nemine
1640 997 1722 1037 col-

192 1065 374 1119 loquium
400 1065 551 1106 habere
570 1065 711 1116 voluit,
741 1065 818 1106 nisi
849 1080 970 1119 quem
993 1065 1145 1106 talibus
1171 1064 1333 1105 indiciis
1356 1079 1381 1105 a
1403 1063 1617 1105 Prioribus
1651 1062 1724 1103 ad-

195 1138 384 1173 ventasse
406 1132 632 1186 persensitg
671 1131 826 1173 frustra
847 1131 1012 1186 quidem
1040 1131 1160 1171 aliter
1190 1131 1451 1180 elaborasset,
1474 1129 1552 1170 nisi
1585 1144 1723 1170 secum

195 1198 369 1252 quodvis
399 1198 515 1252 2quis
548 1199 653 1239 forte
689 1198 790 1239 certi
821 1198 960 1238 indicii
998 1198 1160 1252 signum
1186 1196 1414 1238 detulisset.
1485 1195 1591 1237 Cum
1627 1210 1724 1237 vero

195 1270 289 1319 post
311 1264 541 1306 diutissimo
563 1265 700 1319 elapso
720 1270 906 1319 tempore
928 1264 1084 1318 aliquos
1116 1263 1325 1304 ministros
1351 1263 1503 1304 habere
1525 1261 1723 1317 coepisset,

194 1346 367 1385 quorum
402 1346 500 1372 cura
534 1331 736 1372 sollertior
768 1331 891 1372 rebus
930 1330 1203 1371 exterioribus
1235 1329 1512 1384 providendis,
1534 1329 1599 1370 vel
1626 1343 1726 1383 pau—

193 1398 359 1452 peribus
381 1398 660 1452 suscipiendis,
698 1397 929 1452 prospicere
954 1397 1169 1452 potuisset,
1190 1405 1271 1451 'pro
1294 1395 1465 1436 3silentii
1487 1410 1576 1445 usu,
1600 1409 1722 1449 quem

194 1479 246 1504 ex
282 1469 486 1519 praecepto
524 1464 714 1505 Priorum
747 1463 941 1513 excoluit,
977 1463 1162 1517 quaedam
1189 1462 1422 1517 4signorum
1460 1476 1611 1516 genera
1645 1459 1722 1501 ⁵ex

194 1531 359 1585 propria
391 1530 682 1572 adinventione
717 1530 793 1571 sibi
825 1530 1083 1584 composuit,
1124 1544 1297 1583 quorum
1328 1527 1645 1583 significationes
1668 1527 1727 1567 fa-

193 1640 300 1674 worth
317 1641 510 1686 preserving
526 1640 617 1674 here.
666 1641 687 1658 ‘⁴
701 1639 756 1673 Sic
774 1639 864 1672 enim
883 1650 960 1672 011111
979 1638 1089 1671 adhuc
1102 1638 1218 1682 junior
1236 1638 1375 1671 eremita
1393 1636 1609 1670 solitudinem
1629 1648 1726 1670 suam

193 1687 376 1731 excoleret,
393 1699 461 1720 non
484 1686 671 1732 hypocritae
696 1692 814 1731 captus
836 1685 981 1718 elatione
999 1697 1034 1718 sc
1052 1685 1116 1718 sibi
1142 1684 1326 1729 regendum
1344 1683 1494 1726 tradidit,
1513 1683 1572 1716 sed
1590 1694 1727 1716 venera-

193 1733 271 1767 bilis
289 1734 411 1778 Rogeri
431 1733 672 1766 Dunelmensis
686 1732 830 1766 coenobii
844 1732 963 1776 prioris
977 1731 1172 1775 magisterio
1189 1731 1293 1764 animi
1310 1730 1513 1763 famulatum
1531 1729 1693 1773 subjecit;
1708 1741 1728 1762 a

195 1792 261 1825 quo
274 1786 306 1813 et
318 1780 479 1825 regularis
491 1780 568 1813 vitae
579 1779 828 1812 institutionem
841 1784 874 1811 et
888 1778 1071 1823 spiritualis
1085 1777 1217 1810 militiae
1229 1777 1372 1810 formam
1384 1776 1514 1821 accepit
1528 1789 1536 1817 ;
1555 1781 1625 1808 erat
1636 1776 1726 1808 enim

194 1826 363 1872 praeclarae
380 1826 552 1871 religionis
565 1832 598 1859 et
614 1825 830 1859 continentiae
848 1824 1046 1868 monachus,
1061 1830 1094 1857 et
1108 1824 1177 1857 viro
1196 1823 1260 1857 Dei
1279 1823 1435 1868 specialis
1452 1822 1611 1855 amicitiae
1621 1822 1728 1867 gratia

195 1874 411 1907 constrictus.
454 1873 556 1906 Hunc
573 1873 686 1917 igitur,
705 1884 782 1905 cum
801 1871 946 1916 quadam
966 1871 1019 1904 die
1037 1870 1079 1904 ad
1097 1882 1174 1903 eum
1193 1882 1236 1903 ex
1255 1869 1499 1903 consuetudine
1516 1868 1674 1911 venisset,
1693 1874 1727 1901 et

195 1920 364 1965 completo
391 1931 493 1953 sacrae
518 1919 758 1953 admonitionis
787 1918 948 1962 obsequio
971 1917 1013 1950 ad
1032 1917 1274 1950 monasterium
1299 1916 1466 1959 rediisset,
1485 1920 1591 1948 stratu
1616 1915 1728 1959 quies-

195 1973 329 2000 centem
355 1967 514 2011 antiquus
538 1966 646 1999 hostis
670 1965 803 2010 reperit,
822 1970 855 1997 et
873 1976 951 1997 culn
978 1975 1101 2008 magno
1119 1963 1211 1996 vocis
1230 1969 1263 1995 et
1280 1963 1384 1995 animi
1410 1973 1547 1995 rancore
1565 1961 1726 1994 conviciis

196 2013 378 2047 lacessivit.
429 2015 436 2031 ‘
451 2012 586 2056 Quare,'
617 2012 737 2057 inquit,
757 2013 765 2029 ⁴
777 2011 819 2044 ad
845 2011 942 2043 illum
969 2010 1112 2043 delirum
1137 2009 1238 2042 hodie
1265 2009 1398 2052 venisti,
1417 2014 1450 2041 et
1467 2019 1560 2040 meas
1588 2007 1618 2040 ei
1645 2007 1728 2040 insi-

197 2059 269 2093 dias
288 2059 446 2092 detexisti
462 2059 473 2093 2
500 2059 535 2092 in
552 2070 676 2092 vanum
702 2058 833 2091 laboras
859 2057 893 2090 in
911 2057 1037 2090 rustico
1054 2056 1113 2089 1110
1129 2068 1136 2098 ;
1163 2062 1196 2089 01
1213 2055 1276 2088 hac
1294 2055 1366 2088 vice
1384 2054 1418 2087 id
1436 2054 1484 2087 tui
1502 2053 1626 2087 laboris
1642 2065 1728 2098 prae-

197 2106 305 2139 mium
330 2106 442 2139 habe.'
493 2106 538 2139 Et
554 2105 618 2138 1100
643 2105 743 2147 dicto,
762 2103 983 2137 intolerabilis
1001 2103 1129 2136 foetoris
1151 2102 1192 2135 de
1216 2101 1457 2146 posterioribus
1482 2111 1558 2133 cum
1584 2100 1727 2144 strepitu

196 2153 328 2185 fumum
347 2152 457 2196 ejecit,
472 2164 571 2196 quem
587 2151 676 2184 idem
688 2151 777 2196 prior
795 2162 872 2183 cum
891 2150 1018 2194 ingenti
1039 2148 1149 2182 cordis
1167 2154 1199 2181 et
1217 2147 1354 2193 spiritus
1372 2147 1528 2192 angustia
1541 2146 1723 2185 sustinens,

198 2199 293 2243 signo
306 2199 382 2232 vitae
396 2199 550 2232 sensibus
562 2199 736 2243 impresso,
750 2197 807 2230 vix
820 2196 961 2230 evasit.'⁷
987 2196 1051 2229 See
1064 2195 1121 2228 the
1133 2194 1365 2228 continuation
1376 2195 1413 2227 of
1421 2193 1477 2227 the
1491 2204 1583 2227 same
1597 2198 1728 2226 extract

198 2245 232 2278 in
247 2245 304 2278 the
322 2251 400 2278 note
417 2244 593 2289 appended
611 2250 645 2277 to
661 2244 678 2289 ξ
699 2246 777 2277 141.

247 2293 254 2312 ¹
278 2292 467 2336 Ligneum]
495 2291 657 2336 Ligneam
675 2291 705 2323 ei
723 2289 961 2332 transmittere,
983 2289 1030 2322 H.

246 2339 258 2357 ²
279 2338 389 2383 Quis]
416 2337 489 2370 The
506 2337 598 2370 word
617 2338 637 2355 ‘⁴
652 2336 754 2381 quis''
773 2336 801 2369 is
819 2335 929 2368 added
946 2336 979 2368 in
998 2335 1056 2368 the
1073 2334 1203 2378 margin
1222 2333 1259 2366 of
1272 2333 1329 2366 the
1348 2332 1447 2366 Bodl.
1466 2332 1542 2366 MS.
1595 2330 1628 2364 It
1645 2330 1725 2364 does

198 2391 257 2418 not
275 2397 375 2418 000111·
392 2384 426 2416 111
444 2383 501 2416 1110
521 2383 616 2417 Harl.
635 2395 732 2428 copy,
750 2382 860 2415 which
878 2381 974 2415 reads
993 2383 1013 2399 ‘⁴
1024 2381 1125 2413 f01·e''
1142 2382 1192 2413 for
1209 2381 1230 2398 ‘⁶
1244 2379 1357 2412 forte'’
1376 2378 1603 2423 erroneously.

247 2432 259 2450 ³
277 2431 410 2465 Silentii
426 2429 512 2474 usu]
538 2429 611 2462 The
637 2429 811 2462 5111010055
828 2428 909 2461 with
927 2427 1038 2461 which
1057 2427 1124 2460 this
1142 2438 1210 2459 was
1236 2425 1392 2469 enjoined
1410 2426 1443 2457 in
1461 2423 1681 2457 monasteries
1698 2423 1727 2456 is

200 2484 256 2511 too
274 2477 349 2511 well
367 2477 489 2510 known
508 2482 542 2508 to
560 2476 691 2520 require
708 2475 925 2508 illustration.
974 2475 1048 2515 See,
1065 2473 1230 2515 however,
1246 2472 1400 2505 Mai-tene
1419 2471 1459 2504 de
1474 2471 1591 2514 Antiq.
1607 2470 1728 2503 Mona-

199 2525 339 2558 chorum
358 2523 505 2564 Ritibus,
525 2522 547 2556 i.
562 2522 598 2555 ii.
614 2521 630 2566 ξ
651 2522 705 2564 74,
720 2533 811 2565 seqq.
829 2534 836 2561 ;
854 2521 919 2553 and
937 2520 1007 2553 also
1026 2519 1229 2552 Fosbrook's
1244 2518 1471 2559 Monachism,
1486 2529 1541 2561 pp.
1557 2519 1635 2559 499,
1648 2518 1729 2549 500.

245 2573 257 2590 ⁴
276 2571 450 2616 Signorwn
464 2567 616 2614 genera]
645 2568 707 2600 See
735 2564 772 2612 ἕξ
800 2569 878 2610 227,
907 2570 984 2607 228,
1010 2568 1089 2600 231.
1120 2565 1306 2598 Martene's
1328 2576 1408 2608 very
1425 2564 1559 2596 curicus
1589 2562 1727 2607 chapter

201 2618 259 2663 (de
286 2618 403 2661 Antiq.
430 2614 628 2649 Monachor.
655 2613 804 2655 Ritihus,
823 2625 853 2646 v.
873 2613 982 2657 xviii.)
1001 2611 1211 2656 abundantly
1229 2611 1411 2643 illustrates
1438 2609 1505 2642 this
1530 2620 1643 2653 usage,
1662 2608 1728 2641 and

199 2665 320 2707 shows,
336 2664 408 2697 that
422 2661 583 2706 although
602 2661 649 2693 St.
664 2660 789 2693 Godrie
803 2658 911 2703 might
925 2660 1039 2691 invent
1054 2658 1104 2690 for
1121 2657 1262 2690 himself
1275 2656 1332 2689 the
1349 2655 1497 2701 peculiar
1515 2656 1605 2700 signs
1617 2654 1728 2687 which

197 2711 241 2744 he
266 2709 456 2755 employed,
475 2714 532 2754 yet
550 2708 622 2741 that
648 2706 705 2739 the
731 2712 858 2750 system
877 2705 998 2749 widely
1016 2703 1197 2749 prevailed.
1248 2703 1403 2735 Martene
1429 2701 1584 2734 observes
1610 2701 1682 2733 that
1700 2700 1725 2733 it

198 2769 266 2790 was
283 2756 428 2801 general,
448 2757 468 2773 ‘⁶
481 2767 548 2788 non
570 2754 748 2787 dumtaxat
766 2751 855 2797 apud
875 2751 1127 2789 Cluniacenses,
1146 2749 1205 2782 sed
1233 2748 1322 2793 apud
1348 2748 1579 2788 Cassinenses,
1599 2747 1727 2780 Cister-

198 2804 340 2848 cieuses,
363 2803 513 2847 aliosque
539 2800 662 2848 passim
690 2797 910 2832 monachosl’
960 2797 1014 2829 He
1032 2796 1098 2828 had
1116 2796 1229 2828 before
1254 2794 1449 2827 mentioned
1475 2794 1532 2827 the
1555 2792 1724 2827 Benedic-

195 2850 293 2884 111105.
602 2848 613 2865 ⁵
634 2846 689 2880 Ex
700 2843 865 2891 propria]
888 2843 999 2877 These
1017 2848 1082 2876 two
1096 2842 1204 2875 words
1223 2853 1277 2874 are
1294 2840 1404 2874 added
1422 2841 1508 2874 from
1531 2840 1577 2873 H.
