1839 3186
501 241 558 271 ET
593 239 856 272 MIRAcuLls
893 240 929 271 s.
956 238 1171 271 GoDRICI.
1524 227 1608 273 267

73 445 161 470 OAP.
184 443 388 469 CXXXVIII.
449 443 523 468 SUB
563 443 732 472 QUANTA
764 442 1010 467 CELERITATE
1051 441 1189 468 PRIORI
1235 441 1501 467 GISBURNENSI
1545 442 1611 466 DEI

130 511 258 535 VELLE
289 510 414 535 SUPER
448 509 659 535 PROPOSITO
689 509 826 535 CORDIS
858 508 951 535 EJUS
982 508 1063 533 ILLl
1094 509 1337 544 DETEXERIT,
1380 509 1428 534 ΕΤ
1459 508 1612 538 QUALIA

131 577 205 602 IPSI
241 577 294 601 EX
326 577 392 601 DEI
423 576 624 602 MANDATO
659 560 949 601 ΙΝιΪΠΝΧΕΒΙΤ.1

131 678 149 730 §
172 680 269 719 253.
304 676 446 717 VENIT
476 676 531 717 ad
552 691 646 717 eum
668 675 758 717 vice
790 676 969 730 quadam
991 674 1272 717 ‘²Outhbertus
1299 672 1410 728 prior
1433 671 1611 714 Gisbur-

72 744 221 793 nensis,
259 743 296 784 ei
330 744 464 784 multa
496 742 728 784 dilectionis
765 742 902 798 gratia
944 742 1120 784 devotus
1156 746 1198 783 et
1228 739 1454 781 familiaris.
1527 739 1613 781 Hic

73 811 250 866 pastoris
285 809 463 851 officium
497 809 607 864 quod
643 809 685 850 111
718 809 819 851 alios
853 810 1074 851 exercebat
1110 806 1416 863 quodammodo
1458 806 1613 848 invitus

74 878 212 919 animo
234 877 451 925 tolerabat,
476 877 586 917 unde
606 881 648 917 et
670 876 706 917 ei
736 876 950 917 multoties
980 876 1119 917 animo
1151 875 1314 916 sederat
1337 877 1470 914 tantae
1491 874 1614 915 molis

74 959 196 985 onere
228 959 270 985 se
302 942 509 998 expedire,
534 948 575 984 et
598 943 780 983 Domino
814 943 949 997 potius
970 943 1011 984 111
1042 940 1290 983 humilitatis
1323 940 1470 995 spiritu
1493 935 1611 982 351111-

74 1011 170 1066 plici
206 1010 514 1052 conversatione
551 1010 770 1050 deservire.
874 1008 1003 1064 Cujus
1038 1008 1240 1063 propositi
1273 1012 1372 1049 vota
1406 1006 1494 1048 viro
1531 1007 1611 1048 Dei

75 1078 284 1132 detegens,
318 1076 533 1117 consilium
563 1076 671 1117 illius
702 1091 824 1130 super
851 1075 932 1117 ista
968 1075 1155 1130 expetiit,
1190 1080 1230 1115 et
1252 1079 1300 1115 ut
1323 1073 1404 1115 Dei
1424 1074 1530 1115 velle
1562 1074 1613 1115 de

74 1144 138 1185 his
175 1143 428 1199 perquireret
467 1147 509 1184 et
546 1143 583 1183 ei
618 1143 810 1197 aperiret,
845 1142 905 1182 ita
942 1157 1036 1183 eum
1077 1141 1268 1196 precibus
1302 1140 1500 1195 obligans,
1538 1140 1611 1191 ait,

79 1215 103 1232 ‘⁶
121 1210 229 1252 Novi
251 1215 305 1259 te,
330 1214 460 1264 pater,
494 1209 586 1250 Deo
609 1215 695 1250 tam
718 1208 964 1249 familiarem
997 1208 1207 1258 exsistere,
1234 1207 1345 1261 quod
1367 1207 1399 1248 si
1420 1207 1611 1257 volueris,

75 1275 198 1332 hujus
219 1277 276 1318 rei
297 1276 491 1317 notitiam
505 1276 624 1317 facile
640 1276 723 1316 tuis
745 1275 933 1330 precibus
948 1275 1104 1330 poteris
1125 1274 1327 1315 obtinere.
1391 1273 1485 1314 Non
1502 1274 1612 1315 enim

77 1343 157 1384 Dei
177 1343 395 1384 clementia
415 1343 494 1383 hoc
510 1342 716 1383 occultare
734 1343 810 1383 tibi
826 1341 1018 1397 disponit,
1044 1342 1125 1394 Qui
1138 1341 1272 1382 multa
1287 1340 1363 1382 tibi
1386 1340 1613 1382 coelestium

77 1415 327 1451 secretorum
361 1409 504 1450 abdita
537 1414 579 1450 et
619 1409 765 1450 ceteris
796 1409 939 1464 ignota
974 1408 1156 1449 revelare
1191 1407 1444 1449 consuevit.”
1506 1407 1615 1459 Quia

77 1476 204 1531 igitur
236 1491 341 1517 unus
382 1475 425 1516 id
457 1491 509 1516 ex
542 1476 688 1517 ardore
721 1475 905 1516 caritatis
941 1475 1130 1530 expetiit,
1166 1475 1272 1515 alter
1304 1474 1362 1515 nil
1394 1479 1614 1515 cunctatus

78 1543 323 1585 obedientiae
346 1557 447 1598 opus
474 1542 643 1597 exsequi
673 1557 756 1583 non
778 1542 943 1591 omisit3
982 1557 1079 1582 nam
1114 1556 1213 1582 mox
1244 1541 1418 1596 genibus
1439 1541 1481 1582 in
1502 1545 1614 1582 terra

77 1625 216 1651 coram
251 1614 424 1665 rogante
457 1609 692 1659 advolutus,
729 1614 851 1650 tanta
884 1608 1148 1649 lacrimarum
1184 1607 1454 1649 inundatione
1491 1607 1613 1662 coepit

78 1676 330 1732 deplorando
371 1676 545 1726 infundi,
581 1675 703 1730 quod,
742 1675 848 1717 sicut
881 1675 991 1716 idem
1033 1674 1144 1730 prior
1184 1674 1342 1725 asserit,
1379 1674 1452 1716 vix
1494 1679 1614 1715 tanta

78 1743 333 1784 lacrimantis
362 1742 619 1784 abundantia
649 1742 701 1783 ab
731 1742 897 1783 homine
932 1741 1115 1796 potuerit
1148 1741 1342 1782 enarrari.
1414 1741 1465 1781 In
1497 1739 1614 1797 cujus

79 1810 212 1851 cordis
243 1809 519 1851 teneritudine
550 1814 591 1850 et
612 1809 740 1849 animi
776 1808 994 1850 devotione
1026 1808 1237 1862 aliquanto
1277 1807 1432 1849 diutius
1467 1808 1613 1849 immo-

77 1881 206 1927 ratus,
229 1876 399 1917 tandem
429 1876 548 1917 vultu
580 1875 762 1916 hilariori
797 1875 978 1925 effectus,
1003 1879 1172 1929 repente
1198 1874 1249 1915 de
1277 1879 1389 1915 terra
1417 1874 1612 1924 surrexit,

80 1948 120 1984 et
134 1944 195 1984 ita
210 1942 457 1984 ferventiore
472 1942 618 1997 spiritu
631 1942 900 1997 praeloquens⁷
916 1942 992 1992 ait,
1011 1941 1162 1983 “Deus
1180 1941 1256 1982 tibi
1270 1956 1342 1996 per
1358 1956 1423 1981 me
1438 1941 1613 1982 mandat

79 2014 120 2051 et
145 2009 335 2064 praecipit
360 2014 407 2050 ut
443 2009 579 2050 locum
604 2014 737 2058 tuum,
768 2023 843 2049 nec
867 2023 970 2063 opus
999 2007 1217 2049 ministerii
1246 2007 1321 2058 tui,
1352 2007 1614 2062 aliquatenus

79 2076 268 2124 deseras;
307 2075 380 2117 sed
410 2076 485 2117 sub
513 2075 707 2131 imposito
731 2075 807 2116 tibi
835 2090 957 2116 onere
991 2075 1130 2129 potius
1161 2074 1215 2115 Ei
1247 2074 1436 2116 omnibus
1467 2074 1614 2116 diebus

78 2143 175 2184 vitae
197 2147 280 2183 tuae
303 2142 356 2183 Ei
387 2142 606 2183 militando
639 2141 860 2183 deservias.
931 2141 1040 2182 Nam
1062 2141 1221 2182 fructus
1244 2140 1296 2182 Ei
1319 2146 1360 2182 et
1380 2141 1456 2182 tibi
1478 2141 1611 2196 copio-

79 2210 161 2251 sior
182 2224 235 2250 ex
256 2223 303 2249 eo
334 2208 563 2263 proveniet,
587 2208 619 2250 si
652 2207 756 2264 Ejus
786 2208 995 2249 mandatis
1025 2207 1259 2249 obaudieris
1287 2212 1328 2248 et
1351 2208 1613 2249 commissum

78 2291 246 2331 gregem
267 2275 342 2316 tibi
363 2290 445 2316 non
479 2274 744 2316 deserueris.”
806 2274 927 2328 Quod
957 2274 1025 2315 ille
1056 2274 1240 2324 audiens,
1264 2289 1317 2315 ex
1339 2274 1478 2316 divino
1502 2275 1613 2316 facto

80 2343 116 2384 ei
137 2342 335 2383 mandato
357 2341 583 2396 pertimuit,
608 2347 650 2382 et
675 2357 725 2382 ex
748 2341 818 2382 illa
839 2341 905 2382 die
927 2346 968 2382 et
986 2341 1178 2396 deinceps
1201 2356 1412 2395 nunquam
1434 2341 1613 2382 officium

78 2409 295 2450 ministerii
327 2408 388 2449 sui
411 2408 620 2449 dimittere
641 2407 922 2463 praesumpsit3
960 2422 1057 2449 nam
1080 2407 1189 2462 quod
1222 2408 1402 2463 Spiritus
1435 2408 1614 2449 Sanctus

79 2492 147 2517 ore
169 2475 246 2517 viri
281 2475 343 2516 sui
369 2474 406 2515 ei
441 2474 716 2530 praecipiendo
746 2475 1031 2525 mandaverat,
1060 2474 1137 2516 iste
1169 2474 1342 2516 ulterius
1377 2475 1613 2516 nullatenus

77 2548 279 2584 temerare
303 2541 368 2583 vel
388 2541 656 2596 praetergredi
676 2540 992 2596 4praesumebat.

125 2654 132 2673 ¹
163 2653 246 2686 This
264 2652 402 2697 chapter
419 2652 448 2685 is
465 2657 523 2684 not
540 2650 645 2685 found
663 2651 696 2685 in
715 2650 774 2684 the
793 2651 888 2685 Harl.
907 2651 984 2685 Ms.

122 2702 134 2720 ⁹
156 2697 384 2744 cuthbertus]
410 2698 473 2732 See
490 2697 507 2743 ξ
527 2700 605 2731 248.

123 2748 135 2766 ³
154 2746 300 2791 Simplici
316 2744 587 2789 conversatione]
614 2744 703 2777 That
720 2744 760 2788 is,
778 2756 815 2778 as
832 2756 851 2778 a
869 2744 990 2790 simple
1007 2744 1123 2788 monk,
1137 2743 1262 2788 having
1280 2742 1435 2787 resigned
1449 2741 1505 2776 the
1517 2742 1612 2776 office

79 2795 116 2828 of
128 2793 217 2839 prior
232 2805 239 2834 3
266 2803 322 2825 see
340 2791 357 2836 ξ
376 2794 455 2825 202.

127 2844 138 2859 ⁴
159 2836 409 2883 Praesmnebat.]
437 2839 457 2856 “
471 2837 666 2881 Cutbertus,
684 2837 773 2882 prior
799 2837 1053 2879 Gisburnensis,
1071 2848 1192 2880 magna
1211 2835 1258 2868 illi
1276 2835 1504 2868 familiaritate
1534 2847 1613 2869 con-

74 2889 227 2931 junctus,
262 2891 299 2918 ut
326 2883 504 2917 consilium
539 2889 713 2928 quaereret,
744 2884 834 2917 venit
862 2883 903 2916 ad
938 2896 1013 2916 eum
1034 2897 1040 2924 ;
1076 2888 1295 2928 proposuerat
1328 2881 1417 2915 enim
1448 2882 1613 2927 prioratus

82 2934 229 2967 officium
252 2931 429 2976 deponere,
448 2935 485 2963 ut
503 2936 615 2975 posset
635 2929 708 2963 Deo
727 2930 873 2974 quietius
892 2929 1069 2963 deservire.
1121 2928 1269 2973 Ideoque
1288 2928 1440 2962 devotius
1459 2929 1613 2974 expetiit,
