1839 3186
535 218 594 249 ET
629 218 895 251 MIRAeULrs
931 220 967 252 s.
994 220 1210 253 Gonnrcr.
1563 211 1646 257 407

109 334 237 374 usque
275 321 329 362 ad
370 321 536 377 fastigia
579 323 726 365 domus
765 324 976 373 attollens,
1008 324 1071 365 ¹in
1105 340 1150 367 os
1185 324 1433 368 infirmantis
1470 327 1641 369 insiluit.

111 386 212 439 Quae
228 402 326 428 mox
343 388 565 430 furibunda
579 389 737 440 effecta,
749 391 870 445 coepit
892 391 1079 432 sensibus
1096 397 1225 432 exuta
1240 392 1432 434 humanis
1449 393 1640 445 insanire,

110 457 151 493 et
173 468 247 494 sua
263 454 496 510 discerpens
512 461 636 509 atque
656 456 871 506 dilanians,
882 457 985 498 velle
1005 462 1046 498 et
1062 457 1181 498 inniti
1201 463 1300 499 tunc
1320 458 1361 499 in
1375 459 1477 501 alios
1493 461 1641 515 saepius

108 518 274 562 insilire.
342 522 405 562 At
439 521 680 576 aliquandiu
714 523 868 564 arctius
903 523 955 564 ab
987 524 1130 565 amicis
1160 524 1379 579 diligenter
1416 526 1637 576 custodita,

106 585 289 638 tandem,
314 588 472 629 eunctis
493 588 790 643 ignorantibus,
814 590 999 630 clanculo
1033 590 1083 630 de
1114 590 1236 631 domo
1263 592 1464 646 prorupit,
1487 608 1536 633 ac
1566 609 1640 647 per

105 650 269 693 deserta
299 654 391 695 loca
421 654 665 709 interposita
697 655 903 710 gradiens,
926 671 1171 710 amnemque
1200 656 1508 699 interfluentem
1540 674 1638 712 quo-

103 718 389 774 modocunque
410 721 630 762 inscienter
659 722 950 777 pertransiens,
974 722 1028 763 ad
1051 722 1251 764 Finchale
1272 725 1474 778 pervenit.
1536 725 1637 778 Quae

104 784 162 825 ibi
191 786 246 826 ad
276 787 467 828 tumbam
498 788 610 829 beati
631 779 707 830 riri
745 788 838 838 Dei,
875 789 1018 831 multis
1047 790 1294 841 astantibus,
1319 790 1559 832 videntibus
1588 807 1636 833 ac

104 850 436 904 testificantibus,
459 869 484 895 a
505 854 695 895 daemone
716 855 893 897 liberata
913 860 955 896 et
977 856 1113 897 sensui
1134 856 1316 897 humano
1338 856 1497 912 integre
1518 859 1636 900 resti-

100 922 207 967 tuta,
235 920 357 974 coepit
389 921 546 962 cunctis
579 922 641 962 sui
672 922 810 963 miseri
841 927 1013 964 eventus
1042 923 1237 977 lugubres
1268 923 1454 966 incursus
1489 929 1531 965 et
1564 940 1634 966 ex-

103 999 245 1027 cursus
277 1001 495 1041 exponere,
521 1002 569 1029 ae
602 988 787 1029 seriatim
809 994 959 1030 cuncta
994 1004 1084 1043 quae
1116 988 1453 1031 inconvenienter
1483 992 1633 1046 egisset

100 1050 165 1093 Vel
195 1052 367 1094 dixisset
388 1053 560 1095 edicere.
624 1055 741 1096 Inter
768 1070 857 1109 quae
886 1055 1060 1097 asseruit
1090 1056 1216 1097 etiam
1251 1055 1452 1098 Sanctum
1474 1056 1505 1097 J
1508 1058 1634 1099 ohan-

99 1132 195 1158 nem
217 1119 454 1174 Baptistam
490 1120 566 1162 sibi
593 1121 636 1162 in
668 1121 806 1170 domo,
844 1122 895 1162 de
931 1137 1012 1176 qua
1043 1122 1182 1177 elapsa
1208 1122 1358 1173 fuerat,
1381 1125 1632 1178 apparuisse,

100 1189 225 1239 atque
246 1201 374 1241 usque
396 1187 450 1228 ad
476 1188 739 1243 sepulchrum
772 1188 879 1230 servi
902 1188 983 1229 Dei
1010 1188 1209 1243 praevium
1230 1191 1485 1244 praecepisse.
1548 1191 1633 1232 Sed

100 1252 306 1305 quomodo
340 1252 513 1295 fluvium
547 1255 848 1309 permaximum
878 1255 1169 1310 interpositum
1198 1256 1495 1310 pertransierit,
1519 1258 1632 1298 nullo

97 1318 222 1360 modo
242 1319 476 1362 meminisse
497 1321 730 1376 praevaluit.
801 1321 1001 1363 Ooncives
1022 1321 1149 1363 etiam
1171 1320 1355 1377 ejusdem
1376 1322 1539 1373 villulae,
1563 1324 1632 1377 qui

97 1399 189 1426 eam
209 1386 396 1427 insanam
419 1393 634 1436 noverant,
657 1386 934 1429 testificantur
953 1388 1045 1428 haec
1066 1388 1205 1429 omnia
1226 1387 1347 1430 2vera
1364 1389 1502 1430 fuisse.

536 1540 649 1566 CXIII.
682 1541 734 1565 DE
764 1540 873 1565 CAEOA
904 1539 1192 1569 QUINQUENNII.

158 1616 176 1668 ᾗ
200 1617 298 1657 480.
334 1616 507 1656 Mutina
527 1615 716 1670 quaedam
749 1615 799 1656 de
831 1614 1056 1664 Dunelmo,
1080 1613 1216 1655 Eccoc
1241 1615 1420 1665 nomine,
1455 1616 1633 1671 quinque

100 1682 219 1724 annis
249 1683 371 1724 unius
401 1683 507 1724 oculi
540 1681 695 1723 lumine
716 1682 893 1737 privata,
916 1680 1170 1722 testantibus
1200 1681 1354 1732 multis,
1379 1682 1435 1723 ibi
1460 1688 1522 1724 est
1544 1683 1634 1724 illu-

97 1749 269 1790 minata.

633 1810 743 1856 CXIV}
774 1830 874 1856 ITEM
906 1830 957 1855 DE
988 1829 1098 1855 ALIA.

157 1905 296 1957 §48L
342 1905 538 1958 QUAEDAM
573 1905 624 1946 de
663 1904 889 1945 Midiltune
922 1918 1038 1945 secus
1071 1901 1262 1952 Wloure,
1288 1906 1407 1957 patre
1440 1902 1632 1954 ducente,

97 1971 167 2012 illo
189 1986 298 2013 caeca
319 1972 520 2027 pervenit,
547 1971 619 2013 sed
640 1971 785 2013 videns
809 1985 947 2025 sospes
972 1984 1066 2010 cum
1088 1974 1207 2023 patre
1233 1969 1404 2009 domum
1428 1970 1565 2011 rediit.

580 2109 670 2134 CXV.
704 2108 755 2133 DE
786 2107 894 2133 GENU
926 2105 1150 2131 LANGUIDO.

156 2183 295 2235 §482
332 2183 507 2224 ALTERA
544 2183 594 2223 de
632 2181 890 2236 Spinithorn,
925 2179 1069 2221 villula
1101 2179 1143 2219 in
1181 2177 1363 2219 dominio
1396 2178 1447 2219 de
1485 2178 1633 2220 Riche—

97 2250 251 2291 munde
292 2250 439 2305 posita,
476 2264 625 2291 novem
663 2248 782 2290 annis
817 2246 939 2288 unius
976 2261 1086 2301 genu
1121 2245 1318 2299 languore
1359 2250 1400 2286 et
1433 2245 1550 2299 gravi
1583 2261 1631 2286 ac

97 2316 264 2357 horrido
295 2321 458 2357 tumore
491 2315 735 2370 deperierat,
767 2328 843 2354 nec
877 2312 1045 2367 aliquod
1077 2311 1291 2366 negotium
1322 2316 1412 2352 toto
1444 2317 1631 2365 tempore

97 2383 179 2434 illo,
205 2382 334 2423 nimia
364 2387 536 2437 cogente
567 2380 821 2429 infirmitate,
846 2394 1037 2421 exercere
1061 2378 1256 2425 valebat;
1292 2393 1381 2431 quae
1413 2377 1560 2432 saepius
1590 2378 1632 2418 in

146 2489 156 2509 ¹
177 2487 221 2522 In
239 2501 272 2522 os
291 2515 298 2522 .
320 2515 326 2522 .
349 2515 355 2523 .
373 2486 532 2533 insiluit]
573 2487 739 2531 Compare
756 2485 824 2518 this
841 2484 924 2518 with
949 2496 968 2517 a
994 2489 1087 2529 story
1104 2482 1232 2516 related
1249 2482 1294 2527 by
1312 2481 1491 2527 Reginald,
1510 2481 1630 2514 Libell·

95 2536 130 2569 S.
148 2535 338 2578 Cuthberti,
357 2546 430 2579 cap.
447 2534 532 2567 xvii.
1223 2575 1228 2580 ι
1369 2574 1374 2580 .
1402 2574 1407 2579 ¹

141 2583 154 2603 2
180 2582 264 2616 Vera
268 2581 404 2627 fuisse]
430 2580 503 2614 The
522 2579 684 2614 Harleian
702 2578 778 2612 MS.
795 2577 957 2623 proceeds
974 2576 1054 2610 thus
1071 2588 1077 2610 :
1105 2577 1127 2595 ‘⁴
1141 2575 1269 2608 Muher
1287 2574 1327 2608 de
1346 2585 1455 2607 Vlcma
1473 2572 1628 2617 quaedam

94 2628 173 2662 villa
189 2634 319 2661 tantam
336 2627 527 2673 patiebatur
544 2626 721 2667 insaniam,
740 2630 777 2657 ut
795 2623 938 2657 vinculis
956 2628 1148 2664 arctaretur,
1165 2621 1280 2654 volens
1299 2621 1487 2664 discerpere
1505 2624 1628 2652 semet-

95 2675 214 2719 ipsam,
233 2680 266 2707 et
283 2675 318 2707 in
335 2674 418 2707 alios
436 2673 575 2706 insilire.
624 2673 711 2714 ane
734 2671 912 2715 diligenter
938 2682 957 2703 a
981 2668 1204 2702 familiaribus
1229 2667 1329 2711 longo
1347 2672 1499 2717 tempore
1517 2671 1628 2698 custo-

94 2721 174 2764 dita,
194 2733 284 2763 casu,
303 2720 532 2753 nescientibus
550 2720 629 2762 illis,
648 2718 764 2760 evasit,
783 2723 816 2750 ct
834 2716 1047 2750 Finehaliam
1065 2726 1172 2759 usque
1189 2713 1353 2764 pervenit..
1408 2711 1461 2744 Ib1
1479 2711 1522 2744 ad
1539 2717 1629 2744 tinn—

93 2767 171 2801 bam
190 2767 304 2800 Sancti
319 2766 470 2809 Godrici,
488 2766 604 2799 multis
619 2764 823 2807 videntibus,
841 2775 860 2796 a
878 2763 1031 2796 daemone
1047 2761 1202 2800 liberata,
1218 2764 1364 2792 narrawt
1382 2757 1472 2809 quod
1486 2758 1630 2790 Sanetus

95 2813 268 2847 Johannes
286 2813 444 2858 Baptista
469 2813 499 2846 ei
520 2812 731 2857 apparuisset
757 2809 860 2852 domi,
886 2815 918 2841 et
944 2809 1026 2842 illuc
1044 2818 1117 2840 eam
1135 2806 1280 2851 praevius
1299 2804 1509 2856 adduinsset.
1545 2803 1630 2856 'Ve-

95 2866 272 2893 runtamen
299 2859 468 2904 quomodo
500 2859 639 2892 fluvium
673 2856 846 2902 grandem,
884 2856 940 2899 qui
974 2854 1107 2887 medius
1140 2858 1221 2904 erat,
1248 2855 1492 2895 pertransmnt,
1519 2850 1630 2883 dicere

95 2906 288 2948 nesciebat3
314 2906 468 2951 quamvis
486 2905 543 2938 illa
561 2916 635 2949 quae
652 2915 710 2948 per
727 2903 893 2936 insaniam
910 2902 1036 2934 fecerat
1052 2897 1303 2932 inemlnlsset.”
