1839 3186
127 210 147 249 1
158 209 181 250 6
547 218 802 250 APPENDIX
840 216 1219 249 MIRACULORUM.

127 331 344 386 Quomodo
366 347 508 376 servus
530 332 609 374 Dei
631 333 683 374 ab
703 332 866 374 inimico
888 330 1026 387 flagris
1048 346 1174 373 caesus
1203 331 1271 382 sit,
1295 336 1335 373 et
1356 346 1454 386 qua-

185 400 279 442 liter
302 399 470 442 nomina
492 399 730 442 daemonum
754 399 790 440 ei
814 399 980 441 detecta
1002 398 1084 440 sint

128 467 317 521 Qualiter
338 466 380 508 in
411 467 520 509 sicca
540 482 644 522 pene
671 481 796 509 arena
823 465 927 507 retia
955 480 1029 508 sua
1054 465 1169 507 tendi
1197 465 1454 521 praeceperit,

187 540 229 577 et
252 531 381 591 juxta
410 534 453 575 id
484 533 593 589 quod
624 533 876 590 praedixerit,
910 532 1084 575 bestiola
1107 532 1300 587 aquatica
1329 532 1371 574 in
1402 531 1459 574 eis

188 607 312 657 capta
335 601 459 643 fuerit

132 668 349 722 Quomodo
385 683 466 710 uno
494 667 692 723 temporis
727 671 937 709 momento
968 666 1191 716 terrestria,
1215 665 1395 707 coelestia
1417 671 1458 707 et

188 735 405 778 infernalia
429 735 734 790 penetraverit3
772 739 816 775 et
847 733 946 788 quid
981 733 1023 774 in
1051 732 1221 788 singulis
1247 733 1347 775 locis
1371 732 1461 774 istis
1491 732 1497 734 ”

191 802 241 843 de
264 801 410 858 spiritu
423 800 590 858 juvenis
611 799 827 857 cujusdam
847 800 1005 842 factum
1026 799 1165 851 fuerit,
1187 804 1228 840 et
1250 798 1400 841 viderit
1423 803 1464 840 et

191 868 397 910 detexerit
1158 918 1169 929 ⁶

133 935 322 990 Qualiter
363 935 630 978 advenientes
668 934 722 976 ad
767 949 809 976 se
852 932 1076 975 detinuerit
1113 947 1324 988 quousque
1358 931 1464 975 filius

191 998 333 1044 eorum
372 1001 532 1054 obierit,
586 1007 628 1044 et
670 1001 770 1056 quid
820 1000 877 1042 eis
924 1000 1110 1042 futurum
1160 999 1367 1055 praedixit,
1422 1005 1464 1041 et

192 1069 383 1125 spiritum
404 1068 520 1125 pueri
541 1068 758 1124 migrantis
778 1067 928 1110 viderit

136 1136 354 1190 Quomodo
382 1135 560 1177 daemoni
581 1135 722 1186 illusit,
744 1135 813 1190 qui
837 1134 873 1176 ei
902 1149 1018 1176 arma
1044 1139 1086 1175 et
1114 1148 1213 1176 vasa
1240 1148 1365 1175 aurea
1391 1148 1464 1190 pro

194 1203 350 1245 exeniis
371 1202 516 1244 offerre
537 1202 667 1245 voluit

137 1270 324 1324 Qualiter
345 1285 512 1312 cervum
533 1285 558 1311 a
578 1268 842 1311 venatoribus
873 1267 1081 1323 eripuerit,
1112 1272 1153 1309 et
1182 1282 1307 1322 quam
1332 1266 1465 1308 domi-

193 1342 263 1379 tus
283 1341 325 1378 et
346 1336 548 1379 obnoxius
569 1336 606 1377 ei
627 1340 770 1391 postea
791 1334 961 1377 effectus
982 1335 1034 1376 sit

136 1403 325 1458 Qualiter
353 1403 615 1457 loquentibus
644 1402 696 1444 de
727 1417 768 1444 se
800 1402 842 1443 in
877 1401 1018 1443 schola
1053 1399 1221 1451 clericis,
1258 1406 1378 1443 nocte
1406 1415 1465 1442 se-

194 1469 351 1525 quenti?
365 1469 564 1525 magistro
603 1469 780 1511 Sanctus
823 1467 1026 1510 Godricus
1058 1467 1308 1523 apparuerit,
1345 1472 1387 1509 et
1429 1467 1465 1508 ei

196 1552 290 1592 quae
314 1541 430 1577 erant
450 1536 592 1578 futura
613 1536 856 1591 praedixerit

141 1603 357 1657 Quomodo
379 1602 516 1657 puella
536 1607 627 1645 toto
650 1618 818 1658 corpore
842 1600 987 1643 inflata
1014 1615 1087 1657 per
1108 1600 1302 1655 reliquias
1323 1599 1468 1642 Sancti

197 1669 367 1711 Godrici
388 1669 511 1710 fuerit
533 1674 678 1710 sanata

142 1737 160 1794 [
166 1738 230 1778 De
254 1736 422 1778 muliere
443 1735 611 1793 sanata]

1460 288 1655 311 CAPITULUM

1570 393 1654 451 xvj

1558 598 1657 654 xvij.

1547 864 1662 921 xviij.

1574 1066 1659 1107 xix,

1589 1215 1662 1242 xx.

1562 1532 1664 1590 xxij.

1547 1665 1666 1722 xxiij.

1551 1734 1668 1777 xxiv.
