1839 3186
716 197 1005 229 PRoOEMrUM.
1577 190 1626 229 19

92 300 258 342 mittere
298 301 448 357 potuit.
510 301 553 343 A
594 301 781 357 pluribus
824 301 993 342 tandem
1036 300 1179 342 amicis
1225 301 1354 342 ¹mihi
1397 301 1627 351 carissimis,

91 372 133 409 et
155 383 278 422 quam
315 369 496 409 maxime
530 384 555 409 a
590 369 741 409 domno
764 367 1031 409 ‘²Edeldredo
1064 367 1314 409 Rievallensi
1347 368 1513 417 abbate,
1546 384 1627 408 non

90 439 179 476 tam
214 440 383 490 rogatus
419 450 543 489 quam
577 426 811 490 compulsus
847 450 937 475 sum
971 450 1019 475 ea
1051 449 1140 488 quae
1176 434 1389 475 audieram
1421 435 1623 482 sc1·ibere;

91 505 132 542 et
154 516 246 555 quae
268 517 343 542 nec
376 501 475 543 dum
502 517 710 552 noveram,
744 501 957 542 sollicitius
988 501 1249 556 investigare.
1322 501 1447 542 Unde
1470 502 1628 543 curioso

88 582 172 608 non
210 568 426 609 suffecerat
461 568 598 609 animo
626 573 792 609 tantum
827 568 879 608 ab
913 568 1003 609 aliis
1031 567 1251 622 quicquam
1282 568 1445 609 audisse
1476 568 1625 623 permi-

88 634 228 684 rabile,
269 634 367 689 quin
402 640 443 676 et
478 640 709 691 sat-agerem
745 634 856 675 omni
889 635 1040 676 mentis
1076 634 1289 675 conamine
1322 650 1370 675 ea
1401 650 1490 689 quae
1533 635 1624 676 aliis

89 707 336 756 exposuerat
371 702 424 743 ab
461 702 588 757 ipsius
624 717 691 743 ore
723 701 1010 753 sacratissimo,
1051 701 1162 755 ³quo
1197 701 1428 751 advixerat,
1463 701 1622 756 plenius

88 772 213 822 atque
253 768 474 823 perfectius
508 769 749 824 percepisse.
825 768 1065 822 Aliquantis
1102 768 1228 823 igitur
1262 783 1464 809 annorum
1497 768 1623 808 curri-

90 834 191 876 culis
231 835 295 876 his
331 835 383 877 ab
420 851 467 877 eo
505 835 787 891 perquirendis
824 850 992 891 operam
1022 835 1373 877 vehementiorem
1409 835 1621 890 impendi;

89 907 131 942 et
167 901 357 957 plurima,
401 917 490 956 quae
529 902 674 943 ceteris
715 902 827 957 prius
864 902 1093 952 detexerat,
1129 901 1291 956 planius
1328 906 1368 942 et
1404 901 1620 956 perfusius,

87 967 176 1022 ipso
208 968 418 1019 edocente,
463 969 602 1010 didici.
665 968 824 1023 Saepius
853 984 1001 1023 nempe
1037 969 1092 1009 ad
1122 968 1383 1010 invisendum
1415 984 1508 1009 eum
1544 968 1621 1009 fes-

88 1034 288 1084 tinabam,
331 1040 373 1076 et
410 1050 570 1090 semper
602 1035 764 1077 rediens
797 1035 953 1089 aliquid
986 1035 1252 1075 memorabile
1288 1050 1452 1076 mecum
1487 1035 1624 1075 confe-

87 1115 180 1142 rens
218 1101 268 1142 de
299 1101 387 1157 ipso
418 1102 659 1143 referebam.
723 1101 789 1143 Ea
823 1117 920 1143 vero
950 1116 1039 1155 quae
1072 1116 1097 1142 a
1117 1101 1309 1143 veridicis
1350 1102 1447 1143 viris
1482 1102 1623 1142 audie-

87 1182 188 1218 ram,
211 1167 275 1209 his
297 1169 365 1223 qui
387 1169 493 1210 forte
524 1168 763 1219 intererant,
788 1183 859 1210 seu
881 1168 949 1223 qui
974 1183 1022 1209 ea
1047 1168 1097 1208 de
1121 1168 1190 1209 illo
1212 1168 1442 1218 audierant,
1466 1168 1623 1210 tenacis

87 1234 297 1275 memoriae
340 1236 557 1276 armariolo
593 1236 881 1277 recondebam.
963 1234 1150 1276 Tandem
1185 1235 1235 1275 de
1272 1235 1462 1276 omnibus
1503 1235 1625 1276 unius

86 1301 285 1356 manipuli
306 1302 547 1343 fasciculum
569 1302 776 1358 colligens,
811 1307 852 1343 et
874 1317 963 1356 quae
994 1301 1125 1356 magis
1148 1301 1274 1356 digna
1306 1302 1435 1342 relatu
1461 1301 1624 1342 fuerant

87 1367 129 1408 in
160 1369 456 1410 membranulis
496 1369 699 1424 redigens,
736 1368 949 1423 praesentis
990 1368 1174 1423 opusculi
1205 1368 1463 1423 permodicos
1503 1366 1623 1409 fiores

86 1433 255 1487 intexui,
288 1440 329 1476 et
362 1435 405 1476 in
435 1436 556 1477 unius
598 1436 778 1490 corporis
813 1434 1045 1476 artificialia
1079 1435 1267 1476 membra
1298 1434 1498 1489 compegi.
1573 1435 1623 1475 In

86 1500 233 1554 quibus
267 1500 402 1542 4nihil
438 1502 618 1552 omnino,
655 1503 746 1543 Deo
778 1507 898 1553 teste,
931 1502 1135 1543 incertum
1174 1516 1245 1542 seu
1280 1501 1508 1542 dubitabile
1553 1516 1623 1556 ap-

85 1567 214 1621 posui,
239 1568 312 1609 sed
337 1583 469 1622 neque
491 1569 710 1623 quicquam
741 1584 814 1624 pro
836 1567 1009 1625 alicujus
1030 1568 1228 1609 relatione
1256 1583 1378 1622 quem
1409 1582 1484 1608 nec
1508 1568 1621 1622 prius

85 1633 209 1675 fuisse
230 1635 538 1677 veracissimum
562 1635 780 1677 relatorem
805 1635 1000 1690 comperi.

144 1700 162 1752 ἓ
190 1699 229 1744 ’7-
264 1700 308 1742 Si
332 1701 421 1755 quis
442 1702 569 1756 igitur
592 1702 674 1743 ista
702 1702 853 1743 viderit
874 1702 939 1742 vel
968 1702 1160 1752 audierit,
1194 1701 1316 1756 digne
1348 1700 1419 1741 illa
1453 1700 1620 1742 studeat

85 1765 219 1821 legere
247 1772 371 1822 atque
398 1768 603 1817 recolere;
639 1773 679 1809 et
712 1768 755 1808 in
790 1768 854 1809 his
887 1767 997 1809 Eum
1028 1769 1097 1822 qui
1119 1770 1227 1810 solus
1260 1767 1359 1808 facit
1384 1766 1399 1788 5
1416 1767 1621 1807 mirabilia

85 1832 292 1874 laudando
333 1834 587 1884 benedicere,
640 1835 851 1885 extollere,
895 1840 936 1875 et
980 1835 1217 1889 praedicare.
1301 1834 1395 1888 Ipse
1439 1834 1619 1887 quidem,

87 1898 167 1951 Qui
206 1901 397 1954 antiquos
434 1901 583 1942 Patres
615 1901 822 1955 quondam
860 1900 946 1941 Sua
980 1901 1200 1956 multiplici
1248 1900 1385 1955 gratia
1430 1900 1621 1954 provexit

85 1970 126 2006 et
164 1965 358 2018 instituit,
398 1967 474 2008 Ille
505 1968 680 2008 modicae
714 1967 810 2008 fidei
844 1973 993 2009 nostrae
1016 1967 1240 2008 infirmiora
1262 1967 1303 2007 in
1334 1967 1412 2006 hoc
1434 1971 1620 2020 tempore

84 2032 304 2074 novissimo
325 2049 398 2089 per
419 2034 524 2075 servi
548 2033 621 2075 Sui
653 2034 850 2089 praeclara
875 2034 1025 2075 merita
1053 2034 1265 2076 invisendo
1297 2033 1524 2088 redarguit,
1558 2032 1616 2073 in-

83 2099 218 2150 struit,
249 2099 456 2151 informat,
489 2100 692 2155 provehit,
716 2116 764 2141 ac
794 2101 975 2142 revelare
998 2101 1164 2155 satagit.

598 2182 781 2208 EXPLICIT
803 2182 1065 2208 PROHEMIUM.

129 2307 138 2327 ¹
168 2307 261 2341 Mihi
276 2308 478 2355 carissimis]
506 2309 615 2343 Michi
640 2310 840 2350 karissimis,
867 2309 904 2341 Β.
921 2321 929 2350 ;
959 2308 1043 2341 mihi
1070 2308 1264 2353 carissimis,
1290 2321 1357 2342 non
1382 2315 1451 2342 tam
1478 2315 1614 2354 rogatus

81 2365 196 2399 quam,
215 2355 254 2387 H
257 2381 273 2398 „
292 2355 449 2399 omitting
465 2355 523 2389 the
541 2356 776 2389 intermediate
794 2356 913 2389 words.

129 2401 142 2421 2
169 2400 379 2447 Edeldred0.]
407 2402 463 2434 An
481 2408 624 2435 account
642 2402 678 2435 of
693 2402 760 2435 this
778 2402 960 2447 important
978 2413 1173 2446 personage,
1192 2414 1227 2435 as
1245 2402 1295 2435 far
1316 2414 1352 2435 as
1370 2402 1412 2435 hc
1439 2414 1506 2435 was
1533 2414 1611 2435 con-

81 2447 202 2480 nected
220 2447 300 2480 with
318 2447 375 2480 the
392 2446 529 2493 literary
545 2448 680 2481 labours
697 2449 735 2482 of
748 2448 925 2492 chinald,
939 2447 1008 2480 will
1023 2448 1063 2481 bc
1081 2448 1185 2481 found
1204 2449 1238 2481 in
1256 2449 1312 2482 thc
1332 2449 1482 2482 Prefaee.

127 2494 141 2515 3
168 2493 242 2532 Quo
258 2493 459 2539 advixerat]
489 2494 565 2536 Quo
583 2494 782 2539 adduxerat,
801 2494 847 2528 H.

129 2540 140 2559 ⁴
169 2539 295 2585 Nihil]
323 2539 397 2573 MS.
415 2540 531 2574 nichil.
809 2542 822 2561 ⁵
847 2539 1054 2586 Mirabilia]
1083 2541 1139 2576 Ps.
1157 2541 1246 2575 lxxi.
1267 2544 1321 2575 18.
