1839 3186
178 158 261 197 348
694 163 927 195 LIBELLUS
965 164 1029 194 DE
1065 164 1181 194 VITA

176 270 280 311 riam
305 285 398 311 cum
430 268 582 324 gaudio
604 268 757 324 adepto
783 268 833 309 de
854 268 918 309 his
947 267 1186 323 percipiet.”
1249 264 1378 321 Cujus
1399 265 1567 307 visionis
1589 265 1715 306 verba

177 336 418 392 prophetica
439 351 537 377 vera
567 335 691 377 fuisse
721 334 845 390 hujus
881 335 940 375 rei
971 333 1062 375 finis
1099 333 1291 380 edocuit;
1334 332 1430 387 quia
1453 332 1715 373 Lundoniam

176 403 475 458 pervenientes,
523 407 616 457 post
657 402 790 442 multa
827 401 1105 442 mediatorum
1147 400 1282 441 amica
1325 399 1510 446 consilia,
1542 403 1715 452 uterque

180 469 299 510 alteri
320 469 361 510 in
392 484 491 524 pace
513 469 735 523 tranquilla
764 468 1063 517 confederatus
1088 467 1256 508 domum
1291 481 1413 507 sanus
1448 470 1573 519 atque
1606 464 1716 505 inco-

182 537 304 577 lumis
326 535 485 578 1rediit.

240 603 262 658 §
288 605 383 645 329.
427 602 526 642 Alia
549 601 637 642 vice
660 600 828 655 quidam
860 600 964 640 alius
994 614 1067 654 pro
1091 598 1290 640 consimili
1312 598 1478 653 negotio
1507 597 1561 638 ad
1583 597 1717 638 virum

183 670 263 711 Dei
302 672 562 717 convenerat,
599 668 667 721 qui
701 667 812 721 apud
844 666 1010 707 Novum
1034 665 1259 706 Castellum
1294 665 1565 705 dimicaturus
1599 668 1714 711 erat3

181 736 249 790 qui
273 735 350 777 viri
375 735 455 775 Dei
476 733 762 775 benedictione
784 732 955 787 potitus,
978 736 1099 772 nocte
1122 731 1307 785 sequenti
1330 746 1424 771 cum
1445 731 1509 771 2in
1532 730 1719 771 Ecclesia

183 803 233 844 de
253 817 367 843 more
386 800 589 856 vigilaret,
612 800 686 841 tali
708 799 863 841 visione
901 804 962 840 est
996 798 1285 839 commonitus.
1349 796 1575 852 Soporatus
1609 796 1719 837 enim

180 868 403 917 modicum,
425 867 530 909 vidit
562 882 603 908 se
625 866 667 907 in
688 866 777 907 1000
802 865 1039 906 certaminis
1063 864 1256 919 positum,
1280 879 1327 905 ac
1347 863 1494 905 baculo
1515 863 1715 912 districto,

183 951 224 978 se
249 935 458 990 impetisse
491 933 657 988 gravius
690 931 884 974 aemulum
920 932 996 973 sibi
1036 947 1087 972 ex
1117 931 1291 972 adverso
1326 929 1574 985 oppositum.
1638 928 1719 970 Vir

183 1018 279 1044 vero
305 1001 475 1042 Domini
497 999 700 1041 Godricus
731 1003 924 1054 protenso
946 998 1069 1053 pallio
1091 997 1197 1038 ictus
1222 996 1406 1038 ferientis
1439 996 1620 1052 singulos
1644 1010 1718 1036 ex-

185 1069 392 1124 cipiebat;
426 1082 473 1108 ac
498 1067 555 1108 sic
577 1081 670 1107 eum
707 1070 928 1120 contegens
960 1079 1008 1105 ac
1040 1069 1271 1119 protegens,
1294 1078 1504 1117 nunquam
1526 1062 1718 1104 adversa-

182 1137 288 1177 rium
324 1135 382 1176 illi
415 1134 522 1175 ictus
555 1133 713 1187 aliquos
746 1130 928 1186 infligere
952 1131 1236 1185 permittebat.
1318 1130 1445 1170 Mane
1469 1144 1565 1170 vero
1589 1129 1715 1177 facto,

186 1217 325 1244 secure
348 1216 441 1243 cum
465 1201 583 1240 hoste
606 1197 817 1247 conflixit,
853 1203 978 1251 atque
999 1212 1046 1238 eo
1069 1197 1243 1246 devicto,
1259 1195 1387 1251 juxta
1411 1196 1609 1237 visionem
1641 1194 1718 1236 sibi

185 1274 405 1319 ostensam,
451 1266 602 1307 nullius
652 1266 757 1306 ictus
811 1264 1030 1319 impulsam
1075 1263 1241 1304 omnino
1284 1263 1504 1310 sustinuit;
1563 1261 1719 1303 Dunel-

185 1350 379 1389 mumque
412 1332 659 1388 regrediens,
700 1332 742 1372 in
777 1331 890 1372 curia
924 1330 1046 1371 Beati
1082 1329 1301 1371 Outhberti
1337 1329 1527 1370 omnibus
1575 1328 1718 1369 retulit

187 1402 362 1456 qualiter
382 1401 516 1443 virum
538 1398 617 1439 Dei
653 1399 754 1439 hora
789 1396 1085 1452 congressionis
1121 1411 1262 1437 omnes
1296 1395 1403 1437 ictus
1434 1395 1636 1450 suscipere
1671 1409 1719 1435 ac

188 1484 230 1510 se
275 1467 503 1523 protexisse
547 1464 819 1520 conspexerit.
897 1463 1048 1504 “Nam
1085 1479 1128 1504 re
1163 1462 1300 1511 vera,'⁷
1337 1462 1482 1516 inquit,
1519 1461 1645 1503 “vidi
1675 1461 1718 1501 in

186 1535 274 1576 acie
298 1534 478 1589 positum
500 1533 633 1573 virum
657 1531 736 1572 Dei
771 1545 930 1585 semper
965 1545 1103 1571 coram
1133 1545 1199 1570 me
1236 1529 1468 1579 consistere,
1491 1542 1718 1581 manusque

185 1616 299 1643 meas
332 1601 385 1642 ad
418 1599 647 1641 feriendum
679 1597 869 1653 dirigere,
895 1611 943 1637 ac
966 1611 1107 1638 omnes
1128 1612 1194 1637 me
1215 1595 1453 1650 impetentis
1474 1594 1581 1636 ictus
1601 1593 1719 1636 saevi-

189 1674 304 1710 entes
325 1666 580 1722 ³excipere.”

235 1772 242 1791 ¹
272 1771 419 1818 Rediit]
447 1772 564 1805 “Fuit
590 1772 677 1806 inter
706 1773 790 1806 duos
819 1771 951 1805 nobiles
984 1770 1026 1804 de
1049 1781 1171 1815 magna
1196 1769 1407 1815 possessione
1433 1767 1616 1808 contentio,
1642 1778 1717 1811 quae

186 1819 358 1853 terminari
377 1818 493 1852 debuit
510 1830 569 1864 per
583 1819 746 1853 duellum.
785 1818 881 1852 Alter
899 1829 1014 1851 eorum
1033 1817 1074 1850 de
1090 1816 1277 1859 Cliveland,
1289 1815 1426 1860 juvenis
1438 1814 1511 1847 Deo
1530 1814 1669 1846 devotus
1683 1819 1716 1846 et

187 1866 338 1909 humilis,
362 1871 513 1910 tempore
537 1865 675 1899 hiemali
696 1865 796 1899 nudis
822 1864 977 1910 pedibus,
1003 1875 1104 1897 causa
1129 1863 1301 1905 orationis,
1327 1861 1369 1894 ad
1397 1860 1511 1894 Sancti
1538 1859 1716 1893 Cuthberti

188 1913 307 1946 limina
325 1919 375 1945 est
391 1912 573 1957 profectus,
592 1912 706 1957 ibique
719 1918 824 1945 totam
844 1916 978 1944 noctem
997 1910 1096 1943 duxit
1112 1909 1313 1942 insomnem.
1344 1908 1384 1941 In
1402 1907 1547 1941 crastino
1566 1908 1656 1939 venit
1674 1905 1717 1939 ad

190 1958 415 1992 venerabilem
434 1958 632 2001 Godricum,
651 1965 684 1992 et
705 1970 741 1992 se
765 1958 857 1991 illius
884 1957 1071 1990 orationum
1098 1955 1284 2001 patrocinio
1301 1953 1562 1988 commendavit.
1611 1952 1718 1986 Venit

189 2006 270 2039 111110
288 2011 405 2050 postea
423 2004 560 2049 quidam
586 2005 726 2038 fratrum
752 2011 954 2047 nostrorum,
981 2003 1037 2048 qui
1063 2002 1190 2047 rogavit
1216 2013 1293 2035 eum
1319 2007 1356 2034 ut
1378 2012 1437 2045 pro
1464 1999 1580 2032 eodem
1607 1999 1716 2032 milite

190 2052 338 2086 Domino
364 2051 578 2096 supplicaret.
630 2052 694 2084 Cui
724 2051 773 2084 vir
799 2056 959 2084 sanctus:
986 2049 1046 2082 ‘N
1050 2049 1127 2092 ovi,’
1157 2048 1216 2089 ait,
1235 2047 1346 2092 ‘quod
1367 2058 1426 2091 per
1451 2046 1572 2078 merita
1601 2045 1715 2078 Sancti

190 2098 367 2132 Cuthbcrti
385 2103 578 2143 protegetur
595 2110 614 2131 a
632 2097 791 2131 Domino.
840 2096 933 2129 Nam
952 2096 986 2128 in
1012 2095 1140 2128 visione
1165 2094 1294 2139 positus
1311 2094 1408 2126 illum
1426 2092 1543 2137 aspexi
1562 2103 1639 2125 cum
1658 2092 1716 2124 ad-

186 2145 331 2178 versario
350 2144 579 2187 dimicantem,
598 2149 631 2177 et
648 2150 767 2177 ventus
785 2142 965 2176 vehemens
983 2141 1138 2175 veniebat
1156 2152 1199 2173 ex
1215 2140 1350 2185 regione
1368 2139 1509 2180 diversa,
1525 2139 1580 2183 qui
1599 2149 1715 2172 omues

188 2193 275 2225 ictus
293 2190 474 2224 adversarii
491 2190 642 2223 ferientis
662 2190 808 2234 excepit,
827 2189 873 2221 ita
891 2188 979 2233 quod
996 2188 1076 2221 huic
1094 2199 1214 2220 nocere
1231 2198 1298 2220 non
1339 2185 1447 2220 otuit.’
1498 2185 1611 2229 Hujus
1637 2184 1715 2218 visi-

188 2238 261 2272 onis
278 2238 441 2282 interpres
465 2248 674 2281 consequens
696 2236 760 2269 fuit
778 2241 927 2279 eventus,
946 2234 1080 2280 quando
1107 2233 1293 2267 Lundoniis
1333 2238 1455 2266 uerunt
1477 2231 1595 2265 amicis
1613 2231 1716 2264 inter-

188 2283 386 2320 cedentibus
405 2282 632 2317 concordati.’⁷
682 2282 794 2315 Auon.
813 2281 907 2315 Harl.
928 2280 1075 2325 Legend.

233 2332 245 2350 ²
271 2331 315 2364 Ιη
337 2330 481 2363 Ecclesia
499 2356 505 2363 .
521 2356 528 2363 .
546 2356 552 2362 .
568 2328 753 2375 vigilaret]
782 2329 822 2362 In
838 2331 938 2371 1306,
953 2327 1049 2360 when
1066 2326 1223 2367 Edward,
1240 2326 1361 2360 Prince
1373 2325 1410 2358 of
1418 2324 1548 2368 Wales,
1563 2324 1716 2358 received

187 2379 246 2413 the
272 2376 368 2411 order
386 2377 423 2410 of
441 2375 651 2420 knighthood
669 2375 768 2420 along
784 2374 866 2408 with
889 2374 983 2407 three
1005 2373 1158 2407 hundred
1180 2373 1217 2406 of
1241 2372 1298 2406 the
1320 2372 1476 2416 nobility,
1497 2373 1506 2389 ζ
1518 2371 1558 2404 In
1573 2370 1715 2416 Templo

187 2424 339 2472 praedicti
358 2428 505 2468 tyrones,
524 2428 687 2467 quotquot
704 2433 822 2467 capere
839 2426 969 2466 poterat
986 2420 1081 2454 locus
1098 2419 1167 2463 ille,
1185 2431 1262 2452 suas
1280 2418 1410 2464 vigilias
1428 2417 1606 2452 faciebant.
1648 2417 1715 2450 Sed

186 2473 342 2519 princeps
357 2469 504 2511 Walliae,
519 2474 687 2513 praecepto
705 2468 792 2513 regis
808 2467 912 2512 patris
929 2467 993 2510 sui,
1012 2478 1088 2500 011111
1106 2465 1275 2511 praecelsis
1293 2464 1468 2510 tyronibus
1485 2464 1566 2497 fecit
1583 2463 1714 2509 vigilias

186 2531 263 2553 suas
283 2518 316 2551 in
334 2516 476 2549 ecclesia
485 2514 877 2548 westmonasteriensi.”
927 2514 1027 2547 Matt.
1043 2513 1179 2546 WVestm
1209 2514 1331 2557 p.454,
1346 2511 1426 2544 edit.
1445 2511 1599 2544 Francof.
1613 2513 1715 2544 1601.

233 2567 247 2587 3
276 2564 435 2608 Excipere
451 2562 464 2608 ]
490 2561 624 2595 “Alius
642 2573 701 2607 pro
719 2561 821 2595 simili
840 2560 974 2605 negotio
993 2560 1083 2592 venit
1107 2559 1149 2592 ad
1167 2570 1244 2592 011111
1262 2558 1351 2603 apud
1370 2558 1507 2590 Novum
1528 2556 1714 2590 Castellum

188 2617 408 2658 puguaturus.
458 2608 525 2650 Qui
544 2609 616 2652 ejus
634 2607 904 2641 benedictlonem
923 2606 1062 2652 potitus,
1081 2605 1233 2650 sequenti
1252 2610 1350 2638 nocte
1368 2603 1553 2637 secundum
1573 2615 1714 2637 consue-

189 2659 342 2693 tudinem
361 2655 510 2700 vigilavit
530 2655 564 2687 in
584 2655 750 2698 Ecclesia,
768 2660 802 2687 et
819 2659 993 2699 soporatus
1012 2652 1096 2685 vidit
1121 2664 1156 2684 se
1182 2651 1216 2684 in
1240 2651 1314 2684 loeo
1340 2650 1534 2684 certaminis
1551 2650 1712 2684 aemulum

188 2707 418 2751 impetentem,
437 2708 469 2734 et
489 2702 596 2734 virum
616 2701 680 2734 Dei
704 2713 740 2734 sc
763 2700 805 2734 ab
828 2700 953 2734 ictibus
971 2697 1151 2732 adversarii
1169 2704 1336 2742 praetenso
1354 2696 1454 2742 pallio
1472 2702 1714 2741 protegentem.

189 2753 293 2786 Mane
311 2760 448 2783 securus
471 2759 547 2781 cum
564 2747 661 2781 hoste
679 2747 846 2792 conflixit,
865 2752 898 2780 ct
921 2745 1094 2779 victoriam
1113 2744 1238 2778 illaesus
1256 2743 1438 2777 obtinuit.'’
1487 2744 1599 2777 Anon.
1617 2742 1712 2777 Harl.

188 2796 335 2843 Legend.
