1839 3186
197 172 280 213 322
718 180 952 213 LIBELLUS
985 181 1049 212 DE
1085 180 1201 212 VITA

193 289 357 340 patrem
378 299 498 326 suum
511 282 602 340 jam
623 285 831 340 sepultum
854 285 1036 341 repperit
1053 303 1064 334 ;
1103 284 1175 326 sed
1202 284 1255 325 ab
1276 284 1335 326 eis
1358 284 1427 339 qui
1452 283 1489 324 ei
1509 282 1731 324 astiterant

196 351 436 406 diligentius
478 352 729 406 perquirens,
766 352 912 393 eadem
947 353 1049 393 hora
1081 356 1123 392 et
1154 351 1220 391 die
1258 356 1419 406 patrem
1453 364 1573 392 suum
1599 350 1731 390 obisse

196 417 408 472 comperit,
446 433 528 473 qua
556 418 659 460 visio
694 418 774 460 ista
803 419 840 460 ei
874 419 1081 474 apparuit.
1142 417 1212 458 Ex
1233 418 1379 471 quibus
1405 416 1534 471 liquet
1566 420 1731 470 quantae

197 484 366 526 virtutis
401 485 464 526 vir
507 485 585 526 iste
627 500 765 526 coram
803 485 983 526 Domino
1005 484 1181 534 exstitit,
1227 484 1297 538 qui
1340 484 1467 525 etiam
1501 483 1604 523 hora
1646 496 1729 523 suae

200 550 468 605 depositionis
498 565 541 592 se
578 551 739 606 longius
776 551 945 593 semotis
981 550 1164 593 revelare
1201 550 1441 605 praevaluit;
1495 548 1731 604 permodice

199 616 326 671 igitur
361 622 539 658 mortem
570 617 774 668 extimuit,
814 617 883 671 qui
926 617 1028 659 hora
1063 631 1146 658 suae
1181 616 1326 658 mortis
1360 617 1422 658 ita
1456 630 1498 657 se
1530 614 1733 657 visibilem

201 682 212 703 '¹
222 682 507 737 praesentavit.

202 966 288 991 GAP.
320 965 454 992 CLXIX.
492 967 693 997 QUALITER
726 967 875 993 DOMINI
906 967 1053 994 SERVUS
1087 967 1277 993 GODRICUs
1307 966 1359 992 DE
1389 967 1465 992 HOC
1496 966 1642 992 MUNDO
1662 965 1732 991 MI-

356 1033 572 1069 GRAVERIT,
605 1035 653 1059 ET
684 1035 759 1060 PRO
789 1034 1094 1060 TEMPORALIBUS
1126 1034 1297 1059 AETERNA
1328 1017 1602 1059 PERCEPERIT.2

262 1133 280 1185 ᾧ
312 1136 408 1175 305.
456 1133 703 1174 TRANsAcrA
733 1132 999 1187 postmodum
1038 1132 1104 1173 die
1133 1132 1305 1173 solemni
1338 1132 1497 1174 cunctis
1519 1132 1734 1174 notissima

205 1199 470 1241 Ascensionis
492 1199 737 1249 Dominicae,
760 1198 823 1240 vir
854 1198 1024 1239 Domini
1048 1198 1252 1240 Grodricus
1275 1198 1391 1253 gravi
1414 1198 1535 1253 coepit
1568 1199 1733 1253 aegritu-

207 1265 314 1307 dinis
346 1266 453 1307 mole
489 1266 610 1307 simul
643 1270 685 1306 et
719 1265 911 1306 molestia
947 1264 1142 1320 fatigari3
1190 1279 1238 1305 ac
1278 1265 1496 1320 temporali
1537 1265 1733 1319 languore

208 1331 414 1382 decoctus,
437 1331 491 1372 ad
512 1337 666 1373 aeterna
682 1331 835 1388 gaudia
854 1331 1091 1387 praeparari.
1153 1330 1356 1386 Cognovit
1378 1331 1505 1372 etiam
1525 1331 1567 1371 in
1588 1331 1735 1386 spiritu

208 1397 318 1452 quod
338 1398 509 1439 ultimus
526 1399 563 1439 ei
585 1398 672 1439 dies
694 1398 883 1447 instaret,
902 1412 980 1451 quo
998 1397 1048 1438 de
1070 1397 1147 1438 hoc
1163 1397 1318 1438 mundo
1331 1397 1386 1438 ad
1408 1398 1581 1438 Patrem
1600 1411 1732 1446 suum,

210 1464 291 1517 Qui
314 1464 357 1504 in
376 1464 485 1506 coelis
506 1469 580 1515 est,
616 1464 897 1519 pertransiret.
951 1463 1195 1504 3Dominica
1221 1463 1348 1518 igitur
1368 1463 1434 1504 die
1458 1463 1735 1518 subsequenti,

210 1530 378 1584 quidam
390 1530 518 1572 frater
535 1530 604 1572 illo
626 1530 780 1572 Missas
800 1530 1079 1571 celebraturus
1098 1530 1283 1580 advenit,
1300 1530 1368 1583 qui
1387 1545 1481 1570 eum
1497 1534 1596 1570 tunc
1616 1530 1736 1571 solito

209 1597 302 1651 plus
321 1595 599 1638 infirmantem
620 1596 813 1652 repperit,
837 1596 1024 1650 quamvis
1058 1595 1220 1650 pondus
1249 1595 1518 1637 accrescentis
1551 1610 1624 1651 per
1652 1596 1738 1637 dies

211 1661 299 1717 ejus
320 1662 577 1718 aegritudinis
601 1663 638 1704 ei
668 1662 800 1717 pridie
821 1662 922 1704 satis
942 1662 1181 1706 innotuerit.
1253 1662 1333 1714 Qui
1365 1661 1507 1703 accitis
1537 1661 1738 1703 fratribus

215 1728 507 1771 Dunelmensis
540 1728 737 1770 Ecclesiae
775 1743 870 1769 cum
904 1728 1051 1783 priore,
1092 1728 1384 1783 perquirebant
1418 1732 1559 1769 utrum
1592 1728 1643 1769 de
1679 1727 1739 1768 in-

214 1796 364 1836 stantis
386 1795 519 1836 morbi
549 1794 736 1850 4piaculo
770 1794 978 1836 debuisset
1013 1794 1215 1843 evadere3
1250 1794 1318 1848 qui
1350 1794 1456 1835 forte
1488 1793 1740 1849 respondens

214 1861 440 1902 secundum
473 1861 584 1915 quod
618 1875 762 1903 verum
794 1865 981 1910 noverat,
1018 1860 1197 1911 dicebat,
1237 1864 1265 1883 ‘⁶
1283 1860 1392 1912 Quia
1439 1874 1522 1901 non
1555 1865 1739 1914 superest

214 1942 294 1981 quo
328 1926 532 1969 Crodricus
553 1927 604 1968 de
632 1925 755 1982 hujus
790 1926 963 1967 articulo
984 1924 1238 1967 infirmitatis
1259 1926 1422 1975 evadat,
1459 1926 1673 1980 providete
1693 1929 1741 1966 ut

213 1992 352 2034 omnia
392 1993 663 2034 Sacramenta
709 1992 953 2034 Christianae
988 1990 1084 2032 fidei
1120 1992 1238 2046 plene
1262 1991 1488 2046 percipiat;
1535 1996 1659 2045 atque
1692 1995 1740 2032 ut

213 2059 381 2113 spiritus
412 2073 529 2100 meus
559 2059 685 2100 libere
715 2057 770 2099 ad
801 2072 921 2099 suum
952 2056 1191 2098 Creatorem
1211 2058 1369 2106 redeat,
1391 2057 1530 2098 omnia
1555 2055 1654 2111 jura
1686 2057 1742 2099 ad

213 2123 338 2165 fidem
359 2125 609 2179 pertinentia
628 2124 820 2165 habeat.”
882 2123 962 2176 Qui
986 2123 1124 2163 onmia
1142 2123 1479 2178 protestabantur
1500 2137 1594 2163 eum
1614 2123 1744 2164 habu-

214 2189 306 2240 isse,
329 2195 371 2231 et
392 2205 482 2244 quae
503 2194 743 2245 supererant
762 2193 976 2244 gratanter
995 2193 1162 2243 paratos
1182 2188 1267 2230 fore
1288 2187 1495 2244 perficere.
1557 2188 1744 2230 Plurima

263 2300 275 2321 ¹
295 2299 544 2344 Praesewztavz't]
569 2299 590 2317 “
605 2298 734 2331 Octavo
752 2297 806 2330 die
823 2296 1056 2341 Ascensionis,
1074 2308 1192 2331 aurora
1208 2303 1377 2342 surgente,
1402 2309 1516 2332 rursus
1534 2297 1565 2331 ei
1581 2297 1630 2331 vir
1647 2309 1744 2331 sanc-

216 2351 271 2380 tus
297 2346 460 2391 apparuit,
486 2346 534 2378 ita
556 2345 718 2389 loquens:
745 2344 754 2361 ‘
767 2343 933 2388 Exsurge,
950 2343 1009 2387 fili,
1028 2349 1065 2376 ut
1082 2344 1220 2377 assistas
1238 2344 1386 2387 obeunti,
1406 2350 1438 2377 et
1456 2356 1570 2378 meum
1587 2344 1743 2389 spiritum

217 2392 435 2426 commendes
460 2391 624 2425 altissimo
643 2390 817 2423 Creatori.’
867 2389 923 2422 Illi
942 2389 1118 2423 videbatur
1143 2390 1232 2434 quod
1250 2396 1338 2423 esset
1355 2391 1388 2423 in
1408 2390 1584 2431 Finchale,
1601 2389 1744 2423 videret-

218 2450 284 2483 que
301 2450 421 2483 corpus
439 2438 629 2483 depositum
646 2437 680 2469 in
699 2436 822 2477 cilicio,
839 2440 872 2468 et
889 2436 1036 2468 animam
1054 2447 1132 2469 cum
1149 2437 1281 2470 caeteris
1303 2437 1460 2470 fratribus
1481 2435 1744 2470 commendaret.

219 2485 374 2530 Cumque
391 2485 555 2529 aspiceret
571 2483 726 2528 spiritum
744 2482 830 2515 inter
847 2488 954 2515 coetus
972 2481 1227 2516 candidatorum
1253 2483 1295 2516 ad
1318 2483 1488 2527 superiora
1508 2482 1745 2524 conscendere,

220 2532 268 2565 sic
294 2537 345 2564 est
372 2530 552 2564 lacrimans
580 2534 800 2575 prosecutus:
838 2528 962 2561 ‘Pater
986 2528 1045 2571 mi,
1071 2534 1165 2573 pater
1189 2529 1248 2570 mi,
1284 2534 1455 2562 memento
1480 2528 1558 2571 mei,
1583 2540 1682 2573 quem
1710 2529 1745 2561 in

220 2577 283 2611 hae
300 2578 369 2610 vita
385 2578 508 2610 misera
525 2574 750 2619 derelinquis.'
801 2573 868 2616 Qui
894 2585 971 2607 eum
997 2574 1120 2607 blando
1138 2575 1286 2619 respexit
1304 2575 1429 2607 intuitu
1446 2580 1479 2607 et
1496 2574 1626 2607 elevata
1642 2586 1746 2607 manu

221 2623 340 2656 Crucis
358 2635 435 2656 eum
453 2622 625 2668 signaculo
642 2620 828 2654 benedixit.
859 2620 1032 2664 Evigilans
1049 2621 1150 2665 igitur
1168 2627 1278 2654 certus
1295 2621 1359 2654 fuit
1377 2621 1418 2653 de
1436 2620 1541 2663 obitu,
1558 2625 1591 2653 et
1605 2631 1745 2653 consue-

220 2675 293 2703 tum
310 2669 530 2703 humanitatis
555 2668 703 2702 officium
729 2667 868 2700 devotus
894 2666 1051 2700 exsolvit.
1101 2667 1141 2700 In
1167 2667 1312 2700 erastino
1336 2667 1516 2711 profectus,
1546 2678 1666 2711 corpus
1694 2678 1746 2699 re-

221 2716 308 2761 perit
329 2717 402 2759 jam
431 2715 613 2760 sepultum,
646 2720 679 2747 et
713 2713 754 2747 de
786 2713 868 2746 hora
899 2712 1017 2745 mortis
1050 2713 1232 2758 inquirens,
1262 2714 1375 2746 omnia
1407 2713 1570 2757 comperit
1598 2723 1745 2746 consona

221 2762 376 2795 visioni.''
400 2762 512 2795 Anon.
532 2760 628 2794 Harl.
646 2759 794 2804 Legend.

267 2809 280 2827 ²
304 2808 345 2841 In
362 2808 420 2841 the
439 2807 533 2841 Harl.
552 2807 627 2840 MS.
647 2806 784 2850 chapter
803 2807 881 2838 150.

264 2855 277 2873 ³
297 2852 500 2900 Dominica]
528 2852 689 2897 Namely,
708 2852 792 2896 May
812 2852 863 2885 17.
1188 2851 1201 2870 ⁴
1220 2850 1390 2896 Pineum]
1418 2849 1584 2892 periculo,
1605 2848 1651 2883 H.
