1839 3186
160 193 244 233 466
680 201 910 234 LIBELLUS
946 202 1010 233 DE
1047 201 1162 233 VITA

161 449 281 475 CCXII.
313 449 514 479 QUALI'PER
538 447 742 473 LIBELLUM
767 447 880 474 SUUM
905 447 1067 473 PLUVIAE
1093 447 1376 473 INUNDATIONE
1400 447 1585 473 ILLAESUM
1609 447 1697 473 CUS-

250 516 447 550 TODIERIT,
485 516 533 540 ET
568 515 684 540 FOLIA
719 515 812 539 EJUs
851 514 1038 539 DISPERSA
1075 514 1117 538 IN
1156 514 1464 544 QUATERNIONES
1502 513 1698 540 COMPAGI-

251 582 440 618 NAVERIT,
474 582 521 606 ET
553 582 662 607 MORE
693 580 914 606 ORDINARIO
945 580 1198 607 INSERUERIT.

224 666 242 718 ᾗ
266 668 361 708 594.
396 665 604 705 lFRATREs
627 663 677 704 de
700 662 905 704 Fontibus
937 662 1028 703 Deo
1061 662 1201 703 devoti
1233 661 1362 704 vitam
1384 660 1504 704 Beati
1529 662 1697 704 Godrici

164 732 520 773 transcribendam
546 730 596 772 de
618 729 967 780 Dunelmensibus
994 727 1313 783 perquisierant;
1348 726 1465 783 cujus
1487 729 1699 783 exemplar

165 799 260 852 quia
283 813 358 839 nec
381 798 480 839 dum
501 796 779 838 illuminatum
800 795 950 844 fuerat,
967 795 1067 836 illud
1085 809 1158 849 pro
1174 794 1301 849 ipsius
1325 794 1478 836 honore
1495 799 1536 836 et
1557 810 1698 836 amore

165 865 369 906 coloribus
385 864 585 905 adornare
602 861 813 903 decentius
830 862 1090 917 satagebant.
1134 860 1260 901 Unde
1278 861 1453 902 domnus
1473 861 1698 903 Nicholaus

164 931 276 985 prior
310 931 490 972 ecclesiae
521 930 647 984 ipsius
675 928 834 970 cantori
864 928 967 969 illud
989 926 1167 969 officium
1198 927 1416 977 commisit,
1449 927 1519 981 qui
1549 927 1698 969 devote

163 997 206 1037 id
239 997 530 1051 complendum
554 995 809 1050 2suscipiens
832 993 1020 1050 [cuidam
1054 993 1096 1035 in
1127 992 1364 1048 hujusmodi
1395 994 1527 1048 perito
1563 994 1699 1049 ipsum

166 1064 432 1114 contradidit,
457 1062 546 1118 qui]
569 1063 634 1104 his
662 1062 899 1117 diligentius
921 1075 1088 1116 operam
1115 1060 1306 1101 adhibuit
1338 1065 1379 1100 et
1404 1059 1575 1101 diversis
1597 1060 1699 1101 illud

167 1130 370 1171 coloribus
392 1129 662 1170 illuminando
684 1142 902 1183 perornare
924 1127 1146 1169 studiosius
1163 1126 1298 1180 coepit.
1361 1126 1521 1181 Nempe
1544 1125 1698 1167 Sancto

168 1196 249 1237 Dei
271 1197 446 1237 devotus
467 1211 508 1237 se
533 1200 670 1237 totum
691 1195 745 1235 ad
769 1209 893 1249 opera
916 1194 1003 1234 haec
1025 1192 1296 1234 illuminanda
1317 1192 1505 1243 contulit,
1529 1197 1571 1233 et
1592 1192 1700 1234 foliis

167 1263 338 1317 singulis
362 1263 584 1317 separatim
607 1261 799 1316 dispersis
821 1265 862 1301 et
885 1260 1026 1302 divisis
1046 1259 1227 1313 undique
1249 1258 1357 1300 circa
1378 1273 1420 1300 se
1440 1259 1483 1299 in
1506 1258 1595 1300 loco
1618 1274 1698 1312 quo

167 1329 386 1370 consedere
407 1330 450 1369 111
472 1328 652 1383 capitulo
674 1331 957 1375 consueverat,
981 1325 1297 1380 circumspersit.
1336 1325 1464 1367 Forte
1484 1325 1612 1380 igitur
1633 1325 1699 1366 die

166 1395 346 1449 quadarn
366 1395 470 1436 hora
489 1395 574 1436 fere
596 1394 831 1449 vespertina
851 1393 981 1442 irruit,
1008 1397 1048 1433 et
1070 1393 1259 1447 pulsante
1280 1392 1335 1432 ad
1356 1391 1371 1414 3
1388 1391 1701 1447 completorium

166 1462 298 1517 signO,
320 1462 546 1503 monachus
576 1461 619 1502 in
650 1459 886 1516 hujusmodi
917 1459 1051 1514 operis
1081 1458 1166 1499 otio
1198 1458 1353 1500 diutius
1384 1458 1588 1499 demorari
1617 1473 1700 1499 non

167 1528 324 1582 potuim
360 1533 610 1583 quapropter
644 1527 834 1568 omnibus
862 1527 927 1567 his
960 1525 1011 1566 de
1039 1539 1165 1565 manu
1192 1524 1348 1579 positis,
1370 1524 1447 1565 4ad
1472 1524 1701 1566 collationis

166 1594 386 1635 lectionem
406 1593 656 1649 properavit,
681 1593 818 1646 sicque
839 1592 893 1633 ad
914 1590 1170 1646 completorii
1192 1589 1371 1632 officium
1392 1591 1701 1645 exsequendum

169 1660 390 1703 conventui
412 1656 656 1717 conjunctus
678 1663 719 1700 et
741 1659 1021 1708 intermixtus,
1044 1657 1099 1698 ad
1121 1656 1334 1698 ecclesiam
1354 1657 1563 1712 processit.

226 1727 248 1782 ξ
271 1729 366 1769 595.
402 1727 577 1768 Interim
602 1741 654 1767 ex
682 1725 890 1780 insperato
922 1723 1057 1766 subito
1089 1739 1183 1764 curn
1208 1728 1427 1765 ventorum
1455 1723 1698 1778 intemperie

165 1793 398 1848 pluviarum
423 1793 681 1848 permaxima
703 1790 919 1832 inundatio
949 1790 1081 1840 irruit,
1106 1795 1147 1831 et
1170 1804 1290 1831 omne
1313 1790 1422 1844 quod
1446 1795 1594 1832 ventus
1616 1789 1699 1829 ele-

168 1859 304 1901 vando
326 1860 476 1901 extulit
498 1859 638 1914 pluvia
660 1858 911 1912 subsequens
932 1861 973 1898 et
996 1871 1038 1898 se
1063 1857 1252 1911 ingerens
1272 1856 1509 1898 madefecit.
1579 1855 1702 1908 Quod

169 1927 396 1968 monachus
417 1926 484 1966 ille
505 1926 651 1967 videns
676 1929 716 1965 et
738 1924 909 1965 audiens
930 1927 1046 1964 totns
1070 1922 1239 1977 diriguit
1259 1922 1528 1964 tremefactus
1550 1926 1591 1962 et
1612 1937 1702 1976 per-

169 1992 324 2043 timuit,
339 1993 435 2046 quia
455 1993 497 2033 in
517 1992 582 2033 his
602 1991 701 2032 locis
718 1990 865 2044 quibus
885 1990 983 2031 folia
1000 1989 1184 2043 dispersa
1205 1992 1246 2029 et
1268 1988 1404 2029 adhuc
1425 2004 1477 2029 ex
1499 1988 1702 2029 coloribus

171 2073 302 2113 nuper
321 2059 524 2113 impositis
544 2057 761 2099 humentia
779 2055 1013 2111 jacuerant,
1043 2070 1205 2108 semper
1225 2054 1365 2109 pluvia
1387 2055 1585 2095 distillare
1607 2069 1700 2094 con-

172 2125 320 2165 suevit.
383 2124 494 2176 Quid
524 2124 651 2178 igitur
681 2122 837 2164 consilii
867 2121 1027 2176 uspiam
1058 2121 1260 2162 inveniret
1290 2135 1372 2160 non
1406 2119 1573 2168 habuit3
1609 2120 1705 2174 quia

173 2205 256 2245 prae
273 2190 427 2231 ordinis
443 2189 739 2231 consuetudine
761 2193 802 2229 et
826 2188 959 2242 rigore
975 2186 1137 2241 ⁵egredi
1154 2186 1204 2227 de
1225 2191 1429 2243 conventu
1449 2201 1531 2227 non
1552 2186 1702 2241 potuit,

175 2261 215 2297 et
237 2256 345 2297 foliis
368 2256 448 2297 illis
464 2254 568 2311 jam,
587 2260 633 2296 ut
658 2254 915 2304 credebatur,
934 2253 1099 2294 omnino
1122 2252 1454 2307 depereuntibus,
1476 2267 1641 2307 prorsus
1663 2252 1704 2292 in

173 2322 286 2363 nullo
307 2322 499 2363 auxiliari
523 2321 753 2377 praevaluit.
815 2319 1033 2362 Conventa
1063 2319 1221 2360 interea
1243 2318 1468 2360 dormitum
1493 2323 1701 2373 pergente,

223 2432 234 2452 ¹
262 2432 401 2465 Fratres
417 2433 456 2466 de
475 2431 664 2477 Fontibus]
695 2431 768 2464 The
790 2430 1009 2474 magnificent
1029 2430 1212 2463 Cistertian
1233 2428 1343 2472 abbey
1361 2428 1398 2461 of
1420 2428 1619 2471 Fountains,
1646 2438 1701 2460 see

181 2479 342 2511 Tanner's
362 2478 474 2511 Notit.
494 2478 642 2511 Monast.
665 2476 811 2510 Yorksh.
830 2476 904 2510 xlii.
923 2476 1036 2520 Dugd.
1055 2475 1204 2508 Monast.
1223 2486 1253 2509 v.
1272 2477 1351 2508 286.

224 2525 237 2543 ²
262 2523 471 2570 Suscipiens]
501 2524 573 2557 The
598 2534 738 2568 passage
764 2522 861 2555 stood
886 2521 1063 2566 originally
1087 2521 1165 2555 thus
1190 2521 1225 2553 in
1250 2521 1308 2553 the
1334 2520 1499 2553 Bodleian
1525 2519 1614 2563 MS„
1639 2519 1701 2552 but

179 2571 235 2604 the
253 2570 361 2603 words
387 2569 544 2604 enclosed
561 2569 679 2602 within
696 2568 851 2602 brackets
866 2568 952 2601 have
968 2568 1055 2600 been
1072 2567 1187 2600 struck
1205 2566 1362 2611 through.

226 2618 238 2636 ³
267 2616 551 2662 Completorizmz]
577 2615 651 2648 The
675 2615 776 2647 latest
793 2615 888 2647 office
914 2614 948 2646 111
973 2614 1031 2646 the
1057 2612 1299 2646 ecclesiastica]
1322 2612 1398 2656 day.
1449 2612 1512 2645 See
1530 2611 1701 2654 Pelliccia,

177 2663 235 2696 lib.
255 2662 290 2695 ii.
309 2668 391 2696 sect.
410 2662 444 2696 ii.
463 2662 479 2707 ξ
499 2665 531 2705 3,
550 2661 616 2695 and
633 2661 798 2702 Martene,
817 2660 840 2693 i.
858 2660 919 2693 xii.

224 2710 236 2729 ‘¹
261 2708 318 2741 Ad
332 2708 515 2742 collationis
531 2706 728 2752 lectionem]
749 2706 904 2739 Martene
917 2705 996 2738 thus
1010 2705 1163 2749 explains
1176 2704 1233 2737 the
1249 2704 1393 2737 Collatlo
1410 2716 1417 2738 :
1445 2705 1464 2722 “
1479 2703 1702 2736 Collationem

178 2766 337 2787 vocamus
361 2754 542 2787 lectionem
568 2754 659 2787 illan]
687 2764 786 2797 quam
813 2757 949 2785 sanctus
978 2756 1072 2795 pater
1102 2750 1308 2783 Benedictus
1342 2756 1419 2783 ante
1445 2749 1702 2794 completorium

178 2801 250 2833 fieri
269 2800 425 2842 instituit,
439 2812 482 2833 cx
498 2801 576 2833 vitis
594 2805 626 2832 et
641 2798 877 2832 collationibus
894 2803 1026 2842 patrum
1033 2809 1041 2838 ;
1060 2808 1103 2829 ex
1117 2796 1239 2840 quibus
1250 2796 1439 2829 collationis
1456 2807 1579 2828 nomen
1591 2795 1701 2828 eidem

177 2846 314 2879 lectioni
333 2846 479 2879 inditum
498 2846 586 2879 est.’'
636 2845 688 2878 De
705 2845 823 2888 Antiq.
840 2843 1087 2876 Monachorum
1106 2842 1253 2886 Ritibus,
1271 2843 1293 2875 i.
1312 2842 1360 2876 xi.
1381 2844 1410 2875 l.

224 2893 237 2910 ⁵
265 2893 391 2937 Egrecli
407 2894 445 2926 cle
461 2890 651 2937 conventu]
680 2891 743 2924 See
761 2891 917 2924 Martcnc
934 2901 970 2922 as
988 2888 1104 2931 above,
1123 2887 1140 2933 ξ
1159 2890 1215 2921 30,
