1839 3186
515 214 574 244 ET
610 213 875 245 MIRACULIS
912 213 948 245 S.
975 213 1190 245 GODRICI.
1546 204 1627 250 127

91 320 150 360 ita
168 324 332 360 terreno
351 333 493 373 sopore
516 318 839 373 deprimebatur,
863 318 973 371 quod
992 333 1121 372 usque
1153 319 1195 358 in
1217 318 1444 362 diluculum
1466 338 1627 363 aurorae

89 385 293 427 nascentis
324 385 491 426 minime
514 385 726 440 evigilasse
749 385 963 440 potuerit3
998 389 1099 425 tunc
1130 400 1241 435 vero,
1270 401 1413 428 somno
1443 404 1626 441 excusso,

90 452 414 507 expergefactus,
468 467 521 493 ex
558 451 743 493 vestibus
785 451 990 492 humectis
1033 452 1227 492 crustulae
1267 454 1493 508 glacierum
1532 471 1626 497 cum

87 523 222 559 matta
242 519 307 559 vel
328 519 525 560 stramine
553 518 613 559 ita
645 518 910 568 cohaeserant,
949 517 1059 572 quod
1095 523 1189 573 post
1222 520 1508 562 sublevantem
1543 522 1626 564 Dei

88 585 222 627 virum
259 600 301 626 se
333 585 418 626 solo
442 590 563 626 tenus
587 584 898 639 protrahebant.
971 583 1210 625 Mirabatur
1245 585 1372 640 igitur
1405 587 1491 642 ipse
1526 604 1625 642 quo-

89 651 212 692 modo
244 656 332 692 tam
369 652 440 692 diu
474 652 535 693 sui
562 651 690 706 ipsius
727 651 880 692 oblitus
906 651 1063 702 Fuisset,
1105 656 1153 692 ut
1192 652 1365 695 durities
1399 654 1623 709 glacierum

87 723 183 759 ante
200 733 358 759 aurorae
376 718 603 773 primordia
623 733 705 758 non
727 718 912 759 sentiret.

148 784 252 826 Heec
273 785 390 826 nobis
412 785 511 840 ipse,
544 784 704 826 duobus
735 800 787 825 ex
817 782 904 839 ejus
924 783 1123 825 ministris
1145 784 1435 838 assidentibus,
1465 787 1621 839 retulit,

86 865 134 891 ac
158 852 423 906 postmodum
455 851 683 893 diutissime
716 851 965 892 illacrimans
986 851 1105 906 plura
1124 851 1187 892 his
1212 851 1347 893 dicere
1379 869 1461 894 non
1500 853 1622 909 111110-

89 918 232 959 valuit.

85 1136 173 1162 οΑΡ.
205 1137 270 1162 LV.
332 1137 523 1166 QUOMODO
554 1138 597 1163 IN
634 1137 751 1170 srcoo,
784 1137 1058 1163 VENIENTIBUS
1089 1138 1240 1172 AMIClS,
1289 1139 1410 1164 RETIA
1442 1123 1620 1167 2ΤΕΤΕΝ-

143 1204 292 1237 DERIT,
327 1204 376 1229 Ac
406 1204 539 1230 NULLo
569 1204 931 1230 crnchsrANTIUM
953 1204 1145 1238 VIDENTE,
1172 1205 1395 1231 SALMONEM
1417 1207 1620 1234 PERMAXI-

144 1270 242 1296 MUM
272 1255 477 1297 CEPE31T.3

146 1371 168 1425 ξ
191 1373 286 1413 119.
320 1371 389 1412 Ar
410 1371 506 1426 quia
530 1387 707 1426 superna
728 1371 990 1426 providentia
1018 1371 1114 1413 vitae
1135 1372 1407 1427 gubernatrix
1428 1373 1619 1416 humanae

86 1452 180 1479 suos
201 1437 342 1479 fideles
362 1454 572 1492 nunquam
595 1438 760 1488 deserit,
794 1437 836 1478 in
867 1438 978 1478 0111111
1013 1454 1204 1493 pressura
1226 1454 1299 1480 suo
1331 1440 1473 1482 adesse
1506 1442 1617 1483 fideli

85 1504 239 1545 famulo
274 1505 499 1546 consuevit.
563 1505 742 1557 Quidam
778 1505 887 1545 enim
928 1504 1148 1559 aliquando
1182 1505 1236 1546 ad
1271 1506 1388 1547 illum
1424 1508 1619 1550 visitandi

85 1572 221 1626 gratia
242 1579 531 1622 convenerant,
551 1572 623 1613 sed
646 1576 929 1613 consummato
946 1572 1110 1626 negotio
1132 1587 1206 1627 pro
1229 1588 1308 1627 quo
1326 1580 1536 1626 venerant,
1563 1576 1618 1616 ad

85 1638 251 1692 propria
278 1654 460 1679 remeare
493 1638 801 1693 properabant3
838 1653 938 1692 quos
974 1639 1060 1692 ipse
1082 1639 1202 1679 solito
1234 1639 1503 1695 benignitatis
1533 1657 1616 1683 suee

85 1719 199 1745 more
240 1705 423 1755 retinuit,
466 1705 562 1759 quia
603 1706 834 1759 impransos
867 1720 892 1745 a
925 1719 967 1746 se
1004 1705 1213 1746 dimittere
1253 1706 1437 1761 hospites
1469 1709 1615 1750 noluit.

87 1771 197 1812 Nam
219 1771 404 1812 caritatis
422 1772 557 1825 gratia
575 1786 755 1825 quosque
777 1771 831 1811 ad
859 1786 900 1812 se
922 1771 1196 1813 adventantes
1220 1787 1358 1814 secum
1375 1773 1616 1817 reficiendos

87 1852 248 1892 semper
286 1838 456 1879 retinuit
495 1839 537 1879 in
574 1838 898 1892 quibuscumque
929 1837 1090 1892 imperii
1123 1838 1382 1881 dominatum
1420 1842 1614 1884 obtinuit.

87 1904 146 1945 Et
175 1904 271 1958 quia
303 1905 359 1945 nil
397 1904 506 1958 quod
540 1909 766 1959 apponeret
804 1908 955 1959 praeter
986 1904 1149 1945 aridum
1181 1921 1329 1960 panem
1365 1907 1524 1958 habuit,
1561 1909 1616 1950 ad

85 1968 268 2022 fluvium,
286 1971 354 2025 qui
375 1972 416 2012 in
432 1971 622 2026 proximo
639 1971 786 2020 fuerat,
806 1970 1039 2019 festinavit3
1066 1971 1139 2013 sed
1153 1987 1228 2012 nec
1245 1973 1321 2014 sibi
1337 1974 1401 2015 vel
1420 1976 1616 2030 operariis

132 2075 141 2093 ¹
162 2074 376 2122 Praevaluit.]
410 2075 505 2109 Thus
531 2075 713 2109 continued
747 2076 781 2108 in
806 2075 864 2109 the
894 2075 990 2109 Harl.
1016 2075 1161 2121 legend:
1196 2077 1406 2123 “Capellam
1431 2079 1615 2125 ingressus,

83 2121 209 2155 ostium
223 2121 357 2164 clausit,
372 2128 405 2155 et
417 2134 597 2155 conversus
616 2122 700 2156 duos
718 2122 873 2156 homines
888 2123 972 2155 vidit
990 2129 1117 2156 stantes
1131 2123 1173 2156 ad
1190 2124 1313 2168 gradus
1331 2125 1456 2170 altaris,
1472 2139 1614 2172 quorum

83 2167 168 2201 alter
185 2168 268 2202 dicit
285 2168 326 2201 ad
346 2180 423 2201 eum
439 2181 444 2203 :
472 2169 659 2214 ‘Nunquid
678 2181 744 2213 me,
764 2169 921 2212 Godricc,
941 2170 1116 2214 cognoscis
1131 2169 1160 2203 Γ
1178 2170 1223 2203 Et
1241 2171 1299 2204 ille
1315 2184 1321 2205 :
1349 2173 1358 2189 ‘
1373 2172 1613 2219 Nequaquam,

84 2214 208 2248 domne
232 2215 303 2248 mi!
355 2215 451 2248 Tunc
477 2215 561 2248 alter
585 2215 733 2259 adjecit:
760 2215 858 2260 ‘Ego
884 2227 960 2248 sum
986 2216 1159 2250 Johannes
1188 2217 1355 2262 Baptista,
1381 2220 1435 2252 cui
1460 2232 1520 2265 pro
1545 2227 1613 2254 tuae

84 2262 201 2295 matris
227 2262 340 2294 anima
356 2273 473 2306 preces
491 2262 590 2295 toties
609 2262 773 2296 obtulisti.
825 2262 926 2306 Ecce,
947 2262 1061 2295 anima
1079 2268 1146 2296 tuae
1163 2264 1280 2297 matris
1298 2277 1399 2309 quam
1420 2266 1484 2300 hac
1501 2274 1612 2312 nocte,

86 2307 233 2341 Domino
254 2308 408 2352 jubente,
428 2308 469 2341 de
494 2308 603 2353 poenis
629 2308 747 2353 eripui,
765 2314 798 2341 et
815 2308 881 2342 huc
898 2309 1006 2353 gratia
1023 2315 1091 2342 tuae
1117 2310 1357 2345 consolationis
1380 2312 1519 2357 adduxi,
1538 2326 1614 2359 quae

83 2366 219 2387 mecum
233 2354 392 2399 deinceps
402 2355 540 2400 perenni
562 2354 655 2400 [MS.
670 2354 844 2401 perennis]
863 2355 970 2400 gloria
986 2356 1199 2401 perfruetur!
1235 2357 1331 2391 Tunc
1349 2359 1420 2403 ipse
1435 2359 1615 2405 diligenter

84 2401 200 2434 oculos
218 2401 363 2434 intendit
381 2401 413 2434 in
433 2413 519 2444 cam,
538 2408 571 2434 et
588 2401 743 2446 spiritum
762 2413 831 2434 suae
849 2402 967 2435 matris
985 2414 1059 2435 esse
1077 2403 1243 2447 cognovit.
1294 2404 1349 2437 Illi
1368 2414 1612 2451 consequenter

84 2447 282 2489 abscedunt,
309 2454 341 2480 et
368 2447 536 2481 Godricus
550 2448 658 2481 multa
678 2448 891 2491 jocunditate
917 2448 1075 2493 repletus,
1094 2449 1311 2483 devotissime
1333 2458 1444 2495 grates
1468 2465 1528 2498 pro
1552 2454 1611 2487 tali

84 2494 212 2527 visione
229 2494 401 2539 persolvit.
437 2494 560 2527 Postea
572 2500 666 2527 tanto
681 2506 798 2539 sopore
817 2494 1026 2539 deprimitur,
1040 2495 1130 2540 quod
1146 2508 1253 2541 usque
1270 2497 1313 2530 ad
1330 2506 1525 2533 nascentem
1543 2512 1610 2533 non

80 2540 251 2585 evigilavit
278 2552 443 2575 auroram.
496 2541 593 2573 Tunc
622 2541 891 2585 expergefactus,
918 2541 1047 2575 invenit
1077 2553 1121 2575 ex
1145 2542 1296 2577 humidis
1314 2545 1464 2579 vestibus
1488 2546 1609 2591 glaciei

83 2587 249 2620 crustulas
266 2592 382 2620 mattae
395 2587 447 2620 vel
462 2587 614 2620 stramini
628 2587 846 2631 cohaerentes,
861 2588 908 2621 ita
921 2594 959 2621 ut
973 2600 1063 2631 eum,
1077 2600 1154 2622 01101
1166 2597 1366 2634 assurgeret,
1380 2599 1610 2637 sequerentur.

82 2632 160 2677 Ipse
178 2645 255 2667 vero
280 2634 465 2667 mirabatur
483 2634 572 2678 quod
596 2633 661 2667 hoc
686 2639 786 2667 antea
809 2646 877 2667 non
894 2635 1067 2669 sensisset.
1119 2635 1204 2669 Haec
1229 2637 1327 2670 nobis
1353 2638 1496 2683 ipsemet
1512 2639 1611 2673 lacri-

81 2680 206 2713 mando
223 2680 406 2714 narravit.’'

130 2722 144 2743 ²
166 2726 384 2773 Tetenderic]
414 2726 487 2760 The
504 2727 652 2771 heading
669 2726 706 2760 of
719 2726 787 2760 this
806 2727 944 2772 chapter
962 2728 996 2761 in
1014 2728 1071 2762 the
1096 2728 1192 2763 Harl.
1211 2729 1286 2763 MS.
1305 2730 1333 2763 is
1350 2735 1409 2763 not
1428 2731 1610 2766 continued

81 2771 216 2816 beyond
233 2773 328 2806 these
345 2773 466 2807 words.
518 2773 550 2806 It
567 2785 647 2818 may
663 2773 705 2807 be
723 2774 856 2818 enough
874 2780 908 2807 to
925 2775 1088 2818 mention,
1108 2787 1191 2809 once
1208 2776 1259 2809 for
1274 2776 1330 2816 all,
1345 2776 1418 2809 that
1436 2777 1492 2810 the
1510 2790 1608 2824 argu-

84 2824 195 2852 ments
214 2819 251 2852 of
264 2819 321 2852 the
340 2819 494 2865 chapter-s
520 2831 575 2853 are
599 2820 772 2865 generally
789 2820 892 2854 much
911 2821 1104 2854 contracted
1123 2822 1158 2855 in
1179 2822 1238 2866 H.,
1256 2822 1317 2856 but
1335 2822 1393 2856 the
1411 2823 1609 2859 differences

82 2875 137 2897 are
156 2871 213 2898 not
231 2865 269 2898 of
282 2866 447 2899 sufficient
467 2867 674 2911 importance
692 2872 726 2899 to
744 2867 875 2912 require
893 2867 1136 2912 specification.

129 2911 141 2929 ³
167 2911 207 2945 In
225 2911 282 2945 the
301 2912 397 2946 Harl.
415 2912 491 2947 MS.
510 2912 648 2957 chapter
667 2913 768 2946 LIII.
