1839 3186
571 191 629 222 ET
662 190 931 222 MIRACULIS
964 190 1001 222 s.
1028 189 1249 222 GODRICI.
1583 179 1665 223 475

128 294 232 336 sima
253 294 410 336 efficere
432 293 657 335 consuevit.
701 293 780 334 Vir
804 292 973 347 quidam
995 294 1104 334 enim
1126 293 1177 334 de
1199 293 1296 334 villa
1318 307 1407 346 quae
1432 292 1665 349 Rothebyri

129 365 191 401 est
219 366 380 410 vocata,
404 359 643 401 Willelmus
665 359 835 400 Turnur
866 359 1193 413 cognominatus,
1227 358 1357 399 filium
1390 359 1466 401 sibi
1497 360 1666 400 unicum

129 427 285 481 genuit,
309 426 377 480 qui
399 426 451 467 ab
473 426 560 480 ipso
583 425 644 466 sui
666 429 815 466 exortu
838 425 950 465 omni
970 425 1165 479 loquendi
1190 424 1321 466 officio
1344 426 1490 466 caruit.
1539 426 1666 467 Unde

130 497 249 547 pater
269 508 351 533 non
372 498 460 533 tam
481 492 630 532 anxius
651 506 774 545 quam
795 491 1080 545 gemebundus
1109 506 1281 545 puerum
1296 489 1387 545 jam
1410 496 1569 546 septem
1593 507 1664 533 011-

129 573 275 600 norum
297 563 463 600 aetatem
493 558 764 599 excedentem
785 557 839 598 ad
872 558 1134 612 sepulchrum
1156 557 1279 598 Beati
1302 556 1473 598 Godrici
1501 558 1664 608 detulit,

129 629 171 666 01
196 630 361 666 noctem
392 625 627 666 orationum
657 623 857 665 instantia
887 624 1111 665 solemnem
1142 623 1199 665 ibi
1230 639 1303 678 pro
1336 622 1408 663 filii
1439 624 1501 665 sui
1534 624 1666 665 salute

130 691 345 746 transegit.
410 692 537 732 Mane
563 706 659 733 vero
689 690 813 743 facto,
846 705 948 745 puer
979 691 1048 744 qui
1079 706 1104 731 a
1134 690 1357 731 nativitate
1389 704 1463 731 sua
1495 695 1666 732 eatenus

129 762 270 800 mutus
292 758 524 808 exstiterat,
548 756 815 799 disertissime
838 761 879 797 et
901 757 1208 812 promptissime
1227 755 1337 810 loqui
1362 755 1600 810 incipiebat,
1624 761 1666 797 et

129 839 181 864 ex
203 824 268 865 die
290 824 360 865 illa
381 824 423 865 in
444 829 656 879 posterum
677 837 888 877 nunquam
919 829 1066 878 postea
1092 822 1287 877 loquendi
1312 822 1451 863 amisit
1473 822 1665 873 officium,

128 904 259 944 neque
282 891 324 931 in
345 890 538 945 loquendi
561 890 750 932 doctrina
770 890 834 931 vel
858 890 1008 944 peritia
1038 889 1217 945 indiguit
1248 889 1401 930 habere
1424 889 1667 931 eruditionis

129 956 345 998 auxilium.

474 1086 621 1111 CCXVII.
655 1085 706 1111 DE
737 1085 850 1111 MUTO
881 1086 930 1111 ET
960 1086 1117 1112 CLAUDO
1148 1086 1315 1113 CURATO.

189 1169 327 1221 §605
362 1168 429 1209 AT
460 1169 556 1210 talis
587 1168 754 1211 virtutis
784 1169 983 1210 miraculo
1015 1168 1168 1225 adjecit
1208 1170 1335 1210 etiam
1366 1170 1499 1213 virtus
1525 1171 1666 1213 divina

132 1235 312 1276 Beatum
339 1235 566 1277 Godricum
591 1235 805 1277 clariorem
828 1235 987 1277 efficere
1009 1236 1178 1276 mundo.
1242 1235 1352 1277 Nam
1380 1237 1534 1278 femina
1554 1253 1666 1292 111100-

133 1302 229 1342 dam
251 1302 302 1343 (10
323 1302 588 1357 Reinigtune,
619 1317 707 1356 quae
729 1303 828 1344 villa
851 1302 923 1343 1110
948 1301 1043 1357 jure
1066 1307 1128 1344 051
1152 1302 1444 1345 Dunelmensis
1473 1304 1664 1360 episcopi,

132 1383 306 1422 puerum
328 1373 491 1409 mutum
515 1373 555 1409 01
578 1368 772 1409 claudum
794 1369 954 1420 habuit,
978 1369 1047 1423 qui
1075 1373 1194 1410 tanto
1216 1370 1515 1412 vehementiori
1537 1371 1667 1412 dolori

131 1435 255 1476 matri
277 1440 317 1476 01
338 1435 579 1490 parentibus
600 1435 763 1476 exstitit
792 1450 871 1488 quo
896 1441 1072 1489 utraque
1100 1440 1259 1476 naturae
1283 1436 1510 1479 destitutus
1530 1438 1668 1493 gratia

133 1505 174 1542 et
199 1502 310 1543 verbi
334 1502 488 1543 virtute
521 1500 719 1556 dejectior
750 1506 791 1543 01
824 1501 1032 1543 onerosior
1059 1501 1136 1543 sibi
1166 1507 1206 1543 et
1233 1504 1391 1545 cunctis
1419 1504 1562 1545 amicis
1584 1505 1668 1547 suis

132 1569 340 1622 apparuit.
402 1567 568 1609 Salubri
600 1568 729 1623 igitur
764 1568 933 1609 consilio
965 1574 1164 1622 concepto
1195 1569 1250 1609 ad
1281 1570 1483 1611 auxilium
1521 1571 1664 1612 Sancti

132 1633 301 1675 Godrici
323 1634 522 1689 confugit,
545 1649 746 1687 suumque
781 1649 955 1688 puerum
986 1640 1149 1675 mutum
1171 1639 1212 1675 et
1235 1635 1429 1677 claudum
1454 1637 1508 1678 ad
1531 1638 1664 1692 sepul—

131 1700 277 1741 chrum
301 1701 408 1742 illius
431 1700 641 1755 perduxit.
703 1700 816 1741 Puer
846 1701 973 1755 igitur
1007 1702 1211 1754 loquelam
1243 1702 1542 1756 perfectissime
1573 1719 1663 1758 per-

132 1767 255 1822 cepit,
293 1772 335 1808 et
370 1766 544 1822 pedibus
576 1767 757 1808 innitens
788 1767 1003 1822 gradiendi
1036 1767 1354 1822 possibilitatem
1389 1768 1666 1811 firmissimam

131 1833 340 1888 percipere
361 1832 526 1874 meruit.
583 1832 711 1874 Unde
742 1833 913 1888 pulchro
946 1834 1046 1875 satis
1077 1834 1311 1888 spectaculo
1343 1835 1501 1888 factum
1524 1841 1586 1877 051
1617 1842 1665 1878 111

131 1900 201 1953 qui
221 1905 362 1941 mutus
383 1900 622 1948 advenerat,
646 1900 816 1954 loquens
844 1900 1073 1955 peroptime
1104 1900 1277 1949 rediret3
1316 1906 1357 1942 et
1380 1902 1448 1956 qui
1471 1903 1667 1944 devectus

132 1967 184 2007 ab
206 1966 296 2008 aliis
322 1966 469 2016 fuerat,
493 1964 585 2020 jam
606 1966 696 2008 aliis
727 1966 814 2007 dux
845 1971 887 2007 01
918 1982 1054 2009 0011105
1085 1966 1244 2008 11100115
1275 1967 1446 2010 effectus
1476 1969 1667 2011 omnibus

133 2033 287 2074 laetitiae
317 2032 516 2088 gaudium
547 2047 620 2087 pro
652 2037 739 2073 10111
772 2032 976 2074 evidentis
1011 2033 1199 2074 miraculi
1229 2034 1415 2075 novitate
1447 2035 1664 2076 conferret.

135 2099 300 2140 Exinde
330 2104 465 2140 mater
495 2114 576 2140 non
607 2099 825 2140 immemor
855 2099 957 2140 facti
987 2100 1030 2140 in
1062 2099 1133 2140 filii
1164 2100 1227 2141 sui
1253 2101 1432 2143 sanitate
1463 2100 1663 2152 beneficii,

132 2171 276 2220 postea
296 2181 428 2221 nuper
450 2166 540 2206 Deo
561 2165 717 2221 gratias
747 2170 788 2206 01
815 2165 970 2207 Sancto
996 2165 1080 2207 Suo
1101 2166 1292 2216 referens,
1315 2183 1498 2222 pannum
1528 2183 1666 2209 secum

134 2231 297 2282 detulit,
320 2240 362 2273 et
382 2247 466 2273 una
490 2247 584 2273 curn
609 2231 692 2272 filio
723 2247 795 2273 suo
817 2247 939 2287 super
964 2232 1226 2287 sepulchrum
1247 2233 1324 2275 viri
1346 2234 1427 2276 Dei
1448 2236 1501 2278 ob
1522 2249 1666 2276 monu-

133 2303 321 2340 mentum
341 2298 448 2340 tanti
468 2298 656 2339 miraculi
677 2298 720 2339 in
741 2313 789 2339 eo
811 2299 967 2354 patrati
989 2299 1234 2354 composuit.

146 2530 148 2533 7
175 2495 309 2520 CCVIII.
341 2495 393 2519 DE
423 2494 631 2520 MONIPEDE
661 2495 749 2521 ILLO
780 2495 985 2521 VENIENTE
1016 2496 1064 2521 ET
1096 2496 1198 2522 SANO
1229 2496 1362 2522 ILLINC
1392 2497 1620 2524 REDEUNTE.

193 2578 214 2632 ξ
239 2578 334 2618 606.
368 2576 458 2617 PER
475 2577 585 2618 idem
607 2581 770 2632 tempus
792 2577 960 2632 quidam
982 2579 1203 2634 languidus
1227 2595 1299 2633 per
1321 2594 1449 2621 annos
1471 2580 1665 2621 undecim

134 2644 253 2685 unius
273 2642 390 2698 pedis
409 2643 525 2698 gravi
546 2658 761 2699 percussus
783 2653 871 2685 erat
894 2645 1168 2696 incommodo,
1193 2646 1261 2699 qui
1286 2646 1471 2700 monipes
1492 2662 1565 2701 per
1584 2652 1664 2688 ter-

181 2789 188 2807 ¹
219 2785 274 2820 De
287 2788 369 2831 jure
395 2786 618 2821 szelmensis
639 2787 805 2834 episcopi]
843 2788 915 2821 The
942 2788 1072 2833 history
1098 2789 1135 2821 of
1158 2788 1319 2828 Rainton,
1350 2800 1386 2821 as
1414 2788 1591 2822 exhibited
1620 2790 1666 2835 by

133 2832 280 2876 Surtees,
299 2832 407 2866 shews
425 2833 497 2866 that
516 2833 542 2866 it
559 2833 725 2878 belonged
750 2834 862 2867 rather
888 2840 921 2867 to
948 2834 1004 2867 the
1032 2835 1121 2879 prior
1144 2834 1210 2867 and
1236 2840 1391 2877 convent,
1409 2834 1475 2867 and
1493 2835 1565 2869 that
1584 2836 1665 2882 they

132 2878 199 2911 had
216 2879 355 2912 become
373 2879 551 2924 possessed
569 2879 605 2912 of
618 2879 643 2912 it
661 2880 747 2913 from
765 2892 784 2913 a
802 2880 918 2924 period
936 2881 1081 2914 anterior
1099 2886 1132 2914 to
1151 2880 1207 2914 the
1226 2887 1323 2914 event
1343 2881 1421 2914 here
1439 2882 1647 2915 mentioned,
