1839 3186
540 220 599 251 ET
635 219 904 252 MIRACULIS
941 220 973 251 s.
1001 219 1216 253 eonmcr.
1562 210 1647 255 347

109 322 326 365 definitum
350 329 413 366 est
447 323 499 365 ab
513 321 725 379 judicibus
747 338 789 364 se
811 323 1027 364 mediatim
1061 323 1432 379 interponentibus,
1465 330 1512 367 ut
1534 326 1648 367 duel-

107 390 214 432 lione
259 391 383 441 facta,
417 389 540 446 hujus
580 389 827 431 discriminis
862 390 1183 445 investigaretur
1215 389 1379 446 injuria.
1459 393 1645 445 Quorum

108 457 213 498 alter
238 457 329 499 Deo
355 457 367 479 ¹
384 458 558 499 devotus
582 457 623 497 in
645 457 811 512 regione
833 472 923 511 quae
945 457 1097 498 dicitur
1117 457 1333 504 Cliveland
1364 464 1644 510 conversatus,

99 522 263 579 juvenis
287 524 456 579 quidam
490 523 638 565 nobilis
672 528 713 564 et
745 523 949 574 militaris,
985 523 1057 565 sed
1089 523 1240 566 devoto
1274 525 1413 575 corde,
1445 526 1646 581 religiosae

106 589 202 632 fidei
240 592 397 633 amicus
439 590 743 641 confamiliaris,
780 590 925 631 relicta
968 590 1091 632 domo
1131 591 1298 646 propria
1339 608 1434 634 cum
1474 593 1644 643 familia,

104 657 226 699 nudis
246 658 421 713 pedibus
441 657 688 699 hiemalibus
708 657 964 712 temporibus
987 657 1197 712 profectus
1221 664 1283 700 est
1304 659 1510 701 invisurus
1532 660 1644 701 beati

105 724 325 766 Outhberti
362 725 507 766 limina
542 724 778 774 sacratiora,
803 724 874 765 ubi
909 724 964 765 ad
993 725 1100 765 tanti
1136 725 1266 780 patris
1297 727 1487 768 tumbam
1508 731 1642 768 totam

101 796 268 833 noctem
297 791 418 833 duxit
439 792 680 841 insomnem,
704 791 937 832 orationum
961 795 1102 832 tamen
1124 791 1323 834 instantia
1354 809 1401 835 ac
1432 794 1639 835 suavitate

102 857 325 900 solennem.
388 859 517 899 Mane
550 863 691 899 tamen
727 858 853 907 facto,
886 858 937 899 ad
961 858 1095 900 virum
1117 858 1197 900 Dei
1223 858 1462 911 Gvodricum,
1497 861 1567 916 qui
1597 862 1639 902 in

101 926 291 979 proximo
313 931 414 976 erat,
438 925 647 980 profectus
668 929 743 975 est,
768 929 892 979 atque
919 940 1050 967 causae
1082 940 1165 967 suae
1202 927 1377 968 tutelam
1413 927 1522 969 illius
1552 943 1640 969 ora-

100 992 282 1034 tionibus
317 993 593 1042 committens,
632 991 801 1032 domum
842 1007 1050 1047 regressus
1087 998 1162 1034 est.
1248 993 1469 1036 Dominica
1511 994 1640 1050 igitur

100 1064 307 1113 sequente,
332 1059 499 1113 quidam
524 1059 699 1099 fratrum
731 1063 966 1100 nostrorum
990 1059 1058 1099 illo
1084 1059 1262 1109 devenit,
1287 1065 1327 1102 et
1353 1066 1446 1116 post
1467 1067 1637 1116 peracta

100 1125 309 1176 solemnia,
331 1131 378 1167 ut
400 1141 473 1181 pro
496 1125 628 1166 milite
649 1125 718 1165 illo
738 1140 879 1180 preces
902 1125 1082 1166 Domino
1104 1126 1346 1178 effunderet,
1371 1128 1636 1170 devotissime

99 1192 360 1247 supplicavit.
440 1192 517 1234 Oui
553 1192 615 1233 vir
640 1191 734 1242 Dei,
759 1196 784 1214 ‘⁶
803 1191 924 1242 Novi,
952 1191 1133 1234 Domino
1166 1193 1389 1245 revelante,
1421 1195 1517 1249 quia
1550 1195 1635 1236 Do-

98 1259 200 1300 mini
235 1260 453 1301 clementia
480 1259 517 1300 ei
538 1258 790 1300 auxiliatura
810 1263 885 1309 est,
911 1259 1007 1313 quia
1027 1260 1079 1300 ab
1101 1260 1276 1302 inimicis
1295 1261 1378 1303 suis
1399 1262 1629 1313 victoriam,

98 1327 380 1368 obtinentibus
413 1326 526 1368 beati
562 1326 781 1368 Outhberti
817 1326 987 1375 meritis,
1025 1326 1251 1382 adepturus
1287 1333 1363 1369 est.
1448 1328 1557 1370 Nam
1591 1329 1634 1370 in

97 1393 189 1435 visu
224 1393 500 1448 spiritualium
546 1393 717 1448 positus,
757 1392 839 1433 vidi
878 1392 1007 1443 illum,
1055 1409 1129 1448 pro
1171 1409 1250 1448 quo
1293 1394 1491 1450 postulas,
1538 1410 1632 1437 cum

97 1460 248 1501 aemulo
272 1476 344 1502 suo
377 1460 419 1501 in
438 1460 674 1501 certaminis
695 1459 783 1500 loco
806 1458 1035 1515 confligere,
1065 1460 1137 1502 sed
1167 1460 1404 1503 adversario
1434 1462 1562 1517 ipsius
1592 1463 1635 1504 in

95 1527 212 1568 illum
246 1527 370 1569 duros
400 1527 506 1569 ictus
529 1527 734 1576 vibrante,
768 1542 979 1581 nunquam
1008 1533 1232 1569 conatuum
1263 1528 1390 1583 ipsius
1420 1529 1635 1571 molimina

96 1593 431 1649 congredientem
462 1595 644 1650 potuisse
670 1593 920 1649 contingere.
983 1594 1093 1635 Nam
1115 1600 1263 1637 ventus
1284 1596 1506 1637 vehemens
1527 1612 1631 1638 sern-

94 1676 168 1716 per
203 1676 255 1702 ex
290 1661 455 1717 regione
494 1662 656 1703 diversa
698 1661 832 1712 irruit,
875 1659 990 1716 cujus
1030 1661 1163 1703 virtus
1214 1662 1460 1718 interposita
1489 1678 1631 1705 omnes

94 1727 253 1769 ictuum
272 1728 507 1769 ferientium
535 1728 716 1783 impetus
734 1727 799 1769 vel
830 1733 1002 1770 conatus
1024 1729 1201 1783 excepit,
1225 1734 1266 1770 et
1288 1730 1426 1771 omnia
1446 1730 1631 1772 ferientis

93 1795 250 1849 spicula
285 1794 529 1850 excipiendo
558 1794 700 1844 relisit,
723 1809 771 1835 ac
804 1795 1062 1836 attenuando
1098 1801 1248 1837 cuncta
1278 1796 1386 1838 illius
1420 1797 1630 1838 machina-

92 1866 234 1903 menta
258 1861 499 1917 suspendit3
533 1876 609 1902 nec
637 1861 733 1902 huic
768 1860 811 1901 in
838 1861 975 1915 aliquo
1003 1862 1174 1903 aemulus
1195 1860 1282 1917 ejus
1301 1878 1448 1904 nocere
1469 1879 1629 1919 praeva-

91 1927 182 1979 luit,
220 1928 315 1982 quia
354 1933 502 1970 ventus
536 1928 604 1969 ille
646 1943 740 1969 cum
783 1927 943 1983 impetu
982 1928 1167 1970 fervente
1208 1929 1435 1984 prosiliens,
1488 1946 1630 1972 omnes

90 1994 252 2036 ictuum
291 2000 429 2037 motus
470 1994 646 2050 excepit,
678 2000 803 2049 atque
838 1995 880 2035 in
918 1994 1005 2036 alta
1043 1995 1148 2037 aeris
1187 1996 1398 2038 evolantes
1433 1998 1627 2052 suspendi

91 2062 240 2117 coegit.
312 2061 439 2103 Unde
461 2063 604 2103 statim
630 2061 791 2103 adverti
816 2061 912 2116 quia
933 2077 1080 2103 manus
1102 2061 1273 2103 Domini
1294 2063 1410 2105 illum
1431 2064 1625 2119 protegit,

90 2143 138 2169 ac
161 2129 212 2169 de
236 2128 471 2171 adversario
494 2144 566 2170 suo
588 2128 647 2170 illi
671 2128 887 2170 victoriam
910 2128 1040 2170 dabit.
1079 2128 1239 2184 Nempe
1260 2128 1384 2172 flatus
1404 2130 1471 2172 ille
1494 2131 1563 2186 qui
1584 2132 1627 2172 in

90 2196 204 2236 venti
250 2195 564 2238 similitudinem
604 2196 914 2251 prorumpebat,
955 2194 1127 2251 alicujus
1160 2202 1397 2238 sanctorum
1428 2197 1522 2249 Dei,
1560 2197 1626 2239 ‘’id

89 2267 164 2313 est,
189 2262 311 2304 Beati
335 2263 569 2312 Guthberti,
608 2263 649 2303 in
686 2278 765 2316 quo
798 2263 1003 2317 praecipue
1037 2278 1152 2318 spem
1189 2278 1305 2305 suam
1336 2265 1623 2316 collocaverat,

87 2329 358 2384 protectionis
379 2329 581 2371 auxilium
605 2330 845 2384 praesignat.
907 2329 1089 2371 Proinde
1114 2330 1210 2371 novi
1232 2331 1328 2385 quia
1349 2332 1474 2374 duelli
1496 2338 1627 2374 certa-

87 2395 201 2437 mina
236 2397 389 2438 illaesus
420 2397 583 2446 evadet,
607 2411 656 2438 ac
676 2396 788 2437 facta
810 2396 916 2437 forte
937 2397 1050 2452 pacis
1071 2396 1219 2452 quietae
1242 2399 1472 2451 concordia,
1496 2399 1625 2442 victo-

134 2509 144 2530 ¹
173 2508 351 2555 Det-otus]
380 2508 534 2551 Quorum
552 2506 637 2540 alter
655 2506 895 2540 devotissimus
921 2507 1011 2540 circa
1028 2513 1163 2541 sanctos
1187 2508 1252 2541 Dei
1278 2509 1422 2552 exstitit,
1441 2515 1474 2542 et
1498 2509 1625 2543 amico-

86 2567 160 2589 rum
181 2556 307 2590 Christi
336 2555 511 2589 mediante
541 2554 691 2587 oratione
723 2560 755 2586 et
779 2554 896 2598 gratia,
916 2553 981 2587 Dei
1008 2554 1226 2588 clementiam
1253 2555 1318 2588 sibi
1347 2556 1525 2601 propitiam
1549 2555 1625 2589 fieri

87 2603 271 2636 studiosius
288 2602 476 2648 postulator
494 2600 650 2646 expetiit.
701 2600 795 2633 Inter
818 2600 884 2634 alia
909 2601 1011 2645 igitur
1037 2601 1198 2635 studiosae
1222 2602 1358 2647 pietatis
1377 2602 1496 2645 officia,
1515 2602 1556 2635 de
1574 2614 1626 2636 re—

85 2649 185 2694 gione
202 2661 279 2694 quae
296 2649 486 2694 Anglorum
504 2646 668 2681 vocabulo
688 2647 885 2680 Clivelande
905 2647 1039 2691 dicitur,
1057 2654 1192 2694 propter
1210 2649 1467 2694 circumpositas
1485 2648 1624 2682 collium

85 2696 205 2739 moles,
231 2708 269 2729 ac
294 2695 541 2729 munitissimas
563 2694 732 2727 montium
759 2694 912 2737 vertices,
937 2694 1055 2728 sedula
1081 2694 1261 2728 devotione
1292 2707 1370 2740 erga
1395 2695 1624 2729 venerandum

86 2743 313 2776 confessorem
333 2742 459 2775 Christi
479 2741 704 2775 Cuthbertum
724 2747 907 2784 exarserat,
927 2753 1027 2786 quem
1054 2741 1118 2774 sibi
1137 2748 1315 2787 patronum
1334 2742 1537 2786 singularem
1556 2754 1625 2788 prae

86 2790 218 2823 cunctis
245 2801 418 2823 servorum
442 2788 509 2822 Dei
534 2786 744 2821 solemnibus
768 2788 943 2821 memoriis
969 2788 1203 2821 constituerat.
1254 2788 1331 2821 Nec
1357 2800 1435 2822 eum
1459 2789 1492 2822 in
1511 2789 1624 2834 aliquo

84 2847 160 2881 spes
178 2836 309 2879 fefellit,
322 2836 400 2881 quia
417 2835 502 2868 miro
519 2834 620 2867 modo
639 2833 774 2877 adjutor
792 2835 865 2877 ejus
884 2840 917 2867 et
934 2840 1103 2879 protector
1121 2835 1155 2868 in
1174 2835 1331 2868 omnibus
1342 2835 1450 2871 affuit.
1478 2835 1624 2870 Proinde

77 2883 214 2926 juvenis
232 2883 296 2916 iste
314 2882 481 2925 militaris,
500 2881 621 2914 devoto
640 2880 750 2922 corde,
770 2880 947 2925 religiosae,
966 2880 1030 2915 &c.
1053 2880 1100 2915 H.

129 2929 142 2947 ²
167 2929 210 2963 Id
225 2929 303 2976 est]
332 2929 384 2963 Ac
401 2928 498 2972 forte,
517 2927 616 2961 Beati
637 2926 829 2970 Cuthberti,
851 2926 898 2960 H.
