1839 3186
530 220 590 251 ET
626 220 893 252 MIRACULIS
929 220 963 251 S.
990 221 1203 252 GODRICI.
1582 215 1632 253 49

104 325 249 367 seniles
283 324 411 365 nimia
440 324 654 366 debilitate
687 325 890 366 vastando
922 325 1104 380 depavit,
1130 324 1302 381 jamque
1334 327 1387 367 ad
1419 327 1515 369 vitae
1549 329 1634 369 exi—

102 397 192 433 tum
217 391 337 447 coepit
370 391 484 432 dolor
504 391 722 433 intestinus
742 392 906 447 gravior
923 392 1059 432 anheli
1081 393 1259 447 pectoris
1281 394 1471 448 spiritum
1494 411 1632 449 perur-

102 474 210 514 gere,
250 464 291 499 et
322 473 452 512 neque
482 459 593 500 vocis
634 459 839 512 loquelam
870 459 1111 513 permittere
1143 461 1208 500 vel
1239 461 1432 501 movendi
1464 462 1634 515 possibi—

102 525 264 566 litatem
293 525 519 580 indulgere,
549 526 746 580 praecluso
774 531 943 580 gutture
976 541 1139 567 omnem
1171 526 1331 567 aditum
1358 527 1542 569 ciborum
1563 529 1633 569 ob-

102 596 272 642 struere,
306 592 488 632 faucium
520 592 647 633 rictus
679 592 843 647 patulos
874 593 1077 633 horrendo
1107 593 1253 634 mortis
1275 595 1510 648 spectaculo
1537 611 1632 649 ape-

102 658 244 699 riendo
285 657 474 713 dejicere,
511 659 624 700 nulla
661 659 697 699 ei
730 659 877 713 quietis
911 664 983 700 aut
1012 660 1167 715 soporis
1198 665 1286 701 erat
1315 661 1536 711 alleviatio,
1562 662 1634 702 sed

101 725 246 767 mortis
289 725 413 767 solius
440 725 577 780 potius
617 726 797 780 pendula
841 731 882 767 et
920 726 1204 768 indubitabilis
1237 728 1507 782 exspectatio.
1570 728 1632 769 At

100 792 228 833 frater
246 792 312 833 ille
326 791 468 847 junior
487 797 650 833 tantam
673 792 708 833 ei
732 792 954 848 diligentiae
977 808 1116 834 curam
1144 794 1348 844 adhibuit,
1372 794 1481 848 quod
1502 810 1633 849 neque

101 859 154 900 ab
182 859 252 900 illo
286 874 490 913 quoquam
522 859 731 907 recedere;
767 859 839 900 sed
869 875 999 914 neque
1025 860 1171 901 somnii
1199 861 1379 914 quietem
1401 861 1632 915 aliquantu-

101 925 183 966 lam
218 927 425 981 percipere
459 926 645 967 voluerit.
717 926 838 967 Dixit
870 927 979 967 enim
1014 927 1120 968 inter
1157 942 1212 979 se,
1247 932 1272 949 “
1297 927 1449 969 Mortis
1480 927 1632 983 januas

100 1007 209 1033 nunc
242 992 442 1047 experiar,
478 997 519 1033 et
555 994 685 1046 qualis
716 993 768 1034 sit
803 993 1003 1035 transitus
1038 992 1217 1036 finientis
1248 995 1425 1036 hominis
1456 995 1629 1050 plenius,

101 1058 192 1099 Deo
206 1057 392 1114 jubente,
424 1058 664 1114 conjiciam3
700 1075 831 1114 neque
853 1059 962 1100 enim
985 1059 1152 1114 spiritns
1179 1061 1235 1101 sic
1269 1061 1319 1101 de
1350 1077 1518 1116 corpore
1540 1077 1631 1117 pro-

101 1126 299 1181 greditur,
334 1125 442 1180 quod
467 1141 492 1166 a
526 1126 694 1166 Domini
720 1126 903 1177 servulis,
944 1127 1031 1167 sola
1059 1142 1151 1180 quae
1177 1133 1273 1168 sunt
1299 1128 1530 1182 spiritualia
1562 1129 1630 1169 de-

100 1192 386 1242 siderantibus,
435 1207 514 1232 non
557 1193 760 1234 videatur.
851 1193 993 1247 Atque
1041 1193 1190 1248 dignus
1237 1194 1412 1235 exsistat
1468 1200 1631 1236 aeternae

100 1259 244 1301 mortis
279 1259 413 1301 subire
449 1259 661 1314 supplicia,
691 1260 759 1314 qui
792 1260 905 1315 prius
941 1258 1063 1315 hujus
1093 1265 1246 1301 nostrae
1283 1261 1428 1302 mortis
1456 1262 1632 1303 veracis-

100 1326 204 1367 sima
230 1331 374 1367 tenens
395 1326 557 1376 indicia,
585 1326 646 1368 sui
678 1342 759 1367 non
791 1327 914 1368 fuerit
936 1327 977 1367 in
1000 1332 1210 1382 posterum
1241 1327 1437 1382 providus
1460 1328 1630 1369 circum-

99 1398 260 1448 spector
285 1408 378 1434 cum
400 1393 633 1434 sollicitiore
657 1392 669 1414 ¹
684 1392 984 1448 providentia.’'

156 1460 174 1512 ᾗ
201 1462 269 1501 34.
301 1459 481 1513 Jamque
511 1475 615 1514 pene
645 1459 732 1501 dies
761 1460 956 1514 quindeni
982 1459 1239 1512 effluxerant,
1274 1467 1315 1502 et
1347 1476 1477 1516 neque
1503 1477 1630 1518 aegro-

97 1531 192 1567 tans
229 1526 281 1567 ab
312 1525 565 1568 infirmitatis
603 1526 793 1568 molestia
824 1527 1045 1578 convaluit,
1085 1528 1157 1569 sed
1192 1543 1267 1569 nec
1300 1528 1367 1568 ille
1399 1528 1540 1583 junior
1572 1530 1630 1570 illi

97 1592 348 1642 ministrans,
377 1592 420 1633 in
446 1593 553 1634 tanti
583 1593 780 1648 temporis
810 1594 944 1648 spatio
976 1594 1103 1648 quieti
1140 1594 1320 1649 corporis
1352 1609 1540 1636 somnum
1564 1612 1629 1637 ca-

97 1659 247 1714 piendo
287 1659 471 1701 indulsit.
543 1660 618 1701 Ille
650 1660 832 1714 quotidie
872 1676 913 1701 se
951 1662 1102 1702 sensim
1141 1661 1321 1702 deterius
1361 1662 1521 1711 habuit,
1562 1668 1629 1704 ut-

97 1731 192 1781 pote
226 1741 346 1780 quem
383 1741 492 1767 mors
522 1727 746 1768 saevissima
774 1728 967 1768 ultimum
995 1728 1162 1782 spiritus
1192 1728 1254 1769 sui
1281 1727 1426 1768 flatum
1458 1729 1629 1770 reddere

96 1793 325 1847 compulit;
374 1792 501 1833 istum
541 1808 637 1834 vero
678 1798 798 1834 tanta
832 1794 960 1835 moles
996 1809 1048 1835 ex
1085 1794 1316 1849 vigiliarum
1354 1795 1628 1836 diuturnitate

96 1859 256 1914 longius
285 1864 496 1914 protracta
518 1860 786 1914 opprimendo
815 1860 1025 1915 corripuit,
1050 1861 1159 1914 quod
1179 1861 1396 1915 palpebras
1417 1862 1627 1902 oculorum

95 1925 268 1966 ulterius
290 1925 445 1980 soporis
469 1926 636 1981 pigritia
660 1926 835 1967 retinere
853 1942 933 1967 non
953 1927 1100 1981 potuit.
1142 1927 1250 1979 Quid
1276 1927 1393 1981 plura
1414 1929 1430 1967 ?
1475 1928 1629 1970 Christi

96 1991 164 2032 ille
183 1992 427 2047 tyrunculus
456 1992 548 2047 plus
570 1992 753 2034 defectus
783 1993 930 2033 animae
963 2008 1107 2048 passus
1143 1999 1204 2035 est
1237 2009 1289 2034 ex
1320 1993 1446 2034 nimio
1472 1994 1625 2044 dolore,

98 2073 220 2112 quam
259 2073 406 2113 corpus
449 2058 678 2100 arefactum
720 2059 935 2100 contabuit
977 2074 1029 2100 ex
1072 2060 1206 2100 diurni
1249 2059 1404 2114 soporis
1440 2060 1623 2102 exinani--

53 2153 56 2156 -
95 2125 217 2167 tione.
282 2125 405 2166 Vires
436 2125 512 2166 sibi
539 2125 680 2166 intulit
710 2131 758 2167 ut
789 2141 978 2167 somnum
1008 2127 1215 2176 evaderet,
1246 2132 1289 2166 at
1321 2132 1483 2167 naturae
1508 2127 1627 2182 fragi-

95 2191 190 2232 litas
212 2191 337 2232 etiam
358 2191 535 2232 invitum
557 2192 755 2246 compulit
776 2198 823 2233 ut
845 2192 1021 2233 nolendo
1043 2198 1267 2247 soporaret.
1331 2192 1444 2233 Dum
1467 2193 1628 2234 2move—

97 2262 178 2305 tur,
224 2273 367 2313 sopore
406 2257 678 2313 dep1·imitur;
719 2259 818 2300 dum
863 2259 971 2300 ulnis
1012 2259 1245 2308 inclinatur,
1290 2264 1414 2313 caput
1452 2259 1626 2300 deciduo

94 2322 204 2365 flexu
237 2324 478 2372 subruitur3
518 2325 618 2365 dum
652 2325 868 2379 gradiendi
902 2326 1077 2380 vestigia
1111 2325 1302 2366 innititur
1346 2326 1625 2376 nutabundus,

96 2390 180 2430 solo
214 2396 332 2431 tenus
365 2391 601 2445 ignoranter
630 2392 874 2446 quandoque
907 2392 1204 2446 prosternitur3
1251 2406 1424 2445 cumque
1451 2392 1626 2446 denique

94 2456 170 2497 sibi
202 2457 436 2498 nullatenus
468 2457 727 2498 abstinentiae
756 2458 883 2499 fraena
907 2458 1089 2512 qualibet
1120 2458 1222 2499 artis
1245 2458 1450 2498 industria
1488 2464 1625 2512 posset

96 2521 317 2577 imponere,
354 2523 439 2578 ipse
470 2538 565 2565 Vero
601 2524 791 2578 spiritum
828 2524 1062 2566 exhalantis
1104 2540 1125 2565 e
1160 2539 1328 2578 corpore
1375 2524 1621 2565 omnimodis

94 2594 256 2642 optaret
296 2589 491 2644 aspicere.
555 2589 785 2632 Conversus
821 2591 874 2631 ad
912 2591 1156 2631 morientem
1191 2590 1256 2631 his
1287 2590 1422 2631 verbis
1455 2605 1623 2631 exorsus

92 2659 183 2702 est3
220 2660 245 2677 “
266 2655 301 2696 Ο
327 2655 507 2710 spiritus,
543 2656 610 2709 qui
639 2656 692 2697 ad
714 2657 793 2697 Dei
821 2657 1131 2698 similitudinem
1167 2656 1209 2697 in
1239 2671 1405 2710 corpore
1434 2656 1513 2696 isto
1546 2656 1624 2696 dist

90 2719 284 2771 funderis,
307 2726 348 2762 et
384 2722 560 2776 pectoris
581 2722 700 2764 istius
732 2723 868 2764 adhuc
900 2724 942 2764 in
968 2723 1165 2764 interiora
1186 2722 1451 2772 concluderis,
1476 2720 1622 2776 adjuro

139 2841 146 2859 ¹
169 2841 412 2887 Providentim]
440 2841 558 2875 Above
571 2841 639 2874 this
658 2841 748 2874 word
762 2841 796 2873 in
817 2841 857 2874 B.
872 2841 900 2874 is
911 2841 1043 2874 written
1059 2840 1304 2885 “prudentia’'
1358 2840 1416 2873 No
1435 2840 1517 2873 such
1535 2840 1625 2884 gloss

92 2897 208 2920 occurs
227 2888 259 2920 in
278 2888 324 2922 H.

137 2934 148 2951 ²
178 2932 368 2977 llfflmetwn]
396 2933 569 2975 Monetur,
590 2934 635 2967 H.

1403 2999 1426 3023 E
