1839 3186
584 245 643 275 ET
680 243 946 276 MIRACULIS
984 243 1018 274 S.
1046 242 1258 274 GODRICI.
1605 232 1686 271 165

145 356 187 393 et
209 350 365 407 juvene
390 350 480 407 jam
513 351 703 406 spiritum
739 350 971 398 emittente,
994 348 1144 388 iterum
1167 346 1344 388 Sanctus
1373 344 1452 385 Dei
1486 343 1620 393 rediit,
1648 350 1689 385 et

145 419 261 471 quasi
288 419 472 459 foramen
501 417 747 472 praedictum
781 415 980 457 introiens
1010 413 1127 464 abiit,
1154 418 1194 453 et
1219 427 1421 466 nusquam
1443 411 1688 465 comparuit.

146 483 264 525 Tunc
285 484 476 525 mulieres
500 483 743 524 aecedentes
754 481 957 537 juvenem
971 479 1063 535 jam
1086 479 1329 520 defunctum
1354 477 1622 531 reperierunt,
1646 482 1687 517 et

146 551 254 604 quod
275 566 348 606 per
368 550 518 591 merita
539 549 616 591 viri
638 549 719 589 Dei
747 548 887 589 anima
914 547 1022 588 illius
1051 546 1174 587 saluti
1197 546 1352 586 donata
1380 543 1524 584 fuisset
1547 543 1686 584 certis-

145 617 245 658 sime
282 621 577 671 cognoverunt.
654 615 879 669 Nunquam
918 613 1026 654 enim
1064 612 1167 653 adeo
1199 611 1402 653 instanter
1438 609 1685 663 egredientis

145 683 283 724 anima
305 682 567 737 protexisset,
585 683 617 724 si
638 697 729 723 eam
744 681 797 722 acl
814 682 903 722 loca
920 679 1149 735 penetralia
1166 677 1448 726 transituram,
1467 676 1508 716 in
1527 675 1607 715 Dei
1616 674 1684 730 ju-

146 749 253 790 dicio
268 754 308 790 et
331 749 703 804 praedestinationis
720 747 823 803 Ejus
840 748 1018 796 decreto,
1040 744 1156 801 cujus
1178 743 1407 800 praesentiae
1422 757 1516 783 011111
1539 742 1686 783 ceteris

145 816 297 857 sanctis
310 814 469 870 jugiter
490 830 650 870 semper
671 814 839 864 assistit,
862 813 1155 868 praesensisset.
1189 812 1317 852 Mane
1339 825 1436 851 vero
1458 809 1567 849 facto
1590 823 1684 848 cum

144 889 262 936 pater
279 882 501 923 adveniens
515 887 555 922 et
580 882 805 922 monachus
827 880 882 921 ibi
905 879 1131 921 consistens
1149 878 1296 932 saepius
1309 876 1470 932 jugatis
1490 876 1620 916 bobus
1642 875 1683 915 in

145 963 259 989 carro
294 963 440 1002 corpus
472 948 655 988 defuncti
691 947 746 988 ad
779 946 1058 988 coemeterium
1081 944 1203 985 Beati
1228 942 1449 985 Outhberti
1482 941 1683 982 humandi

145 1029 268 1056 causa
290 1014 556 1055 deferendum
578 1014 828 1063 laborarent,
852 1027 1013 1067 semper
1034 1026 1155 1052 omne
1177 1010 1302 1051 robur
1323 1015 1411 1051 tam
1433 1009 1537 1049 carri
1559 1022 1683 1062 quam

144 1081 269 1121 boum
292 1081 487 1128 dissiluit3
529 1095 582 1121 ex
603 1080 751 1134 quibus
773 1079 872 1121 satis
898 1078 1076 1119 dabatur
1097 1076 1272 1131 intelligi
1290 1075 1401 1130 quod
1421 1075 1489 1115 ille
1511 1075 1580 1128 qui
1597 1073 1682 1115 ani—

143 1162 256 1188 mam
288 1147 535 1202 egredientis
567 1147 657 1187 Deo
689 1145 1018 1187 commendando
1052 1148 1305 1199 protexerat,
1344 1140 1431 1197 ejus
1462 1155 1609 1195 corpus
1639 1141 1682 1181 in

143 1214 297 1268 proprii
318 1213 446 1254 fundo
468 1213 689 1254 coemeterii
707 1211 988 1267 sepeliendum
1012 1210 1225 1264 coegebat.
1290 1208 1412 1260 Quod
1435 1207 1601 1248 demum
1622 1207 1682 1247 in-

142 1280 376 1335 telligentes
406 1280 466 1321 ita
495 1280 640 1330 fecere,
666 1284 707 1320 et
730 1280 780 1320 de
802 1282 947 1319 contra
971 1276 1233 1332 sepulchrum
1256 1274 1330 1317 viri
1358 1274 1440 1315 Dei
1470 1278 1590 1315 extra
1610 1288 1680 1328 pa-

142 1346 288 1387 rietem
311 1362 406 1387 eum
428 1346 635 1401 sepeliere.

202 1413 312 1454 Haec
347 1413 486 1454 omnia
520 1413 578 1453 1111
606 1412 674 1466 qui
705 1410 927 1452 interfuere
959 1409 1185 1451 certissime
1224 1412 1426 1457 asserunt,
1464 1422 1548 1448 una
1586 1421 1680 1447 011111

141 1479 382 1521 mulieribus
403 1477 592 1520 fidelibus
606 1494 698 1533 quae
716 1477 792 1520 viri
815 1477 896 1519 Dei
916 1477 1065 1519 faciem
1086 1475 1171 1517 sine
1185 1474 1297 1516 omni
1318 1474 1464 1516 erroris
1485 1473 1679 1528 ambiguo

143 1551 423 1601 cognoverunt
445 1551 486 1587 et
510 1545 741 1587 ¹viderunt.

191 1655 199 1674 ¹
234 1655 404 1690 Viderunt.
470 1655 553 1689 This
579 1656 731 1690 incident
761 1656 789 1690 is
818 1656 897 1689 thus
925 1654 1080 1688 narrated
1106 1654 1141 1687 in
1169 1653 1227 1687 the
1254 1652 1416 1686 Harleian
1439 1649 1677 1694 Manuscript:

142 1702 241 1735 “Vir
258 1702 396 1747 quidam
450 1702 656 1736 unelmensis
681 1703 790 1736 fuerat
815 1702 905 1735 beati
924 1701 1064 1735 Godrici
1091 1701 1171 1734 dum
1189 1700 1315 1733 viveret
1342 1697 1554 1742 negotiorum
1579 1696 1678 1729 fami-

141 1748 262 1782 liarum
290 1755 495 1793 procurator.
547 1749 614 1791 Qui
641 1761 718 1782 011111
743 1755 832 1782 esset
858 1749 1069 1792 conjugatus,
1099 1747 1209 1780 filium
1237 1746 1272 1779 111
1297 1744 1462 1778 adulterio
1490 1742 1608 1787 genuit
1633 1754 1677 1775 ex

143 1794 342 1829 concubina.
394 1795 496 1828 Hunc
514 1795 695 1840 aliquando
719 1795 880 1840 perduxit
898 1795 940 1828 ad
959 1795 1066 1827 virum
1085 1793 1162 1836 Dei,
1181 1800 1214 1826 et
1233 1792 1321 1825 dixit
1340 1791 1369 1825 ei
1387 1803 1393 1824 :
1421 1792 1429 1808 ‘
1445 1790 1554 1831 Pater,
1573 1788 1675 1821 bene-

143 1842 198 1875 dic
221 1842 291 1875 filio
316 1853 393 1875 meo
419 1853 519 1886 quem
539 1842 653 1886 diligo,
674 1842 827 1887 quamvis
846 1853 923 1874 eum
949 1840 1124 1885 genuerim
1151 1840 1185 1873 111
1209 1837 1384 1880 adulterio,
1404 1842 1438 1870 et
1463 1847 1559 1880 spero
1586 1834 1677 1880 quod

143 1889 208 1921 sim
225 1888 335 1921 adhuc
353 1888 394 1921 ab
413 1899 452 1920 eo
478 1888 623 1921 Missam
648 1900 707 1933 per
734 1888 797 1921 Dei
823 1888 966 1932 gratiam
993 1886 1193 1920 auditurus!
1244 1885 1309 1918 Cui
1328 1885 1377 1917 vir
1395 1889 1531 1916 sanctus
1548 1894 1554 1916 :
1583 1883 1591 1899 ‘
1605 1881 1633 1914 F
1637 1893 1675 1914 ac

143 1935 245 1977 eum,'
265 1934 383 1979 inquit,
403 1934 546 1968 ‘litteris
573 1934 756 1977 informari,
776 1935 854 1979 quia
879 1939 990 1979 potest
1016 1945 1089 1966 esse
1114 1932 1213 1965 bonae
1231 1931 1354 1964 indolis
1372 1929 1592 1968 adolescens3
1620 1939 1675 1960 ve>-

143 1987 321 2014 runtamcn
339 1981 381 2014 ad
400 1980 551 2014 ordinem
570 1981 748 2014 sacerdotii
767 1993 833 2013 non
852 1979 1044 2025 pertinget’
1070 1980 1152 2013 Post
1170 1984 1313 2011 mortem
1332 1976 1445 2010 Sancti
1465 1974 1604 2008 Godrici
1618 1973 1675 2007 ille

143 2027 349 2070 adolescens,
380 2027 415 2060 111
438 2027 522 2060 silva
550 2039 653 2072 prope
686 2027 900 2060 Finchaliam
928 2026 1081 2060 incidens
1110 2025 1251 2069 lignum,
1282 2023 1390 2057 securi
1419 2022 1541 2067 pedem
1576 2031 1675 2053 suum

140 2073 285 2118 graviter
303 2073 500 2107 vulneravit.
551 2073 693 2107 Delatus
719 2074 753 2107 in
772 2073 997 2115 Finchaliam,
1014 2084 1073 2117 per
1091 2072 1242 2105 triduum
1266 2080 1419 2103 cruorem
1442 2067 1581 2100 fundere
1607 2078 1674 2099 non

143 2120 296 2154 cessavit.
349 2120 503 2164 Cumque
527 2119 693 2153 laboraret
718 2120 753 2154 in
778 2119 952 2163 extremis,
971 2119 1062 2152 venit
1089 2118 1129 2151 de
1154 2123 1253 2150 nocte
1279 2117 1423 2149 Sanetus
1442 2114 1621 2156 Godricus,
1641 2118 1674 2145 et

142 2177 282 2199 manum
300 2178 400 2211 super
417 2178 454 2199 os
471 2166 562 2199 illius
581 2166 745 2210 extendit,
770 2177 967 2210 moramque
993 2164 1236 2209 aliquantulam
1262 2163 1298 2196 in
1321 2162 1386 2195 1100
1411 2160 1503 2196 facit.
1552 2159 1676 2192 Postea

144 2213 319 2258 disparuit,
337 2219 369 2245 et
388 2213 444 2257 qui
463 2218 556 2246 erant
574 2213 608 2246 in
627 2213 726 2246 domo
744 2212 944 2246 accedentes
970 2211 1219 2244 adolescentem
1246 2209 1422 2243 inveniunt
1443 2208 1517 2250 jam
1535 2205 1675 2239 defune-

143 2265 226 2302 tum,
246 2259 432 2292 certissime
449 2265 690 2303 cognoscentes
709 2259 797 2304 quod
819 2265 907 2292 esset
924 2258 1023 2291 beato
1042 2257 1190 2291 Godrico
1204 2257 1344 2300 juvante
1371 2260 1519 2288 sanatus.
1569 2252 1674 2285 Mane

143 2306 243 2348 facto,
261 2312 355 2350 pater
372 2305 463 2338 illius
490 2317 620 2338 carrum
645 2311 810 2351 praeparat
826 2317 892 2350 quo
916 2316 1036 2349 corpus
1057 2303 1269 2337 humandum
1297 2302 1331 2334 in
1357 2300 1473 2334 Sancti
1493 2298 1672 2332 Cuthberti

144 2352 324 2385 cemeterio
342 2351 521 2385 deferatur.
572 2351 638 2384 Sed
657 2363 734 2384 cum
760 2357 872 2396 partes
898 2347 985 2384 carri
1009 2350 1120 2383 subito
1147 2349 1340 2390 dissilirent,
1361 2354 1394 2380 et
1418 2346 1520 2379 boves
1546 2357 1612 2377 non
1636 2356 1672 2377 se

143 2398 377 2443 permitterent
406 2398 588 2442 subjugari,
615 2398 752 2431 tandem
783 2397 1025 2431 intellexerunt
1054 2396 1192 2430 beatum
1216 2394 1403 2428 Godricum
1432 2392 1516 2426 illud
1546 2391 1579 2423 111
1610 2402 1671 2423 suo

143 2444 229 2477 velle
246 2444 427 2477 cemeterio
452 2444 597 2488 sepeliri.
648 2444 877 2486 Quamobrem
895 2448 1011 2477 contra
1035 2443 1228 2488 sepulcrum
1246 2440 1360 2474 Sancti
1388 2445 1484 2473 extra
1508 2437 1669 2483 parietem

142 2497 313 2524 mortuum
332 2490 590 2524 condiderunt.'’
