1839 3186
195 176 277 220 172
706 187 943 220 LIBELLUS
977 187 1042 219 DE
1078 188 1194 220 VITA

187 291 332 348 jocosa
366 291 632 347 simplicitate
665 290 851 346 proloqui
889 291 1113 343 consuevit,
1150 292 1246 347 quia
1288 294 1521 335 naturalem
1561 293 1730 350 spiritus

195 359 323 415 ipsius
356 358 632 401 substantiam
664 358 951 413 conspectibus
985 374 1069 399 non
1100 373 1218 414 posse
1255 359 1506 414 deprehendi
1537 361 1732 402 humanis

197 426 426 482 persensit3
462 441 623 481 nempe,
654 429 701 466 ut
723 424 873 474 aiebat,
907 424 1083 467 visiones
1117 424 1365 481 hujusmodi,
1399 442 1487 481 quae
1522 427 1572 468 de
1608 428 1731 469 rebus

197 492 480 548 spiritualibus
503 490 719 534 visibiliter
753 491 1040 547 perceptibiles
1075 497 1184 543 sunt,
1213 492 1432 548 spirituum
1453 494 1635 549 ipsorum
1658 509 1730 535 na-

197 559 351 601 turales
373 560 559 600 essentiae
588 574 670 600 non
691 563 800 609 sunt,
823 557 864 598 in
886 573 967 612 qua
1002 573 1075 613 pro
1104 559 1350 602 conditionis
1379 575 1463 602 suae
1495 560 1730 602 admirabili

198 626 379 682 puritate
405 626 648 667 consistunt.
710 624 772 666 At
810 625 965 679 species
993 624 1076 676 illa,
1114 640 1203 679 quae
1237 626 1498 682 conspicitur,
1522 626 1731 681 quoddam

199 698 261 734 est
282 692 543 734 individuum
571 691 743 741 visibile,
773 706 852 745 quo
880 691 951 732 illa
971 691 1205 733 substantia
1242 692 1502 735 invisibiliter
1533 693 1729 749 operitur,

197 764 246 800 ut
267 759 310 800 id
333 758 442 813 quod
459 764 520 800 est
544 758 760 809 invisibile,
783 758 858 799 sub
880 756 1053 814 alicujus
1077 757 1359 814 intelligentiae
1381 759 1513 801 forma
1546 760 1731 816 capabile

200 825 415 867 efficiatur.
478 824 650 866 Visione
686 839 782 866 vero
832 824 996 866 sublata
1033 825 1086 865 ab
1130 826 1259 867 oculis
1302 826 1600 877 contuentium,
1650 826 1732 868 Dei

190 890 350 948 judicio
372 890 654 947 praemirabili,
683 890 885 946 praeteriit
922 896 963 932 et
1002 891 1180 934 elabitur
1200 891 1243 933 id
1267 892 1377 947 quod
1398 897 1486 934 erat
1507 892 1733 949 spiritualis

199 958 440 1000 substantiae
462 958 728 1013 perceptibile
753 957 1068 1013 operimentum.

258 1025 276 1078 ᾧ
303 1027 399 1067 162.
433 1024 555 1065 Vidit
576 1024 703 1080 igitur
732 1039 873 1066 servus
895 1024 975 1065 Dei
996 1024 1178 1066 animam
1200 1023 1275 1066 viri
1312 1024 1354 1066 in
1386 1025 1532 1067 coelum
1568 1026 1730 1078 deferri,

199 1096 241 1133 et
263 1092 320 1133 illi
343 1091 431 1133 00011
445 1089 597 1146 januas
617 1107 642 1133 a
662 1090 796 1132 beatis
828 1091 1050 1146 Spiritibus
1076 1090 1273 1146 ¹aperiri3
1308 1096 1350 1132 et
1389 1107 1495 1143 ecce,
1519 1108 1602 1135 vox
1620 1093 1733 1134 facta

200 1164 263 1200 est
280 1158 316 1199 ei
339 1158 389 1199 de
412 1158 589 1207 sublimi,
614 1158 766 1208 dicens,
801 1162 826 1180 ‘⁶
850 1157 1006 1198 Venite
1040 1173 1149 1199 nunc
1185 1158 1307 1200 amici
1340 1159 1441 1210 Mei,
1465 1159 1602 1201 venite
1622 1175 1732 1201 nunc

200 1225 322 1267 amici
349 1225 478 1266 Meiff'
548 1224 727 1280 Spiritus
749 1224 914 1265 interim
935 1224 1043 1266 illius
1069 1240 1094 1266 a
1124 1225 1297 1266 coetibus
1321 1226 1474 1267 sanctis
1499 1226 1730 1281 suscipitur,

202 1297 244 1334 et
275 1292 501 1333 multorum
537 1291 707 1347 collegio
743 1290 1093 1333 circumvallatur.
1156 1291 1235 1332 Vir
1264 1291 1392 1347 igitur
1413 1292 1493 1333 Dei
1515 1293 1594 1334 iter
1623 1293 1732 1335 illius

201 1359 319 1400 oculo
346 1358 653 1414 contemplante
688 1357 960 1413 prosequitur,
986 1362 1028 1399 et
1049 1357 1175 1399 nimio
1207 1358 1495 1401 exsultationis
1515 1359 1667 1415 gaudio
1690 1360 1733 1401 in

201 1425 444 1467 suavissima
466 1423 730 1480 jocunditate
758 1424 1000 1466 delectatur.
1065 1424 1187 1466 Vidit
1210 1425 1316 1465 enim
1355 1425 1451 1480 quia
1482 1441 1574 1467 cum
1607 1426 1732 1467 comi-

200 1498 293 1534 tatu
315 1492 518 1547 Angelico
551 1492 670 1533 coelos
700 1491 886 1533 ascendit
915 1496 956 1532 et
977 1491 1176 1542 introivit,
1210 1496 1251 1533 et
1286 1492 1490 1534 veridicus
1520 1493 1640 1535 testis
1669 1508 1732 1535 as-

201 1559 322 1609 sistit,
370 1558 466 1613 quia
500 1563 667 1599 aeternae
700 1558 970 1600 beatitudinis
1001 1563 1154 1600 sortem
1185 1559 1425 1614 promeruit,
1463 1559 1529 1600 cui
1567 1560 1732 1602 obviam

199 1625 374 1667 coelestis
402 1626 516 1681 regni
541 1623 694 1680 januas
716 1624 921 1666 Dominus
952 1626 1164 1667 reseravit.
1236 1624 1363 1667 Unde
1393 1625 1609 1680 aliquoties
1642 1642 1733 1682 per-

201 1693 493 1734 cunctantibus
533 1692 652 1734 nobis
683 1691 782 1746 quid
818 1691 869 1732 de
908 1691 1055 1747 spiritu
1075 1691 1246 1733 abbatis
1283 1692 1411 1747 ipsius
1442 1692 1608 1734 credere
1638 1708 1733 1749 pos-

200 1774 350 1810 semus,
380 1758 503 1809 dixit,
538 1764 562 1780 “
589 1758 767 1800 Utinam
796 1763 837 1800 et
873 1774 948 1800 nos
980 1773 1090 1800 1111110
1130 1774 1223 1800 011111
1260 1774 1308 1799 eo
1336 1759 1377 1799 111
1416 1759 1568 1801 coelesti
1602 1760 1734 1815 gloria

201 1831 409 1867 consortes
443 1840 648 1874 essemus;
688 1825 824 1867 adhuc
855 1826 1020 1880 quidem
1043 1825 1214 1880 ²aliquis
1246 1826 1288 1867 in
1314 1826 1393 1867 hac
1415 1841 1536 1867 carne
1567 1841 1732 1881 corrupa

201 1892 306 1933 tibili
343 1897 418 1943 est,
453 1891 522 1947 qui
554 1892 682 1933 oculis
713 1892 918 1947 corporeis
944 1892 1072 1947 ipsius
1108 1892 1289 1933 animam
1316 1908 1341 1933 a
1362 1893 1496 1934 carnis
1523 1892 1732 1948 ergastulo

200 1959 433 2000 absolutam
470 1958 591 2007 vidit,
632 1964 673 2000 et
712 1959 831 2000 coelos
869 1963 1155 2013 penetrantem
1193 1959 1398 2013 Angelica
1430 1959 1627 2000 societate
1662 1959 1734 2000 do-

201 2030 344 2066 natam
365 2025 622 2080 conspexit.''
684 2024 790 2066 Haec
826 2040 919 2066 cum
954 2025 1217 2066 lacrimarum
1240 2025 1373 2066 multa
1395 2025 1611 2066 dulcedine
1640 2041 1733 2081 pro-

201 2092 448 2142 testabatur,
474 2096 515 2132 et
539 2091 594 2132 ad
618 2091 719 2133 vitae
751 2096 917 2132 aeternae
951 2091 1215 2143 desiderium,
1241 2106 1364 2146 quam
1385 2091 1452 2132 ille
1476 2097 1729 2147 perceperat,

201 2173 275 2200 nos
298 2158 540 2213 suspirando
565 2157 757 2199 anhelare
781 2158 1090 2200 cohortabatur.

269 2225 414 2279 §163
449 2224 626 2265 Noctem
662 2224 789 2279 igitur
822 2224 935 2265 illam
980 2223 1137 2265 ³totam
1178 2224 1220 2265 in
1254 2224 1446 2266 laudibus
1481 2224 1630 2266 divinis
1660 2240 1732 2265 ex-

200 2290 373 2347 pendit;
408 2290 513 2331 etin
540 2289 731 2341 crastino,
768 2305 862 2331 cum
893 2295 987 2346 post
1018 2290 1243 2332 Missarum
1265 2291 1479 2332 sollemnia
1510 2291 1732 2333 Eucharis-

201 2358 304 2400 tiam
326 2357 588 2412 percepisset,
622 2356 849 2398 4sacerdoti
870 2373 942 2398 suo
965 2357 1015 2398 de
1041 2373 1206 2412 egressu
1239 2357 1408 2412 spiritus
1428 2358 1504 2399 viri
1527 2357 1607 2398 Dei
1628 2373 1731 2412 prae-

201 2424 322 2466 dixit.
386 2423 513 2464 Unde
556 2422 785 2464 admiratus
816 2424 884 2465 ille
918 2424 1045 2465 frater
1083 2424 1152 2478 qui
1191 2424 1227 2465 ei
1265 2424 1490 2465 Missarum
1531 2423 1731 2480 mysteria

247 2535 257 2555 ¹
276 2532 441 2579 Aperiri]
468 2533 614 2578 Aperiri.
664 2531 727 2565 Ille
744 2532 846 2576 igitur
864 2532 926 2565 iter
944 2531 1034 2565 illius
1053 2530 1161 2575 oculo,
1180 2531 1227 2565 H.
1246 2531 1403 2576 omitting
1419 2532 1477 2565 the
1495 2531 1731 2565 intermediate

200 2593 352 2627 passage.

243 2628 257 2648 ²
273 2626 434 2672 Aliquis]
460 2625 672 2670 Concerning
689 2624 756 2658 this
782 2635 884 2669 usage
903 2624 940 2657 of
961 2624 1009 2657 St.
1022 2623 1148 2657 Godric
1166 2623 1200 2656 in
1219 2623 1383 2669 speaking
1407 2624 1444 2657 of
1463 2623 1604 2658 himself
1619 2625 1653 2657 in
1672 2624 1730 2658 the

201 2674 290 2708 third
308 2685 440 2719 person,
458 2684 513 2706 see
534 2670 551 2717 ξ
571 2675 603 2705 5.

247 2722 261 2742 ³
284 2721 398 2754 Totam
417 2720 450 2753 in
469 2717 646 2765 laudibus]
676 2717 749 2751 The
773 2717 852 2762 vigil
878 2716 915 2749 of
934 2717 1115 2749 Pentecost
1132 2727 1200 2749 was
1226 2716 1432 2749 solemnized
1454 2716 1534 2749 with
1557 2717 1614 2750 the
1637 2728 1730 2750 same

201 2778 379 2801 revcronce
395 2778 432 2799 as
449 2766 522 2799 that
540 2766 577 2799 of
591 2765 721 2798 Easter.
772 2764 834 2797 See
853 2764 1019 2806 Mai-tene,
1039 2762 1080 2795 dc
1098 2762 1215 2807 Antiq.
1236 2762 1397 2796 Monach.
1417 2763 1564 2807 Ritibus,
1583 2776 1614 2809 p.
1633 2765 1712 2798 489.

248 2815 261 2834 ⁴
280 2813 449 2847 Sacerdoti
464 2811 548 2858 sua]
579 2811 618 2844 In
641 2812 682 2845 Β.
701 2810 795 2844 these
813 2810 922 2842 words
942 2821 997 2842 are
1015 2809 1147 2842 written
1172 2808 1306 2854 beyond
1325 2809 1381 2843 the
1398 2809 1467 2843 linc
1483 2822 1491 2851 3
1515 2810 1597 2855 they
1611 2808 1653 2843 do
1670 2814 1727 2842 not

203 2872 303 2894 occur
319 2860 353 2893 in
374 2860 435 2903 Η.,
452 2859 562 2893 which
582 2858 702 2892 inserts
721 2859 740 2876 “
754 2856 834 2890 illi''
852 2856 936 2889 after
954 2857 975 2874 ‘⁶
988 2855 1091 2889 Dei.''
