1839 3186
184 177 267 216 122
706 183 938 215 LIBELLUS
973 183 1036 214 DE
1073 183 1187 214 VITA

180 388 268 413 CAP.
292 387 360 413 LII.
412 386 616 416 QUALITER
647 386 777 412 VACCA
808 386 898 411 VlRI
941 386 1011 411 DEI
1047 385 1228 411 SAEVIENS
1258 385 1483 412 PUERULUM
1514 386 1555 412 EI
1584 387 1718 412 MINIS-

239 454 435 480 TRANTEM
467 453 662 479 CORNIBUS
710 453 958 485 EXCEPER1T3
1025 453 1096 477 SED
1127 453 1215 478 EUM
1247 453 1414 479 LAEDERE
1444 454 1528 479 NON
1559 454 1716 480 PRAESU-

240 521 363 556 MENS,
397 522 452 546 AD
484 520 647 546 SERVUM
679 520 747 545 DEI
783 520 912 545 ILLUM
945 519 1186 545 DETULERIT.
1206 503 1219 525 1

241 621 384 676 §1]4.
417 620 538 661 PUER
571 620 740 674 quidam
776 620 973 675 parvulus
1009 619 1052 660 in
1089 618 1211 660 domo
1233 619 1310 661 viri
1332 619 1413 661 Dei
1435 623 1712 670 conversatus,

180 686 268 743 ejus
295 692 384 729 erat
416 687 592 742 negotiis
630 686 904 728 exterioribus
939 685 1060 741 2post
1092 686 1181 727 haeo
1210 686 1447 741 deputatus.
1518 686 1715 728 Nesoiens

179 754 306 809 igitur
335 753 540 808 quomodo
563 768 688 794 vacca
723 751 810 808 ejus
842 753 1058 807 praeceptis
1090 768 1233 807 parere
1271 753 1495 803 consuevit,
1535 753 1715 807 quadam

182 821 247 862 die
279 821 410 875 ipsam
432 825 671 875 pascentem
692 820 733 861 in
756 819 865 875 agris
886 819 1105 874 reperiens,
1129 835 1220 860 eam
1242 821 1453 875 exagitare
1476 824 1516 860 et
1538 819 1715 861 stimulis

180 903 324 942 urgere
347 888 481 941 coepit.
545 886 769 942 Indignata
800 886 974 940 denique
1010 886 1092 937 illa,
1126 886 1368 940 quantocius
1402 900 1626 941 properans
1656 886 1712 927 ad

179 969 354 1009 puerum
389 953 580 1004 accurrit,
617 958 659 994 et
695 953 813 994 illum
852 953 960 994 inter
996 968 1149 994 cornua
1184 953 1406 1008 excipiens,
1442 968 1536 994 cum
1576 953 1711 994 furore

179 1021 306 1062 nimio
328 1026 369 1062 et
391 1020 550 1074 impetu
570 1036 698 1074 usque
728 1020 783 1061 ad
804 1020 956 1062 ostium
983 1019 1142 1069 domus,
1174 1020 1216 1060 in
1239 1035 1319 1074 qua
1340 1020 1403 1061 vir
1424 1019 1505 1060 Dei
1525 1019 1711 1060 demora-

180 1088 317 1138 batur,
368 1087 504 1142 ipsum
553 1087 803 1142 deportavit.
890 1086 1092 1141 Egressus
1129 1086 1256 1142 igitur
1297 1087 1360 1128 vir
1402 1086 1494 1136 Dei,
1538 1101 1712 1140 puerum

181 1154 359 1196 brachiis
394 1154 656 1208 complexum
693 1154 743 1194 de
775 1153 912 1194 medio
944 1168 1144 1194 cornuum
1174 1153 1355 1203 sustulit,
1388 1158 1429 1194 et
1450 1153 1628 1194 illaesum
1660 1152 1711 1194 de

179 1221 316 1262 furore
337 1221 525 1262 animalis
549 1220 803 1275 indignantis
822 1219 986 1275 eripuit.

239 1288 290 1329 In
315 1287 461 1342 quibus
491 1287 572 1329 tria
606 1287 810 1342 praecipue
837 1302 962 1341 opera
998 1286 1078 1327 Dei
1109 1286 1373 1342 permiranda
1408 1285 1706 1341 comperimus:

181 1355 372 1410 primum,
415 1354 525 1408 quod
564 1353 717 1395 animal
759 1354 928 1395 brutum
966 1353 1107 1394 domni
1152 1353 1214 1395 sui
1250 1369 1413 1395 servum
1448 1352 1608 1402 leedere,
1647 1352 1713 1394 vel

178 1422 327 1464 vulnus
363 1420 559 1476 infligere,
594 1421 817 1469 extimuit3
854 1420 926 1462 sed
961 1425 1101 1461 tamen
1129 1425 1341 1462 exterrens
1378 1419 1710 1475 praesumptionis

179 1489 288 1530 illius
312 1488 605 1538 temeritatem,
630 1487 835 1542 condigna
862 1502 982 1542 poena
1011 1487 1244 1530 mulctavit.
1316 1486 1566 1536 Secundum,
1600 1485 1710 1540 quod

179 1555 334 1597 Christi
363 1555 581 1596 clementia
612 1555 873 1596 innocentem
909 1559 950 1595 et
986 1554 1160 1595 inscium
1197 1568 1371 1609 puerum
1402 1552 1533 1593 occidi
1564 1553 1707 1603 noluit,

178 1622 250 1664 sed
275 1622 413 1677 potius
446 1621 551 1663 servi
591 1621 653 1663 sui
685 1620 923 1662 ministeriis
955 1621 1194 1661 reservavit.
1268 1620 1470 1670 Tertium,
1504 1619 1614 1673 quod
1651 1619 1712 1660 ita

176 1689 295 1730 nobis
315 1688 393 1730 viri
409 1688 490 1729 Dei
512 1688 707 1729 meritum
724 1687 962 1737 declaravit,
981 1687 1080 1728 dum
1102 1687 1144 1728 in
1165 1692 1298 1728 morte
1319 1687 1500 1741 positum
1522 1701 1547 1727 a
1566 1685 1712 1727 mortis

179 1771 247 1796 ore
270 1755 357 1811 ejus
380 1755 618 1797 interventu
639 1754 843 1796 liberavit.

238 1823 347 1863 Haec
369 1822 480 1863 idem
510 1822 717 1877 puerulus,
746 1836 856 1862 nunc
878 1835 974 1862 vero
995 1820 1058 1861 vir
1088 1819 1346 1875 grandaevus,
1381 1818 1529 1874 saepius
1559 1818 1709 1860 referre

176 1894 344 1945 gratum
366 1888 479 1930 ducit
498 1905 509 1936 ;
544 1889 719 1930 laudans
751 1887 991 1937 Dominum,
1017 1886 1096 1939 Qui
1122 1902 1215 1928 eum
1238 1886 1288 1927 de
1311 1891 1399 1927 tam
1421 1885 1558 1927 subita
1578 1890 1711 1926 morte

177 1956 317 1997 domni
339 1956 401 1998 sui
422 1955 580 1996 meritis
601 1959 688 1996 tam
710 1954 955 1995 mirabiliter
976 1953 1133 2008 eripere
1156 1952 1170 1974 3
1184 1953 1379 2008 dignatus
1400 1952 1493 1995 fuit.

227 2067 237 2087 ¹
265 2066 349 2099 This
363 2066 501 2111 chapter
519 2065 599 2098 does
616 2070 675 2098 not
693 2076 793 2097 occur
810 2065 845 2097 in
863 2063 920 2097 the
939 2062 1034 2096 Harl.
1054 2062 1130 2095 MS.

227 2114 240 2132 ²
258 2113 345 2146 Post
360 2112 450 2157 hera]
476 2112 587 2144 These
604 2117 670 2144 two
684 2110 792 2143 words
810 2122 865 2143 are
882 2109 993 2143 added
1011 2109 1045 2141 in
1062 2108 1120 2141 the
1137 2108 1268 2152 margin
1286 2108 1324 2141 of
1335 2107 1392 2140 the
1411 2107 1510 2141 Bodl.
1529 2107 1604 2141 MS.

227 2160 240 2179 ³
259 2158 543 2204 Dignatusfiaeit]
568 2159 588 2175 ‘⁴
603 2157 702 2191 Alius
721 2157 857 2201 quidam
875 2155 1035 2201 puerulus
1054 2155 1088 2188 in
1107 2155 1179 2198 ejus
1196 2154 1384 2188 ministerio
1401 2153 1618 2199 postmodum
1636 2153 1711 2197 fuit,

182 2206 238 2251 qui
257 2217 369 2239 vaceae
399 2204 678 2238 consuetudinem
697 2203 882 2248 ignorabat.
934 2202 1001 2235 Hic
1020 2202 1074 2234 die
1092 2201 1236 2245 quadam
1256 2201 1357 2246 coepit
1370 2201 1403 2233 in
1422 2212 1499 2245 agro
1518 2211 1634 2244 urgere
1652 2200 1712 2233 sti-

180 2252 282 2286 mulis
300 2258 332 2285 et
350 2253 475 2296 agitare
493 2256 698 2296 pascentem.
750 2249 850 2283 Unde
876 2249 1049 2293 indignata
1074 2248 1169 2281 irruit
1188 2248 1222 2281 in
1240 2259 1330 2291 eum,
1349 2253 1382 2281 et
1400 2247 1487 2280 inter
1504 2258 1628 2280 cornua
1645 2246 1712 2279 ele—

181 2305 306 2342 vatum,
333 2310 409 2332 cum
437 2299 566 2343 impetu
600 2297 788 2342 deportavit
813 2296 959 2330 fflaesum
985 2295 1027 2328 ad
1053 2295 1178 2328 ostium
1205 2294 1325 2327 domus
1351 2294 1385 2327 in
1411 2305 1476 2339 qua
1502 2293 1551 2326 vir
1574 2298 1710 2332 sanctus

179 2346 396 2386 morabatur3
430 2350 547 2390 utpote
573 2344 765 2377 ministrum
792 2343 898 2388 ipsius
925 2342 1047 2375 laedere
1077 2353 1143 2374 non
1169 2352 1390 2386 praesumens.
1452 2340 1616 2384 Egressus
1641 2338 1710 2382 ille,

179 2392 358 2438 puerulum
383 2391 530 2424 brachiis
556 2391 691 2435 excepit
716 2396 817 2434 atquc
844 2389 1010 2434 deposuit.
1064 2388 1139 2421 Hoc
1165 2387 1287 2422 referre
1313 2387 1397 2421 solet
1423 2386 1513 2420 idem
1538 2385 1712 2432 puerulus,

178 2451 268 2473 nunc
286 2445 384 2474 aetate
401 2437 613 2484 p1·0vectus.'⁷
640 2438 752 2471 Anon.
772 2436 934 2470 Harleian
953 2435 1100 2480 Legend.
