1839 3186
506 172 563 202 ET
599 170 864 203 MIRACULIS
899 171 933 203 s.
967 171 1182 203 GODRICI.
1525 158 1608 203 287

82 276 347 325 Genitricem,
383 275 499 329 quasi
530 274 848 330 praesentialiter
881 275 1157 324 assistentem,
1188 274 1273 315 sine
1307 274 1608 316 intermissione

81 342 231 396 alloqui
254 341 389 396 coepit.
459 341 670 383 Psallebat
691 341 855 395 saepius,
877 341 1023 381 orabat
1044 340 1310 394 frequentius,
1345 345 1386 381 et
1416 341 1608 383 continue

80 408 402 449 illacrimabatur
426 408 615 456 uberius;
650 407 691 448 in
716 407 899 448 canendo
924 407 1132 448 canticum
1155 407 1379 448 dulcissimi
1403 407 1498 447 meli
1519 423 1608 462 per-

82 475 231 525 sonuit,
257 475 298 515 in
320 473 434 529 cujus
466 473 545 514 fine
573 488 734 528 semper
757 473 987 515 diutissime
1010 473 1173 528 plorans
1194 473 1414 527 procedere
1436 474 1609 515 ulterius

82 546 155 582 aut
176 555 274 581 mox
297 546 481 595 repetere
502 540 717 581 modulum
741 540 869 594 ipsius
889 554 970 580 non
992 539 1143 594 potuit.
1214 539 1336 592 Quod
1364 553 1494 594 genus
1516 554 1610 580 can-

82 607 155 648 tici
189 622 283 648 cum
313 607 449 648 verbis
488 607 615 661 ipsius
654 606 818 656 retinui,
854 606 950 661 quia
982 605 1085 647 illud
1116 605 1250 646 Beata
1283 605 1363 646 Dei
1400 605 1611 647 Genitrice

87 673 225 714 Maria
246 673 456 723 edocente,
477 688 519 714 se
542 672 733 714 didicisse
764 672 866 713 mihi
896 672 1092 714 secretius
1124 672 1201 714 sibi
1228 672 1476 726 colloquenti
1503 687 1610 713 asse-

84 740 182 781 ruit.
243 739 390 781 Oravit
412 739 578 781 interim
600 739 750 789 dicens,
785 744 810 763 “
831 739 987 780 Sancta
1011 738 1151 780 Maria
1176 738 1381 789 miserere,
1408 754 1609 789 succurre,

85 806 285 847 auxiliare
308 811 349 847 et
370 811 565 861 protege:
601 810 725 860 atque
756 805 806 847 de
836 806 914 846 1100
945 806 1174 846 coenulento
1206 806 1412 860 ergastulo
1447 810 1610 846 erutum

86 877 225 913 tecum
246 872 342 925 hinc
368 872 596 927 perducito,
627 877 667 913 et
699 872 774 913 sub
804 872 951 913 umbra
981 877 1063 913 tuae
1091 871 1367 913 miserationis
1388 872 1430 912 in
1451 872 1614 913 coeleste

86 953 258 993 regnum
280 938 418 993 gloriae
442 939 631 994 perennis
661 943 799 979 tecum
834 938 957 979 modo
988 939 1084 979 hinc
1119 939 1380 988 translatum,
1416 938 1614 980 collocare

87 1010 309 1045 memento.
380 1005 456 1054 Ne,
479 1020 545 1045 me
567 1004 694 1059 igitur
715 1004 781 1045 1110
800 1009 895 1059 post
916 1009 958 1045 te
981 1004 1160 1054 dimisso,
1192 1005 1386 1053 recedas,
1425 1005 1488 1046 vel
1510 1005 1615 1046 ulte-

89 1071 173 1112 rius
193 1070 235 1111 in
257 1070 470 1126 1praesenti
491 1070 657 1112 miseria
677 1071 947 1125 derelinquas,
979 1071 1056 1112 tibi
1089 1071 1199 1111 enim
1230 1071 1459 1121 cohaerebo,
1491 1087 1543 1112 ne
1573 1076 1616 1113 te

89 1137 300 1185 deseram3
346 1143 386 1178 et
427 1137 505 1178 nisi
544 1137 715 1178 miserta
753 1137 889 1187 fueris,
931 1137 1027 1177 111110
1063 1137 1175 1178 abire
1207 1152 1289 1178 non
1326 1137 1613 1192 permittam.''

92 1203 310 1258 Multaque
331 1204 394 1245 his
416 1203 643 1245 consimilia
663 1203 771 1244 dixit
790 1221 800 1252 3
839 1218 887 1244 ac
909 1203 1076 1244 demum
1099 1203 1214 1257 quasi
1245 1218 1339 1244 cum
1375 1204 1614 1245 considente

88 1270 263 1320 locutus,
287 1270 413 1312 verba
443 1270 598 1311 diutius
624 1270 845 1311 secretiora
880 1269 1093 1324 profudit;
1127 1275 1221 1325 post
1255 1285 1468 1312 excessum
1503 1271 1615 1312 deni-

90 1352 167 1391 que
188 1351 359 1378 morosae
384 1336 744 1391 contemplationis
765 1336 820 1377 ad
841 1351 882 1378 se
903 1351 1103 1386 reversus,
1134 1336 1349 1391 paululum
1381 1337 1581 1378 conticuit
1600 1355 1610 1386 ς

90 1418 138 1444 ac
161 1403 309 1444 deinde
337 1418 411 1444 nos
435 1417 674 1453 convocans,
700 1402 750 1444 de
773 1402 1055 1457 spiritualibus
1076 1403 1244 1444 secretis
1266 1403 1511 1457 quibusdam
1542 1418 1616 1446 nos

91 1470 316 1519 consolans,
337 1468 460 1517 dixit,
484 1473 508 1491 “
525 1468 673 1510 Gravis
695 1473 757 1510 est
778 1483 872 1510 vere
894 1467 1016 1524 hujus
1037 1469 1259 1524 corporalis
1280 1485 1419 1525 pugna
1439 1469 1614 1521 militiae,

91 1536 200 1577 unde
223 1542 264 1577 et
289 1535 390 1576 mihi
414 1536 545 1576 multo
567 1535 713 1577 melius
741 1550 793 1577 ex
825 1535 890 1576 die
911 1535 990 1576 isto
1012 1535 1179 1577 dissolvi
1203 1551 1228 1577 a
1256 1551 1437 1591 corpore,
1460 1541 1501 1577 et
1524 1552 1618 1578 cum

92 1602 257 1644 Christo
303 1601 411 1642 Filio
456 1601 619 1643 Sanctae
661 1601 807 1642 Mariae
851 1601 1037 1656 Virginis
1080 1617 1182 1643 esse.
1253 1602 1362 1643 Nam
1402 1603 1616 1657 longitudo

92 1669 251 1710 dierum
272 1683 338 1709 me
361 1668 570 1723 compellit
599 1667 653 1708 ad
674 1668 844 1716 senium,
869 1682 917 1708 ac
939 1669 1163 1709 senectutis
1180 1668 1415 1710 miseranda
1446 1670 1617 1711 canities

91 1735 258 1776 virtutis
282 1750 487 1789 corporeae
510 1739 649 1775 exstat
674 1734 915 1775 edacissima
941 1734 1066 1775 labes.
1130 1735 1218 1775 Nec
1239 1735 1380 1776 solitas
1412 1735 1619 1777 orationes

92 1816 196 1856 queo
234 1801 476 1856 persolvere,
518 1815 593 1841 nec
642 1800 684 1840 in
725 1799 1006 1855 spiritualibus
1048 1800 1251 1842 visionum
1284 1799 1617 1856 jocunditatibus

91 1873 275 1909 mentem
297 1867 452 1909 diutius
474 1881 714 1922 suspensam
735 1866 951 1907 retinere-‚³³

151 1934 169 1986 ᾧ
194 1933 289 1978 272.
327 1933 428 1974 Post
451 1932 686 1989 hujusmodi
708 1933 833 1973 verba
851 1932 913 1974 vir
934 1932 1014 1974 Dei
1034 1932 1206 1988 irrugire
1228 1933 1365 1974 animo
1399 1933 1534 1988 coepit,
1570 1949 1618 1976 ac

93 1999 193 2042 flens
220 1999 373 2055 largius
406 2014 499 2040 cum
527 1998 644 2054 gravi
676 1999 848 2054 suspirio
884 1999 1005 2051 dixit,
1042 2003 1068 2021 ‘⁶
1089 1999 1224 2048 Heus,
1255 2014 1379 2054 quare
1413 1999 1619 2042 Coelorum

94 2067 298 2122 Reginam
330 2081 412 2107 non
445 2066 572 2116 tenui,
605 2080 729 2119 quam
762 2065 828 2106 1110
858 2080 1020 2106 mecum
1054 2070 1310 2120 praesentem,
1345 2067 1618 2117 assistentem,

93 2148 141 2174 ac
162 2133 462 2186 colloquentem
481 2131 636 2173 habui?
685 2131 820 2184 Quam
842 2131 978 2172 dulcia
997 2131 1110 2173 fuere
1131 2132 1318 2174 faucibus
1337 2133 1439 2174 meis
1461 2134 1622 2187 eloquia

93 2205 179 2250 tua,
204 2199 382 2249 Domna,
407 2213 528 2253 super
547 2197 629 2239 mel
660 2197 719 2239 ori
740 2197 873 2238 meo.”
944 2197 1210 2253 Interrogans
1242 2198 1416 2252 denique
1448 2199 1546 2253 quid
1579 2200 1621 2241 in

94 2265 166 2306 illa
200 2265 327 2306 animi
362 2264 621 2319 suspensione
654 2263 838 2314 vidisset,
878 2263 985 2305 dixit
1021 2264 1131 2318 quod
1167 2280 1262 2306 cum
1296 2264 1452 2306 Sancta
1484 2266 1622 2308 Maria

97 2331 272 2387 Virgine
291 2331 453 2372 locutus
480 2330 651 2378 fuisset;
688 2334 715 2354 “
734 2330 843 2371 Nam
864 2330 905 2371 in
927 2330 1072 2371 eodem
1105 2331 1195 2372 1000
1226 2346 1305 2385 quo
1335 2336 1382 2372 tu
1412 2332 1536 2373 modo
1560 2348 1621 2374 re-

95 2398 215 2449 sides,
239 2397 357 2448 sedit,
381 2402 423 2438 et
446 2397 580 2438 multa
599 2396 701 2437 mihi
723 2396 773 2437 de
796 2397 1027 2439 coelestibus
1048 2397 1184 2452 regnis
1210 2397 1378 2446 retulit;
1418 2398 1619 2453 dixitque,

96 2465 206 2519 quod
225 2479 291 2505 me
312 2478 395 2505 non
417 2463 635 2513 desereret,
668 2462 741 2504 sed
767 2462 1005 2504 habitacula
1036 2464 1133 2505 vitae
1166 2463 1357 2518 perennis
1390 2471 1621 2519 opportuno

95 2536 280 2586 tempore
314 2530 416 2572 mihi
456 2529 748 2585 praepararet.”
832 2529 1023 2571 Laetatus
1064 2545 1154 2571 sum
1190 2530 1316 2585 igitur
1355 2530 1397 2571 in
1436 2531 1499 2572 his
1532 2547 1621 2585 quae

95 2597 262 2645 audivi3
297 2601 338 2638 et
360 2595 484 2638 flente
506 2610 622 2638 servo
645 2595 725 2637 Dei
747 2595 903 2637 diutius
923 2597 1042 2651 plura
1062 2596 1311 2652 investigare
1332 2596 1564 2651 2pe1·timui.

143 2686 152 2705 ¹
173 2685 363 2730 Praesentz'.]
386 2684 579 2728 Praesentis,
598 2684 675 2717 Ms.

140 2733 153 2753 2
173 2731 369 2777 Pertimui]
399 2731 493 2764 Thus
510 2730 666 2764 narrated
683 2730 718 2763 in
735 2730 793 2764 the
807 2730 969 2763 Harleian
987 2742 1197 2775 anonymous
1213 2730 1346 2775 legend:
1361 2730 1460 2765 “Die
1478 2732 1623 2776 quadam

96 2784 210 2825 raptus
228 2779 263 2812 in
280 2777 455 2821 exstasim,
470 2777 511 2810 ab
528 2777 610 2810 hora
628 2776 694 2810 diei
711 2777 820 2822 prima
836 2788 942 2821 usque
960 2777 1002 2810 ad
1018 2788 1142 2810 nonam
1159 2777 1288 2821 palmas
1301 2777 1332 2809 in
1352 2777 1476 2811 eoelum
1489 2779 1626 2813 tenebat

98 2831 236 2869 erectas,
254 2824 469 2868 lacrimisque
486 2823 670 2857 fluentibus
690 2823 870 2856 invocabat
887 2823 952 2856 Dei
978 2823 1166 2868 piissimam
1185 2823 1405 2867 Genitricem,
1425 2825 1521 2868 quasi
1538 2837 1625 2870 11100-

97 2871 282 2905 sentialiter
298 2870 524 2904 assistentem.
553 2870 649 2914 Saepe
666 2869 842 2914 psallebat,
860 2869 1052 2913 frequenter
1069 2869 1196 2902 orabat.
1231 2868 1409 2904 Canticum
1427 2870 1625 2917 plerumque
