1839 3186
629 212 688 244 To
725 211 821 243 THE
852 211 1080 244 PREFACE.
1551 197 1625 239 xix

89 333 165 362 nus
186 319 247 361 ita
267 319 459 361 scribens.
524 322 550 341 ‘⁶
569 318 605 360 Ο
631 323 787 373 quanta
814 317 857 359 in
878 316 1046 358 auribus
1068 315 1170 358 meis
1198 330 1250 357 ex
1271 314 1381 356 illius
1403 329 1471 356 ore
1493 314 1624 356 stilla-

88 390 236 428 verunt
257 386 462 427 mirabilia
482 388 490 426 !
546 385 713 439 Quanta
732 385 783 426 de
805 383 989 426 conclavi
1011 388 1262 426 secretorum
1282 397 1449 424 suorum
1470 382 1622 424 crebris

89 453 430 495 collocutionibus
450 453 552 494 mihi
573 451 765 508 exposuit
786 451 908 493 laude
932 450 1171 506 dignissima
1192 452 1199 490 Ξ
1249 450 1391 491 Multa
1410 449 1511 490 mihi
1534 464 1623 504 quae

88 520 190 561 alios
209 520 356 562 latent.
417 519 688 561 Dormiebam
709 519 751 560 in
773 518 865 561 sinu
885 517 1178 559 familiaritatis
1200 515 1327 573 ejus.”

148 587 170 642 ἓ
192 589 231 628 2.
265 587 478 640 Quosdam
498 587 626 642 igitur
647 601 700 628 ex
720 585 904 640 utrisque
931 585 1165 640 manipulos
1192 584 1399 639 colligens⁷
1423 583 1466 624 in
1493 597 1623 623 unum

86 653 228 709 redegi
257 653 527 702 fasciculum;
562 669 610 695 ea
638 653 843 708 praecipue
874 668 963 707 quae
995 657 1037 693 et
1058 651 1306 706 simplicium
1331 649 1428 691 fidei
1460 649 1624 691 satisfa-

87 736 177 762 cere
208 725 250 762 et
270 721 438 763 veritati
467 721 600 776 magis
630 724 798 776 possent
820 719 1051 762 convenire.
1113 718 1209 760 Hoc
1239 725 1380 759 autem
1401 716 1624 772 prudentia

86 788 251 829 lectoris
271 788 477 838 advertat,
499 794 546 829 ut
563 787 673 842 quod
694 787 736 828 in
758 786 979 842 Reginaldi
1001 790 1163 828 constat
1178 800 1261 826 non
1281 784 1436 834 haberi,
1456 784 1498 824 in
1521 783 1623 824 Ger-

86 854 199 896 mani
220 854 405 910 profecto
427 855 631 897 schedulis
653 853 827 896 inveniri
846 871 856 903 ;
892 859 933 895 et
956 854 1072 908 quasi
1093 853 1256 908 signum
1277 851 1320 893 in
1347 851 1451 893 facie
1471 865 1623 892 nomen

87 920 305 978 cujuslibet
326 922 528 977 praeposui
549 921 777 973 sententiae,
799 925 1002 975 quatenus
1022 920 1195 963 historia
1214 919 1362 960 melius
1383 918 1543 959 eluceat
1564 917 1624 958 bi-

85 988 254 1043 partita,
278 1003 367 1043 quae
389 988 566 1029 duorum
587 988 665 1030 erit
686 988 911 1030 assertione
935 988 1124 1029 subnixa.
1188 986 1391 1028 Vestrum
1412 985 1539 1040 igitur
1561 989 1623 1026 est

86 1060 159 1096 aut
180 1055 376 1097 brevitati
397 1054 507 1110 quod
538 1054 721 1110 suppetit
742 1054 911 1105 addere,
935 1059 1007 1096 aut
1029 1052 1306 1110 superfluitati
1331 1052 1475 1094 limam
1503 1051 1623 1094 secti-

86 1122 175 1164 onis
196 1137 414 1177 apponere.

144 1189 224 1241 §3.
258 1188 485 1230 Godricum
520 1204 595 1245 ego
631 1189 717 1231 vidi
750 1203 949 1244 magnum
988 1187 1197 1243 parvulus,
1238 1201 1377 1228 senem
1414 1184 1621 1240 puerulus,

88 1255 365 1311 dulcescitque
404 1256 542 1298 animo
583 1260 715 1297 tantae
749 1255 917 1297 visionis
955 1253 1200 1296 recordatio.
1283 1253 1388 1294 Erat
1420 1251 1623 1306 siquidem

87 1337 254 1378 corpore
275 1323 549 1378 permodicus,
574 1322 646 1365 sed
668 1322 910 1364 celsitudine
931 1321 1084 1363 mentis
1106 1321 1147 1361 in
1170 1320 1315 1361 coelum
1338 1324 1511 1361 erectus.
1564 1318 1622 1359 Et

88 1389 254 1444 quidem
290 1390 332 1431 in
355 1389 579 1446 juventute
618 1405 737 1431 coma
768 1389 902 1444 nigra,
934 1389 978 1430 in
1011 1392 1226 1430 senectute
1261 1402 1359 1429 vero
1392 1387 1435 1427 in
1471 1385 1622 1427 canitie

87 1471 295 1511 respersus
317 1457 530 1512 angelica;
565 1457 701 1498 fronte
729 1457 827 1507 lata,
851 1456 980 1498 oculis
1006 1454 1175 1511 glaucis,
1200 1452 1427 1510 superciliis
1452 1453 1623 1494 hirsutis

87 1528 129 1564 et
158 1523 235 1564 sibi
267 1523 444 1565 invicem
474 1539 579 1580 pene
611 1523 933 1574 occurrentibus,
965 1523 1069 1565 facie
1107 1522 1323 1577 producta,
1352 1535 1452 1562 naso
1484 1519 1620 1575 longo,

87 1590 217 1631 barba
248 1591 422 1645 prolixa,
456 1606 525 1632 ore
561 1590 736 1642 decenti,
773 1590 893 1632 labiis
928 1589 1208 1645 turgentibus,
1247 1588 1395 1630 rubore
1433 1586 1621 1642 perfusis,

86 1656 268 1699 humeris
304 1658 508 1709 distentis,
546 1663 689 1700 ventre
725 1672 970 1712 compresso,
1011 1656 1107 1711 quia
1145 1670 1239 1697 eum
1263 1653 1379 1710 jugis
1408 1654 1623 1695 minuebat

87 1724 225 1778 rigor3
260 1724 427 1778 reliquis
462 1725 504 1765 in
540 1724 683 1766 ordine
720 1740 793 1766 suo
831 1724 1027 1766 membris
1064 1724 1168 1764 bene
1207 1721 1428 1777 dispositis,
1466 1720 1622 1763 Viribus

88 1791 209 1845 aptis,
233 1795 274 1831 et
295 1791 482 1846 agilitate
506 1791 730 1847 praestabili
752 1791 1029 1832 venerabilem
1056 1789 1255 1831 brevioris
1278 1793 1451 1830 staturae
1476 1787 1623 1842 praefe-

87 1857 205 1898 rebat
235 1857 537 1899 habitudinem.
600 1857 752 1899 Totam
787 1872 872 1899 suae
905 1856 1227 1899 conversationis
1258 1856 1404 1897 seriem
1434 1854 1510 1896 sub
1541 1854 1622 1909 pri-

89 1938 207 1965 orum
242 1924 586 1966 Dunelmensium
615 1925 813 1980 regimine
844 1925 995 1966 texuit.
1058 1923 1238 1964 Vitabat
1268 1936 1528 1977 summopere
1560 1921 1622 1962 vi-

87 1990 194 2031 tium
220 1992 553 2047 praesumptionis
585 1992 789 2042 humanae,
814 1991 913 2032 dum
944 2007 1026 2032 non
1056 2006 1151 2041 suae,
1176 1989 1248 2031 sed
1278 1989 1416 2044 potius
1450 1987 1621 2043 disposi-

88 2057 190 2099 tioni
219 2058 491 2099 famularetur
520 2057 677 2100 alienae.
740 2058 845 2099 Erat
874 2059 1024 2114 quippe
1055 2057 1282 2098 monachus
1314 2054 1620 2105 Dunelmensis‚

89 2124 306 2180 sexaginta
336 2140 465 2167 annos
495 2125 537 2166 in
565 2125 654 2167 vita
691 2125 874 2167 solitaria
903 2126 1086 2173 habens3
1121 2124 1224 2165 obiit
1253 2137 1379 2165 senex
1409 2126 1450 2162 et
1478 2122 1623 2177 plenus

90 2190 248 2232 dierum
282 2192 324 2232 in
355 2193 444 2233 loco
478 2207 550 2233 suo
583 2192 625 2233 in
663 2191 875 2243 Finchale,
902 2197 945 2234 et
967 2207 1092 2248 opera
1118 2191 1322 2233 Virtutum
1355 2203 1447 2244 quae
1480 2188 1623 2231 vivens

89 2257 186 2313 egit,
209 2263 398 2300 mortuus
418 2259 563 2301 testari
584 2274 666 2300 non
689 2259 853 2301 desinit.

811 2487 897 2528 III.

148 2634 403 2660 DESCRIPTION
449 2634 496 2660 OF
544 2633 624 2659 THE
669 2632 928 2659 MANUSCRIPT
973 2631 1073 2657 COPY
1118 2632 1165 2657 OF
1215 2632 1296 2657 THE
1342 2631 1430 2656 LIFE
1475 2631 1522 2657 OF
1567 2630 1623 2656 ST.

89 2701 243 2736 GODRIC,
278 2701 330 2726 BY
368 2701 605 2735 GALFRIDUS,
639 2700 868 2726 BELONGING
903 2698 951 2723 TO
982 2698 1062 2723 THE
1099 2698 1208 2725 DEAN
1241 2699 1325 2724 AND
1355 2697 1540 2723 CHAPTER
1574 2697 1622 2723 OF

89 2767 365 2793 WINCHESTER.

147 2846 247 2887 This
270 2845 532 2900 Manuscript
553 2845 678 2886 forms
701 2859 753 2885 an
775 2849 922 2885 octavo
942 2843 1115 2892 volume,
1136 2857 1189 2883 on
1208 2842 1374 2891 vellum,
1395 2840 1622 2895 consisting

89 2912 136 2953 of
151 2913 389 2967 thirty-two
411 2912 579 2953 written
600 2911 730 2961 sonos,
756 2909 1014 2952 transcribed
1036 2909 1077 2949 in
1102 2909 1172 2949 the
1195 2907 1386 2949 fifteenth
1409 2912 1598 2962 century.

1385 2986 1401 3018 b
1428 2987 1448 3018 2
