1839 3186
536 149 594 180 ET
629 149 894 182 MIRACULIS
931 150 965 182 s.
994 152 1211 184 GODRICI.
1555 146 1636 185 285

106 367 192 393 CAP.
224 367 282 393 GL.
353 365 543 396 QUOMODO
578 365 673 390 TREs
708 364 823 390 vmos
858 365 909 390 DE
940 365 1139 391 PAEAmsO
1177 366 1478 392 DEscENDENTEs
1509 368 1632 403 vmrr,

166 434 213 458 ET
244 433 335 463 QUAE
366 432 544 458 ILLORUM
581 431 668 456 EssE
699 430 864 456 NOMINA
896 432 1073 466 Dixnmr,
1108 432 1184 456 VEL
1222 432 1321 461 Qum
1359 433 1465 459 Uan
1496 435 1635 460 EORUM

166 500 217 525 DE
247 499 336 525 ILLo
366 481 563 524 DIXER1T.¹

166 596 307 650 §269.
340 596 408 636 A'r
443 596 707 651 postmodum
741 596 883 650 paucis
913 594 1140 651 interjectis
1176 596 1333 647 diebus,
1369 597 1502 639 Missa
1535 598 1636 640 cele-

106 662 239 713 brata,
262 662 438 717 processi
460 662 513 703 ad
542 662 658 703 illum
691 661 943 712 solemniter,
975 667 1022 703 ut
1054 662 1240 713 decebat,
1278 668 1431 705 sanctae
1469 664 1632 705 Eucha-

105 729 231 770 ristiae
254 729 441 770 deferens
462 734 733 770 sacramenta.
805 728 868 770 Eo
893 728 1094 783 siquidem
1117 734 1302 784 tempore
1334 730 1430 784 quia
1461 731 1632 772 maximi

106 795 313 849 languoris
344 795 607 836 inclementia
638 810 867 850 exsangues
898 795 1025 836 totius
1057 796 1236 850 corporis
1266 794 1354 851 ejus
1388 802 1504 838 artus
1531 813 1634 852 pene

108 860 345 911 detriverat,
383 862 653 903 sacrosanctis
690 861 899 917 mysteriis
940 861 1051 902 omni
1083 861 1173 902 2die
1205 862 1386 903 secunda
1416 863 1482 904 vel
1510 864 1636 905 tertia

106 928 463 975 communicabatg
504 928 665 969 exitum
688 928 854 982 quidem
875 942 1008 976 suum,
1033 943 1155 981 quem
1184 928 1398 970 imminere
1427 930 1632 984 cognovit,

105 993 178 1034 tali
201 994 392 1034 continue
417 993 568 1034 viatico
593 993 836 1048 praemunire
858 1009 940 1035 non
962 994 1097 1035 desiit.
1158 994 1437 1036 Sacramentis
1459 996 1634 1050 denique

106 1074 200 1100 cum
221 1060 325 1101 mira
348 1059 474 1101 animi
496 1060 705 1101 hilaritate
734 1060 951 1114 perceptis,
967 1058 1092 1115 jussit
1117 1065 1163 1101 ut
1188 1066 1339 1103 exutus
1369 1062 1632 1104 sacerdotali-

105 1125 182 1167 bus
222 1125 375 1174 infulis,
413 1126 551 1180 aliqua
591 1126 809 1167 auditurus
850 1126 1032 1167 coelestia
1071 1141 1208 1167 coram
1244 1128 1313 1168 illo
1351 1128 1631 1171 consisterem.

107 1191 261 1234 Postea
292 1193 372 1243 ille,
408 1192 625 1241 “Nocte,”
659 1192 805 1246 inquit,
843 1197 867 1215 ‘⁶
882 1192 973 1243 ista,
1010 1192 1109 1233 dum
1142 1193 1208 1234 hic
1238 1194 1431 1249 synaxim
1467 1200 1632 1236 nocturn

104 1273 201 1300 nam
223 1258 467 1314 persolvisti,
490 1274 590 1299 num
614 1259 772 1313 aliquos
800 1258 866 1299 hic
888 1258 996 1300 viros
1027 1259 1270 1313 praelucidos
1291 1260 1433 1302 vidisti
1452 1260 1500 1302 Ξ”
1560 1261 1634 1303 Ad

105 1340 227 1379 quem
248 1341 336 1380 ego,
360 1329 384 1347 “
403 1325 510 1375 Non,
533 1330 651 1380 pater
664 1324 761 1366 mi.’'
797 1325 914 1366 Tunc
935 1325 1016 1373 ille,
1042 1330 1068 1349 ‘⁶
1087 1325 1251 1367 Revera
1272 1324 1341 1375 fili,
1365 1342 1390 1367 a
1408 1327 1634 1381 primordio

105 1392 302 1446 temporis
325 1407 404 1446 quo
426 1392 622 1441 cecinisti,
646 1396 730 1433 tres
750 1391 831 1432 huc
854 1391 904 1432 de
928 1391 1129 1433 Paradiso
1150 1392 1302 1434 coelesti
1323 1393 1432 1434 viros
1453 1393 1632 1436 illustres

104 1458 378 1500 adventantes
411 1459 617 1512 conspexi,
651 1472 752 1512 quos
780 1463 821 1499 et
857 1458 1058 1513 cognovi;
1093 1457 1162 1512 qui
1198 1458 1251 1499 ad
1287 1459 1434 1500 laevam
1464 1461 1634 1514 parietis

103 1523 226 1580 hujus
250 1524 448 1566 Ecclesiae
470 1524 568 1565 foris
599 1524 908 1573 descenderant,
943 1524 1080 1578 ibique
1109 1524 1264 1567 diutius
1294 1530 1450 1568 stantes
1473 1541 1520 1567 ac
1541 1542 1631 1568 mu-

103 1594 177 1631 tuo
199 1591 490 1645 colloquentes,
514 1605 586 1631 ora
607 1589 802 1631 dulciflua
822 1590 969 1645 saepius
990 1591 1032 1631 in
1055 1606 1122 1632 me
1147 1592 1457 1634 convertebant.
1530 1593 1632 1635 Tres

104 1656 270 1710 quidem
292 1656 587 1698 descendentes
611 1656 711 1704 vidi,
738 1657 810 1698 sed
831 1672 959 1697 unum
988 1657 1185 1709 adoravi3
1225 1657 1275 1699 de
1308 1659 1454 1712 quibus
1483 1659 1551 1713 qui
1577 1659 1631 1700 ad

105 1723 313 1765 sinistram
342 1723 541 1772 constitit,
573 1723 657 1777 Ipsi
694 1723 773 1775 Qui
802 1723 844 1763 in
878 1723 1015 1764 medio
1051 1738 1192 1764 eorum
1224 1725 1355 1775 stetit,
1390 1725 1462 1777 ait,
1500 1731 1525 1748 “
1544 1726 1630 1767 Do-

104 1790 226 1840 mine,
252 1790 320 1830 hic
354 1794 493 1831 noster
516 1789 730 1839 Godricus,
768 1789 964 1843 quamdiu
995 1789 1053 1830 sic
1084 1790 1347 1840 cruciabitur,
1379 1792 1444 1832 vel
1466 1792 1630 1845 quando

103 1861 243 1897 noster
264 1856 421 1910 collega
441 1854 708 1896 efficietu123”
770 1855 842 1895 Ad
871 1870 963 1909 quae
989 1855 1209 1906 Dominus,
1241 1859 1264 1879 ‘⁶
1281 1856 1359 1898 Est
1385 1857 1427 1898 in
1458 1858 1527 1898 1110
1557 1858 1633 1899 ad-

103 1921 185 1962 huc
205 1922 360 1977 aliquid
381 1922 490 1976 quod
511 1921 713 1976 expietur,
747 1927 789 1962 et
811 1936 887 1962 nec
912 1921 1011 1963 dum
1033 1922 1145 1962 venit
1166 1922 1268 1963 hora
1289 1921 1376 1978 ejus
1400 1928 1448 1965 ut
1480 1924 1530 1965 de
1552 1924 1630 1966 hoc

102 1989 258 2030 mundo
280 1988 591 2030 transferatur.”
640 1988 717 2029 Isti
739 1987 890 2042 saepius
909 1987 951 2028 10
974 2003 1056 2029 1100
1079 1988 1249 2044 collegio
1268 1989 1343 2031 viri
1365 1989 1628 2042 conveniunt,

102 2069 177 2096 nec
212 2054 465 2109 aliquamdiu
498 2054 550 2095 ab
581 2054 757 2095 invicem
792 2053 971 2108 separari
1007 2060 1307 2102 consuescunt;
1354 2056 1450 2097 hinc
1482 2056 1630 2098 deinde

102 2121 328 2176 migrantes
349 2121 403 2162 ad
420 2120 618 2175 quasdam
635 2121 821 2175 regiones
838 2118 1035 2162 finitimas
1056 2126 1201 2175 postea
1221 2121 1491 2164 adulteriores
1513 2138 1631 2176 quos-

104 2187 200 2229 dam
222 2186 362 2229 fideles
383 2187 543 2242 dignati
564 2192 658 2227 sunt
680 2186 867 2237 invisere,
890 2191 1015 2241 atque
1037 2187 1094 2228 sic
1122 2187 1272 2228 iterum
1294 2203 1367 2243 per
1387 2203 1461 2230 nos
1482 2189 1630 2231 redire.

103 2252 266 2308 ³Hique
288 2253 542 2308 aliquamdiu
565 2252 845 2304 consistentes,
870 2267 918 2293 ac
939 2253 980 2293 in
999 2268 1073 2294 nos
1094 2253 1212 2295 vultu
1244 2255 1343 2296 satis
1374 2255 1631 2310 beneplacito

101 2320 378 2375 respicientes,
400 2319 510 2361 unde
532 2324 733 2360 venerunt
755 2324 900 2374 postea
920 2319 1159 2367 redierunt3
1200 2335 1300 2374 quos
1333 2320 1410 2362 hoc
1433 2336 1628 2376 corporeo

101 2386 256 2428 intuitu
285 2386 520 2442 gradientes
540 2400 669 2439 usque
690 2385 745 2427 ad
777 2385 969 2427 Paradisi
1000 2386 1238 2427 sublimiora
1267 2387 1358 2428 loca
1388 2393 1629 2442 prosecutus

102 2468 204 2504 sum,
239 2458 280 2494 et
313 2454 355 2494 in
383 2452 459 2502 his,
492 2466 580 2506 quae
615 2451 716 2492 mihi
746 2452 799 2493 ab
832 2451 890 2493 eis
921 2451 1032 2494 dicta
1057 2457 1166 2503 sunt,
1203 2452 1427 2508 plurimum
1462 2454 1629 2509 gavisus

103 2519 235 2561 sum.”

149 2622 160 2643 ¹
185 2622 226 2655 In
244 2623 302 2656 the
326 2623 422 2656 Harl.
440 2623 515 2657 MS.
534 2623 671 2668 chapter
691 2623 884 2656 CXXXII.

149 2669 161 2687 ²
180 2669 249 2702 Die
264 2671 400 2702 secunda
415 2669 466 2703 vel
484 2669 613 2716 ter-tim]
642 2669 695 2703 On
709 2670 766 2703 the
783 2670 938 2714 frequent
955 2670 1172 2703 communion
1191 2671 1228 2704 of
1241 2671 1298 2704 the
1316 2671 1408 2716 early
1420 2671 1555 2706 Church
1573 2684 1630 2707 see

103 2715 258 2749 Gennad.
277 2715 318 2748 de
337 2715 429 2749 Ecel.
448 2716 605 2760 Dogmat.
624 2728 697 2761 cap.
714 2719 770 2759 53,
789 2716 934 2760 Algerus
963 2716 1004 2749 de
1028 2716 1177 2750 Sacram.
1198 2717 1419 2760 Eucharistae,
1437 2718 1496 2752 lib.
1514 2719 1535 2754 i.
1555 2731 1629 2765 cap.

104 2764 158 2804 22,
177 2773 228 2806 ap.
249 2761 339 2795 Bibl.
359 2762 448 2797 Patr.
466 2762 527 2796 xii.
545 2765 623 2806 431,
643 2763 709 2797 and
727 2762 821 2796 other
839 2774 997 2808 passages
1016 2762 1180 2796 collected
1197 2763 1244 2808 by
1262 2763 1444 2808 Bingham.

150 2808 162 2827 ³
181 2807 318 2853 Hique]
348 2808 514 2852 Hincque,
536 2808 583 2843 H.
