1839 3186
207 155 328 197 xxxii
856 170 1105 202 APPENDIX

1542 289 1740 313 CAPITULUM

208 322 396 376 Qualiter
417 323 459 364 in
480 323 723 378 gravissima
743 323 985 366 infirmitate
1007 326 1250 376 cantaverit,
1274 331 1315 368 et
1335 326 1386 369 de
1408 328 1538 371 milite

264 390 332 444 qui
355 390 460 432 vidit
483 406 576 432 eum
599 391 766 433 Christo
789 391 964 446 colloqui
986 391 1183 434 crucifixo
1312 429 1320 437 .
1529 430 1537 439 .
1653 397 1737 454 lviij

207 457 425 511 Quomodo
447 458 597 500 viderit
626 459 703 500 sibi
724 458 914 501 assistere
937 464 979 501 et
1008 459 1210 501 Sanctum
1233 459 1263 501 J
1267 461 1474 504 ohannem
1497 469 1538 505 et

265 525 466 566 Sanctum
497 525 685 576 Petrum,
709 531 750 568 et
777 526 953 581 qualiter
974 527 1015 568 in
1046 528 1180 569 extasi
1209 528 1369 584 positus
1397 535 1538 573 canta-

266 592 369 634 verit
392 597 433 634 ct
456 593 635 636 oraverit
731 627 739 635 .
947 628 955 636 .
1098 628 1105 636 .
1312 629 1320 637 .
1527 631 1534 638 .
1679 600 1738 641 lix

206 660 423 713 Quomodo
452 662 683 702 cantaverit
705 661 837 702 Kurie
869 662 1031 703 eleeson
1053 663 1095 703 in
1128 663 1376 719 aegritudine
1406 667 1536 721 gravi‚

260 727 423 782 etquid
454 727 618 780 viderit,
642 733 683 769 et
706 728 805 783 quid
838 728 991 770 dixerit
1014 729 1100 771 viro
1132 730 1201 784 qui
1232 731 1416 785 graviter
1444 748 1535 788 per-

261 795 388 836 cussit
418 810 605 846 uxorem,
630 801 670 837 et
693 796 869 850 qualiter
890 801 1073 852 aegrotus
1104 802 1230 852 gustu
1260 799 1379 852 panis
1409 798 1536 854 ipsius

260 862 454 917 loquendi
476 863 736 918 recuperavit
757 863 1001 905 facultatem
1093 896 1101 904 .
1308 899 1315 907 .
1526 899 1535 908 .
1691 868 1736 908 lX

204 929 420 983 Quomodo
442 930 700 985 responderit
721 930 868 972 nuntio
893 930 1036 972 Sancti
1059 931 1230 973 Thomae
1307 965 1314 973 .
1523 968 1531 976 .
1676 934 1734 990 lxj

203 997 420 1051 Quomodo
441 997 594 1039 dixerit
612 998 758 1039 clerico
773 998 827 1039 ad
842 998 1044 1040 Sanctum
1058 998 1089 1039 J
1092 999 1268 1040 acobum
1282 999 1531 1055 profecturo,

260 1070 301 1106 et
322 1065 484 1106 mulieri
506 1081 595 1120 quae
617 1066 795 1121 putabat
813 1065 947 1107 virum
969 1081 1090 1107 suum
1109 1081 1196 1108 esse
1219 1066 1473 1120 defunctum,
1493 1073 1534 1109 et

260 1132 311 1173 de
332 1131 574 1174 infirmitate
595 1133 734 1175 fratris
755 1133 824 1188 qui
848 1133 1011 1174 volebat
1034 1133 1070 1174 ei
1092 1133 1298 1175 celebrare
1321 1134 1462 1176 divina
1521 1169 1529 1178 .
1659 1134 1734 1192 lxij

203 1200 419 1253 Quomodo
453 1201 682 1242 cantaverit
711 1200 976 1251 ‘Ierusalem‚
1008 1216 1097 1255 quae
1129 1200 1348 1242 edificatur
1367 1207 1414 1243 ut
1437 1203 1534 1245 civi-

259 1267 351 1317 tas,q
376 1272 417 1309 et
440 1273 602 1317 caetera,
627 1273 667 1309 et
691 1267 897 1322 quomodo
929 1268 1171 1310 salutaverit
1194 1283 1348 1310 novum
1379 1285 1531 1325 regem,

260 1339 301 1376 et
324 1334 375 1375 de
396 1335 552 1377 visione
573 1336 814 1390 angelorum
874 1368 882 1376 .
1091 1369 1099 1377 .
1308 1368 1316 1377 .
1523 1370 1531 1378 .
1643 1337 1731 1394 lxiij

201 1402 418 1455 Quomodo
450 1402 680 1445 cantaverit
707 1407 717 1424 ⁴
739 1402 974 1453 welcume,
997 1402 1185 1459 Sym0n‚⁵
1217 1407 1258 1444 et
1281 1403 1331 1444 de
1362 1404 1534 1445 muliere

259 1485 348 1523 quae
370 1469 483 1511 venit
506 1486 686 1524 quaerere
708 1471 843 1511 virum
865 1485 985 1511 suum
1090 1503 1098 1512 .
1306 1503 1314 1511 .
1520 1504 1529 1512 .
1626 1469 1731 1526 lxiiij

201 1537 337 1590 Quam
355 1537 538 1592 graviter
559 1537 820 1592 aegrotaverit
840 1536 882 1578 in
904 1536 1115 1586 extremis,
1138 1541 1179 1577 et
1201 1537 1251 1578 de
1272 1542 1435 1578 tumore
1457 1537 1532 1578 fol-

256 1604 475 1645 liculorum
497 1605 642 1647 vesicae
665 1610 706 1645 et
728 1604 854 1645 nimio
877 1604 1029 1655 dolore,
1051 1609 1092 1645 et
1118 1604 1295 1658 qualiter
1318 1620 1412 1645 eum
1444 1604 1531 1645 dia-

256 1672 375 1713 bolus
397 1670 517 1727 ejecit
539 1687 563 1712 a
583 1672 691 1713 lecto
871 1705 879 1713 .
1085 1704 1092 1712 .
1302 1704 1310 1712 .
1518 1705 1525 1713 .
1660 1672 1733 1713 lxv

200 1738 310 1792 Quid
340 1738 427 1781 viro
461 1739 588 1780 nobili
622 1739 672 1780 de
701 1754 775 1780 sua
806 1744 940 1780 morte
974 1738 1230 1794 praedixerit,
1255 1743 1296 1779 et
1326 1738 1532 1793 quomodo

256 1807 427 1847 fratrem
450 1806 656 1861 quendam
679 1806 741 1847 bis
762 1806 857 1847 inde
879 1806 1086 1847 monuerit
1304 1839 1312 1846 .
1520 1840 1528 1847 .
1642 1804 1729 1861 lxvj

199 1873 388 1926 Qualiter
409 1889 461 1914 ex
496 1874 574 1914 hac
604 1874 695 1914 luce
726 1873 979 1929 migraverit,
1004 1878 1044 1914 et
1068 1872 1245 1927 qualiter
1268 1887 1415 1928 corpus
1448 1878 1531 1914 tra-

258 1941 393 1982 ditum
414 1940 538 1982 fuerit
562 1941 786 1996 sepulturae
877 1974 884 1981 .
1092 1973 1099 1981 .
1307 1973 1314 1980 .
1521 1972 1529 1981 .
1631 1937 1732 1995 lxvij

198 2008 264 2049 De
295 2008 432 2063 puella
463 2014 555 2063 post
577 2013 755 2049 mortem
786 2006 872 2063 ejus
903 2023 975 2062 per
996 2006 1170 2049 annulos
1201 2007 1336 2048 loricae
1368 2012 1530 2057 sanata,

256 2081 297 2117 ct
320 2075 497 2130 qualiter
518 2075 711 2131 apparuit
732 2075 933 2130 magistro
956 2074 1243 2116 Dunelmensi.

1186 2156 1430 2182 EXPLICIUNT
1460 2155 1674 2183 CAPITULA.

937 2345 994 2386 V.

378 2479 584 2505 PROLOGUE
615 2479 663 2504 To
693 2478 773 2503 THE
805 2477 1017 2502 HARLEIAN
1051 2476 1325 2511 MANUSORIPT,
1349 2476 1414 2501 No.
1443 2462 1541 2502 322.

254 2563 465 2605 VIRTUTES
485 2568 527 2605 et
548 2564 679 2604 vitam
701 2561 929 2604 beatissimi
951 2561 1165 2602 heremitae
1191 2560 1360 2602 Godrici
1383 2560 1433 2600 de
1458 2559 1657 2600 Finchale
1674 2559 1728 2599 ab

195 2631 339 2672 amicis
366 2631 552 2686 pluribus
574 2636 699 2685 atque
721 2628 956 2679 carissimis,
980 2633 1021 2669 et
1043 2628 1226 2668 maxime
1248 2643 1273 2668 a
1295 2627 1448 2668 domno
1469 2625 1726 2667 AEthelredo

192 2698 416 2740 venerabili
448 2697 646 2738 Rievallis
677 2697 841 2746 abbate,
876 2700 917 2736 ct
949 2695 1115 2735 Thoma
1146 2694 1292 2749 priore,
1318 2709 1401 2734 non
1433 2698 1521 2734 tam
1551 2697 1725 2747 rogatus

193 2780 284 2806 sum
309 2764 487 2806 scribere
515 2779 637 2818 quam
668 2763 915 2817 compulsus.
978 2761 1201 2810 Videlicet,
1228 2766 1275 2801 ut
1299 2766 1389 2801 tum
1412 2775 1460 2800 ea
1481 2759 1629 2813 quibus
1649 2773 1723 2813 ge-

189 2831 327 2873 rendis
349 2846 424 2886 ego
444 2846 625 2886 praesens
647 2830 827 2879 interfui,
851 2834 941 2869 tum
963 2843 1011 2869 ea
1043 2843 1145 2881 quae,
1169 2827 1257 2882 ipso
1287 2827 1368 2868 Dei
1390 2827 1477 2868 viro
1507 2830 1721 2874 narrante,

186 2898 363 2953 percepi,
383 2906 472 2939 tum
495 2913 543 2938 ea
565 2913 654 2951 quae
677 2896 949 2938 veridicorum
972 2894 1185 2935 hominum
1207 2894 1406 2934 relatione
1429 2892 1601 2947 cognovi
1624 2905 1720 2945 pos-
