1839 3186
511 224 569 255 ET
605 222 869 255 MIRACULIS
905 222 937 254 s.
964 220 1183 253 Gonmct.
1537 205 1622 251 397

78 330 388 384 promptissima
410 327 658 368 condonata.
722 326 780 367 Et
808 326 915 367 forte
947 326 1054 366 hanc
1087 325 1200 380 prius
1220 323 1483 364 clementiam
1504 322 1616 377 apud

81 396 280 437 Finchale
302 396 460 450 positus
482 398 736 449 perceperat„
761 392 949 448 quamvis
970 397 1089 447 pater
1114 391 1158 431 id
1185 391 1298 446 prius
1319 390 1534 432 advertere
1559 389 1619 430 in-

82 463 230 518 dignus
254 461 265 482 1
284 462 517 504 exstiterat.

414 623 528 648 LXXI.
561 623 612 647 DE
643 623 774 649 SURDA
805 623 853 647 ET
884 621 1032 647 POSTEA
1064 620 1285 646 AUDIENTE.

141 726 158 778 ᾗ
182 727 280 767 435.
319 724 534 765 MATRONA
559 722 749 777 queeclam
771 722 822 763 de
853 721 1062 771 Steintun,
1087 720 1309 762 Mathildis
1329 720 1511 769 nomine,
1534 736 1623 774 quae

80 793 198 834 annis
213 798 391 847 quatuor
404 791 587 844 utrisque
609 789 778 831 auribus
799 788 1112 837 absurdaverat,
1129 787 1198 829 illo
1220 787 1423 842 perducta
1442 787 1623 842 perfecte

82 865 145 901 est
167 864 329 901 sanata.

476 956 598 980 LXXII.
631 956 682 980 DE
715 954 987 979 INFIRMITATE
1018 953 1229 978 SEPTENNI.

142 1059 160 1111 ᾧ
181 1059 279 1100 436.
300 1058 413 1099 ALIA
428 1057 479 1097 de
497 1055 1017 1111 StanphordhamssVibur
1033 1054 1157 1104 dicta,
1180 1054 1299 1095 annis
1316 1058 1476 1108 septem
1492 1058 1624 1094 tantae

84 1125 317 1167 infirmitati
342 1122 562 1179 subjacuit,
586 1123 696 1177 quod
717 1123 789 1164 vix
810 1121 978 1176 aliquod
999 1136 1102 1176 opus
1123 1126 1212 1162 toto
1236 1121 1324 1176 ipso
1348 1125 1534 1175 tempore
1556 1135 1626 1161 ex-

84 1194 195 1248 plere
220 1191 425 1247 potuerit3
460 1190 533 1232 sed
553 1190 650 1231 illuc
669 1189 840 1231 veniens
864 1188 1041 1230 salutem
1066 1203 1189 1242 quam
1210 1188 1374 1243 rogavit
1395 1186 1590 1242 2optavit.

424 1352 565 1377 LXXIII.
603 1352 655 1377 DE
686 1351 852 1377 BRACHII
883 1350 1035 1377 OFFICIO
1066 1349 1291 1375 REPARATO.

144 1453 161 1506 ξ
184 1453 280 1497 437.
320 1453 545 1494 AVELLINA
567 1467 672 1493 uxor
698 1452 868 1493 Ricardi
891 1451 942 1492 (le
972 1450 1299 1506 Reinguintune,
1327 1449 1498 1490 dimidio
1520 1464 1628 1490 anno

86 1520 207 1562 unius
226 1519 383 1561 brachii
397 1524 559 1561 motum
576 1525 617 1561 et
640 1518 819 1561 officium
835 1518 1094 1574 perdideram
1124 1532 1203 1572 quo
1221 1517 1390 1559 veniens
1407 1517 1628 1558 sanitatem

85 1592 312 1642 receperat.

672 1684 807 1710 LXXIV.
840 1684 891 1709 DE
921 1684 1045 1709 CAECA.

150 1785 171 1839 ᾗ
189 1785 287 1826 438.
323 1784 565 1825 MATHILDIS
587 1784 638 1826 de
662 1783 755 1836 Olif,
781 1784 900 1826 annis
916 1782 1231 1839 quatuordecim
1253 1798 1380 1833 caeca,
1402 1782 1460 1825 ibi
1484 1787 1546 1826 est
1566 1783 1627 1824 lu-

89 1851 201 1893 mine
222 1851 344 1906 pleno
365 1856 572 1907 reparata.

397 1997 517 2024 LXXV.
553 1998 653 2023 ITEM
684 1997 737 2022 DE
767 1997 925 2022 ALTERA
955 1998 1162 2023 SIMILITER
1192 1998 1315 2024 CAECA.

150 2101 168 2154 ᾧ
191 2103 290 2144 439.
324 2100 522 2153 QUAEDAM
544 2099 637 2150 alia,
665 2098 926 2149 Hathewisa,
951 2099 1001 2140 de
1019 2100 1226 2141 Dunelmo
1250 2105 1363 2150 nata,
1377 2100 1500 2156 longo
1524 2105 1627 2142 tein-

92 2184 190 2224 pore
208 2183 329 2219 caeca,
355 2167 409 2208 ad
432 2167 637 2208 Thomam
658 2166 883 2221 gloriosum
906 2166 1061 2208 Christi
1083 2172 1312 2223 martyrem
1333 2168 1531 2222 profecta,
1556 2168 1628 2209 ali-

92 2234 339 2290 quantulum
370 2233 536 2275 luminis
568 2233 765 2288 percepit,
797 2238 841 2274 at
873 2238 1014 2274 tamen
1050 2233 1158 2274 clare
1192 2235 1328 2275 videre
1363 2249 1445 2275 non
1476 2235 1627 2289 potuit.

94 2301 277 2342 Rediens
298 2316 394 2342 Vero
416 2300 572 2342 visione
597 2305 801 2341 nocturna
826 2305 886 2341 est
913 2300 1165 2342 commonita
1188 2306 1235 2342 ut
1259 2301 1314 2342 ad
1340 2301 1540 2343 Fine-hale
1563 2317 1629 2343 ve-

93 2368 213 2419 niret,
237 2367 294 2408 ibi
328 2367 505 2408 salutem
533 2371 791 2421 perceptura.
864 2366 956 2419 Quo
981 2367 1052 2407 ubi
1084 2368 1357 2422 pernoctavit,
1380 2369 1515 2409 visum
1539 2384 1629 2423 per-

89 2436 198 2477 fecte
240 2434 410 2489 recepit.
492 2433 647 2474 Merito
684 2433 823 2487 itaque
858 2434 1062 2474 virtutum
1098 2435 1405 2489 comparatione
1454 2435 1632 2476 Sanctus

143 2572 151 2590 ¹
173 2570 389 2616 Exstiterut]
416 2569 510 2603 Thus
536 2569 691 2603 narrated
719 2569 753 2603 in
779 2569 836 2603 the
861 2582 1072 2616 anonymous
1099 2570 1261 2605 Harleian
1281 2572 1442 2618 Legend:
1481 2572 1572 2606 “Ivo
1591 2573 1632 2606 de

95 2617 300 2652 Brinkelaue
325 2617 434 2650 filium
461 2628 561 2650 suum
587 2628 606 2649 a
631 2616 807 2649 nativitate
832 2622 965 2650 mutum
992 2617 1091 2650 duxit
1115 2617 1158 2650 ad
1180 2618 1342 2652 Sanctum
1361 2619 1573 2661 Godricum;
1600 2625 1633 2652 et

95 2676 173 2699 cuni
198 2669 453 2709 pernoctassent
478 2663 537 2706 ibi,
564 2663 598 2696 in
617 2663 763 2696 crastino
790 2663 928 2696 domum
954 2663 1145 2708 redeuntes,
1164 2665 1254 2709 apud
1279 2665 1420 2699 Novum
1445 2665 1633 2699 Castellum

95 2711 257 2756 hospitati
284 2716 374 2744 sunt.
425 2710 478 2743 Ibi
503 2715 580 2755 post
604 2710 823 2743 refectionem
851 2710 892 2743 do
917 2710 1037 2744 itinere
1062 2722 1123 2743 suo
1147 2710 1302 2755 loquens,
1330 2724 1387 2745 eos
1413 2712 1469 2757 qui
1495 2712 1634 2746 aderant

97 2757 260 2800 exoravit,
278 2763 316 2790 ut
334 2757 566 2801 unusquisque
592 2756 726 2789 illorum
751 2756 877 2790 diceret
895 2756 1092 2790 Orationem
1112 2757 1327 2791 Dominicani
1343 2771 1351 2799 ;
1377 2764 1543 2803 quatenus
1575 2771 1635 2804 per

97 2805 219 2838 merita
236 2804 350 2836 Sancti
370 2803 509 2837 Godrici
528 2803 697 2836 Dominus
714 2802 942 2836 calamitatem
961 2803 1022 2836 filii
1041 2803 1093 2836 sui
1112 2804 1278 2848 respicere
1297 2804 1500 2849 dignaretur.
1551 2805 1636 2839 Ora-

97 2852 191 2930 tionle
208 2850 423 2909 finita‚„1110x
448 2849 564 2894 lingua
586 2850 680 2894 pueri
699 2854 749 2883 est
767 2849 889 2893 soluta,
916 2855 949 2883 et
967 2855 1057 2884 recte
1074 2849 1274 2894 loquebatur
1293 2851 1349 2895 qui
1368 2863 1540 2897 nunquam
1558 2858 1636 2886 ante

100 2903 153 2931 est
184 2903 315 2930 ocutus.

149 2944 161 2961 ²
182 2942 352 2989 Optavit]
381 2942 540 2976 obtinuit
554 2943 610 2987 (ἶ)
