1839 3186
206 184 291 230 178
726 191 962 224 LIBELLUS
998 191 1062 223 DE
1099 191 1216 223 VITA

211 397 297 423 CAP.
322 395 499 421 LXXVIII.
561 396 613 420 DE
658 393 863 419 PRAESAGIO
908 394 1015 423 QUOD
1052 394 1271 429 PRAEDIXIT,
1323 393 1515 423 QUOMODO
1558 392 1608 417 EA
1653 391 1745 420 QUAE

270 464 315 490 IN
353 462 596 492 LONGINQms
628 461 787 487 FINIBUS
823 461 926 487 ACTA
958 461 1075 496 SUNT,
1107 461 1248 486 EADEM
1280 461 1360 486 ILLI
1392 459 1503 486 HORA
1533 458 1746 484 REVELATA

273 513 414 555 ευΝΤ.1

276 629 413 681 ᾧ168.
445 626 637 668 2DE1NDE
668 626 842 681 contigit
878 631 926 667 ut
959 625 1133 667 domnus
1175 625 1303 681 Hugo
1341 625 1632 668 Dunelmensis
1668 624 1751 679 epi-

218 710 364 750 scopus
386 694 439 735 ad
461 694 616 735 curiam
638 693 745 748 regis
767 693 1004 742 coronandi,
1025 693 1089 733 vel
1110 692 1308 733 mandato
1330 698 1516 748 urgente,
1546 707 1617 734 seu
1638 691 1751 732 fama

218 761 448 804 nobilitatis
483 760 720 814 instigante,
752 759 831 800 iter
862 759 1105 813 expediret3
1141 763 1182 799 et
1216 774 1257 800 se
1279 759 1355 800 viri
1380 759 1460 800 Dei
1492 774 1541 800 ac
1576 757 1753 799 filiorum

220 842 386 870 suorum
409 827 705 867 coenobitarum
729 825 1072 867 Dunehnensium
1103 825 1293 880 precibus
1314 826 1516 867 attentius
1548 839 1753 866 commen-

222 895 352 935 daret.
424 893 504 933 Die
531 892 659 947 igitur
684 892 953 933 Pentecostes
984 892 1096 946 apud
1119 892 1319 933 Sanctum
1352 891 1651 933 Eadmundum
1680 905 1752 945 pro

222 976 317 1015 rege
339 958 585 1008 coronando,
603 959 746 1008 clerus,
770 963 937 1000 senatus
958 974 1005 999 ac
1027 959 1201 1013 populus
1222 958 1411 1013 frequens
1432 958 1686 1007 accurrebat,
1712 961 1754 997 et

223 1041 364 1068 omnes
386 1041 513 1075 casas,
547 1026 691 1066 domos
712 1025 777 1066 vel
808 1025 970 1073 solaria,
1004 1026 1128 1066 turba
1151 1025 1431 1067 multitudinis
1453 1025 1618 1080 copiosa
1638 1023 1752 1078 3sup-

224 1094 378 1149 plebat,
412 1097 453 1132 et
489 1092 585 1145 quia
619 1092 705 1132 alta
741 1096 888 1146 petunt
922 1091 1049 1141 venti,
1084 1097 1125 1132 et
1159 1092 1267 1133 celsa
1303 1092 1512 1146 laquearia
1541 1095 1756 1146 magnates

226 1159 418 1215 episcopi,
441 1158 548 1199 inter
583 1158 717 1213 regios
742 1158 948 1199 ministros
970 1164 1011 1199 et
1033 1158 1283 1213 episcopales
1305 1173 1441 1200 servos
1461 1158 1511 1199 lis
1533 1157 1583 1199 de
1605 1156 1757 1197 4divite

226 1242 352 1281 regno
375 1225 571 1275 oboritur,
598 1230 639 1265 et
662 1225 914 1266 concertatio
936 1240 1048 1266 saeva
1067 1240 1140 1280 pro
1173 1225 1295 1266 domo
1332 1224 1546 1281 cujusdam
1567 1224 1761 1277 laqueata

228 1294 336 1334 inter
376 1307 445 1333 eos
486 1291 684 1332 districtis
726 1291 889 1332 ensibus
930 1291 1190 1346 protenditur
1230 1296 1354 1346 atque
1398 1290 1635 1333 conseritur.
1699 1288 1760 1329 Hi

229 1359 395 1414 quidem
426 1358 558 1413 regios
588 1358 797 1399 ministros
825 1356 1008 1413 ejiciunt,
1045 1363 1085 1399 et
1125 1358 1314 1413 episcopo
1347 1359 1548 1413 praeclara
1581 1355 1762 1411 hospitia

228 1426 475 1473 vendicant3
514 1425 573 1465 illi
592 1440 685 1466 vero
707 1424 957 1479 episcopales
977 1423 1136 1480 bajulos
1155 1441 1228 1480 pro
1249 1424 1405 1466 viribus
1426 1422 1442 1446 ⁵
1450 1423 1696 1480 propellunt,
1721 1427 1762 1463 et

231 1493 383 1533 domno
405 1492 491 1546 regi
513 1506 585 1546 pro
610 1492 724 1546 regia
743 1489 961 1545 majestate
983 1492 1086 1532 tales
1107 1492 1300 1533 tabernas
1322 1492 1538 1532 convenire
1563 1488 1763 1531 celebrius

232 1559 503 1614 proclamant.
576 1558 711 1598 Facta
744 1557 871 1612 igitur
905 1557 1013 1598 inter
1039 1573 1107 1599 eos
1135 1558 1397 1599 contentione
1428 1557 1557 1612 gravi⁷
1588 1554 1765 1597 ministri

232 1625 334 1680 regii
364 1624 531 1665 multati
563 1628 604 1664 et
631 1624 835 1665 vulnerati
870 1625 1192 1679 proturbantur3
1232 1629 1272 1665 et
1304 1624 1485 1679 hospitia
1505 1618 1653 1678 ⁶regia,
1682 1636 1764 1662 non

235 1692 320 1733 sine
338 1690 587 1732 contumelia
606 1691 733 1745 regia,
758 1691 1056 1745 episcopalibus
1078 1691 1278 1732 ministris
1300 1691 1565 1746 deputantur.
1638 1688 1764 1729 Unde

235 1773 309 1799 rex
330 1757 511 1813 graviter
530 1756 834 1812 ⁷exaspe1-atus,
859 1758 898 1798 in
916 1758 1019 1798 iram
1042 1773 1139 1812 erga
1160 1757 1336 1798 eundem
1358 1757 1594 1812 episcopum
1615 1755 1766 1811 agitur,

236 1830 277 1866 et
299 1823 582 1879 indignatione
600 1839 693 1864 cum
715 1824 849 1864 furore
871 1824 1054 1865 maximo
1076 1824 1117 1865 in
1138 1824 1340 1865 insaniam
1361 1824 1646 1878 torquebatur.

295 1892 313 1943 ᾗ
338 1893 434 1933 169.
469 1890 627 1931 Mirum
656 1890 697 1930 in
725 1890 896 1931 modum
924 1891 1069 1931 eadem
1100 1891 1202 1931 hora
1224 1891 1309 1932 viro
1329 1890 1410 1931 Dei
1431 1889 1592 1944 longius
1616 1888 1657 1929 in
1679 1903 1766 1943 sep-

238 1957 498 2000 tentrionalis
532 1956 696 2011 Angliae
732 1955 881 1998 finibus
924 1957 1069 2011 posito,
1112 1972 1177 1998 res
1216 1957 1306 2012 ipsa
1345 1956 1539 2006 innotuit,
1582 1960 1623 1996 et
1659 1954 1769 2008 quod

239 2025 395 2066 factum
429 2023 572 2065 fuisset
614 2023 670 2064 ibi
704 2022 747 2063 in
782 2023 978 2064 extremis
1013 2023 1287 2064 Orientalium
1308 2022 1544 2078 Anglorum
1578 2021 1769 2071 gsinibus,

290 2134 299 2153 ¹
328 2133 369 2167 In
386 2133 443 2166 the
463 2132 559 2166 Harl.
578 2131 654 2165 MS.
673 2131 811 2177 chapter
829 2132 1021 2167 LXXVII.

291 2177 305 2198 ²
325 2179 486 2224 Deinde]
512 2178 595 2211 This
625 2178 762 2223 chapter
791 2178 819 2211 is
850 2178 1005 2212 involved
1032 2179 1066 2212 in
1096 2191 1189 2212 some
1219 2179 1395 2225 difficulty.
1447 2179 1576 2225 Bishop
1607 2179 1773 2224 Pudsey’s

243 2227 435 2272 episcopate
462 2224 632 2258 extended
648 2225 734 2257 from
753 2236 786 2257 A.
802 2236 835 2258 n,
859 2227 948 2258 1152
972 2231 1007 2258 to
1036 2228 1136 2267 1194,
1164 2225 1284 2271 during
1300 2226 1410 2260 which
1429 2227 1545 2271 period
1563 2226 1657 2259 there
1686 2237 1773 2258 were

246 2274 340 2307 three
367 2272 589 2314 coronafflons,
607 2270 715 2313 those,
742 2270 888 2316 nmnely,
915 2271 952 2304 of
975 2271 1093 2317 Henry
1113 2272 1173 2314 II„
1201 2273 1238 2305 of
1260 2273 1317 2306 the
1335 2285 1449 2318 young
1472 2273 1554 2317 king
1574 2273 1702 2317 Henry,
1720 2272 1774 2304 his

247 2332 319 2363 son⁷
338 2319 404 2352 and
421 2318 458 2351 of
472 2317 620 2350 Richard
637 2317 694 2350 the
714 2317 815 2351 First.
865 2317 900 2350 N
904 2330 967 2350 one
985 2319 1022 2351 of
1035 2319 1140 2361 these,
1158 2319 1324 2361 however,
1339 2319 1492 2353 coincide
1506 2319 1588 2352 with
1605 2319 1662 2352 the
1679 2318 1775 2364 place

248 2379 284 2400 or
301 2366 358 2399 the
377 2365 452 2398 date
474 2364 670 2397 mentioned
692 2364 727 2396 in
745 2363 802 2397 the
821 2370 906 2407 text,
924 2364 961 2405 if,
980 2365 1113 2405 indeed,
1132 2365 1298 2410 Reginald
1319 2377 1436 2399 means
1454 2371 1487 2399 to
1506 2371 1611 2399 assert
1629 2365 1701 2398 that
1718 2364 1776 2397 the

248 2412 444 2446 coronation
461 2422 529 2444 was
547 2410 628 2443 then
646 2410 711 2443 and
729 2410 823 2444 there
841 2410 1044 2445 celebrated.
1094 2412 1168 2445 The
1192 2412 1358 2446 narrative
1376 2412 1413 2445 of
1427 2412 1570 2454 Galsrid,
1589 2411 1606 2456 ξ
1624 2414 1681 2452 40,
1698 2411 1776 2444 thus

248 2464 397 2493 narrates
414 2457 472 2491 the
497 2456 647 2490 incident
665 2457 699 2489 in
721 2468 813 2489 more
837 2457 972 2501 general
991 2464 1094 2491 ternis
1111 2471 1117 2492 :
1144 2460 1165 2476 “
1180 2459 1264 2492 Orta
1287 2465 1337 2492 est
1354 2459 1388 2492 in
1407 2458 1625 2492 orientalibus
1644 2457 1778 2502 Angliae

248 2505 400 2551 partibus
418 2504 505 2537 inter
521 2503 693 2536 ministros
711 2503 798 2547 regis
816 2509 849 2536 et
867 2503 1015 2549 episcopi
1035 2504 1276 2538 Dunelmensis
1294 2517 1393 2550 super
1408 2505 1565 2550 hospitiis
1590 2504 1691 2549 regiis
1708 2504 1778 2536 vio-

251 2553 359 2585 lenter
385 2550 557 2595 oecupatis
582 2549 768 2591 altercatio,
787 2550 860 2592 jam
881 2551 1022 2594 jamque
1040 2551 1171 2584 eductis
1187 2551 1309 2596 gladiis
1327 2551 1369 2584 ad
1384 2550 1521 2584 vulnera
1539 2556 1572 2584 et
1586 2551 1722 2584 verbera
1747 2555 1780 2583 et

252 2597 498 2632 contumeliosa
514 2601 734 2641 pervenerant
752 2595 886 2629 verba.⁷’

298 2645 310 2663 ³
327 2641 532 2689 Supplebat]
561 2641 627 2675 Vel
644 2641 804 2687 replebat,
826 2642 869 2675 B.

297 2692 310 2711 ⁴
331 2691 449 2724 Divite
466 2688 594 2735 regna]
622 2688 729 2733 Regio
748 2689 792 2733 (Ἰ)
843 2688 895 2722 De
914 2689 1007 2722 duite
1023 2689 1145 2735 [divite
1161 2689 1192 2736 Ῡ]
1213 2689 1344 2735 Rogero
1362 2702 1475 2736 regno,
1497 2690 1543 2724 H.

298 2738 310 2756 ⁵
330 2736 558 2781 Propellunt]
583 2734 780 2780 ExpeHunt,
803 2734 850 2768 H.

298 2784 311 2802 ⁶
333 2783 470 2829 Regia]
496 2782 612 2827 Regia,
632 2780 891 2826 episcopalibus,
914 2781 960 2815 H.

297 2830 310 2854 7
332 2828 582 2874 Eirasperatus]
608 2828 849 2873 Exasperatrm,
867 2827 1068 2863 furibundus
1086 2829 1119 2862 in
1138 2829 1232 2872 iram,
1255 2829 1302 2864 H.

300 2877 313 2896 ⁸
330 2874 489 2921 Sinibus]
519 2874 673 2919 Finibus,
695 2874 741 2909 H.
