1839 3186
519 145 579 176 ET
613 143 879 176 MIRACULIS
915 143 950 174 S.
984 142 1202 174 GODRICI.
1555 132 1634 178 173

101 247 391 299 celebraverat,
434 249 699 290 vehementer
734 247 965 302 obstupuit,
1008 262 1055 287 eo
1096 247 1207 301 quod
1249 261 1325 288 nec
1357 246 1457 288 dum
1489 247 1631 289 ¹alicui

100 315 195 356 talis
213 314 324 355 fama
346 314 445 356 facti
466 315 672 363 innotuit3
708 329 837 369 nuper
856 329 951 355 vero
974 313 1253 368 postmodum,
1286 313 1398 354 fama
1421 315 1630 369 vulgante,

101 382 238 422 obitus
270 382 378 422 tanti
399 382 528 436 patris
555 381 871 435 circumquaque
894 380 1127 435 percrebuit
1149 397 1159 428 3
1195 385 1237 421 et
1260 379 1404 420 eadem
1428 381 1531 421 hora
1552 397 1632 435 qua

101 447 280 496 dixerat,
312 448 427 489 illum
460 448 680 503 emigrasse
711 447 770 488 rei
803 446 940 488 exitus
971 451 1163 501 patenter
1182 446 1391 487 ostendit.
1463 447 1499 487 Ο
1522 448 1633 488 beati

100 515 220 564 oculi,
244 514 391 568 quibus
418 514 563 555 datum
594 519 656 556 est
687 518 807 555 tanta
839 513 918 554 Dei
950 513 1158 568 magnalia
1189 512 1390 560 contueri,
1424 518 1465 554 et
1497 514 1632 554 coeles-

101 581 212 622 tibus
242 579 575 636 jocunditatibus
610 581 652 622 in
687 581 765 621 hoc
796 595 892 621 vase
927 580 1063 621 adhuc
1094 578 1210 620 fictili
1242 579 1408 634 perfrui,
1440 595 1515 621 nec
1550 595 1631 621 non

101 647 315 702 Angelicis
337 648 603 689 concentibus
628 646 845 688 admisceri
865 650 873 688 Ζ
940 646 1061 687 Felix
1085 651 1195 687 certe
1227 650 1288 687 est
1310 644 1397 701 ejus
1418 647 1567 697 anima,
1592 651 1633 688 et

100 713 212 754 omni
234 713 355 755 laude
380 714 630 769 dignissima,
654 729 744 767 quae
763 713 892 755 tantis
914 712 1057 754 Sancti
1081 712 1260 767 Spiritus
1295 712 1535 767 pignoribus
1571 718 1632 754 est

102 780 301 822 delibuta.
368 779 480 822 Vere
510 779 618 821 filius
642 779 723 821 Dei
755 785 817 821 est
853 780 930 821 iste
961 779 1029 834 qui
1061 779 1208 834 spiritu
1232 784 1378 834 regnat
1403 780 1511 821 inter
1532 780 1633 821 talia

100 847 345 902 gaudiorum
368 848 597 896 solamina3
632 851 673 888 et
698 846 855 888 carneis
869 847 1004 888 adhuc
1028 846 1202 887 vinculis
1217 846 1386 897 obsitus,
1413 851 1635 888 contuetur

101 918 268 955 aeterna.

162 979 267 1020 Haee
304 980 443 1021 omnia
478 980 619 1021 ordine
656 979 801 1020 eodem
840 993 919 1033 quo
956 978 1259 1034 descripsimus,
1300 978 1452 1021 domno
1490 979 1633 1021 abbati

102 1046 385 1089 AEtheldredo
403 1046 456 1089 ab
477 1046 566 1103 ipso
589 1046 721 1088 relata
741 1045 756 1068 ²
773 1045 1145 1101 comprobavimus.

100 1337 189 1362 CAP.
215 1335 357 1362 LXXVI.
418 1333 622 1364 QUALITER
652 1332 818 1357 VIDERIT
842 1331 1016 1357 ANIMAM
1048 1329 1240 1355 MULIERIS
1272 1331 1319 1356 ET
1351 1331 1531 1366 ABBATIS,
1565 1332 1633 1356 AL-

159 1404 301 1429 TERIUS
333 1402 522 1436 FINITIMI,
555 1401 604 1426 ET
642 1399 838 1425 ALTERIUS
877 1399 920 1423 IN
952 1397 1121 1423 EXTERIS
1168 1397 1330 1424 FINIBUS
1362 1398 1524 1423 ANGLIAE
1563 1399 1633 1424 ΜΙ-

159 1470 343 1506 GRANTIS,
377 1469 454 1495 VEL
489 1468 587 1497 QUID
618 1467 669 1492 DE
700 1467 809 1492 HORA
841 1465 985 1491 EXITUS
1021 1464 1201 1490 ILLORUM
1233 1445 1520 1491 EXPOSUERIT.³

160 1572 179 1624 ᾗ
202 1572 300 1613 164,
332 1569 500 1611 ABHINC
523 1567 674 1610 modici
696 1565 893 1622 temporis
914 1564 1094 1620 spatium
1116 1560 1415 1613 interfluxerat,
1453 1568 1494 1603 et
1526 1578 1632 1614 ecce,

99 1638 162 1680 vir
182 1638 348 1692 quidam
370 1636 406 1678 ei
428 1635 640 1677 familiaris
664 1634 715 1675 de
735 1633 903 1674 civitate
926 1631 1123 1672 Dunelmi
1145 1630 1267 1671 solita
1300 1629 1377 1670 sibi
1402 1629 1634 1672 devotionis

100 1705 236 1760 gratia
275 1704 330 1745 ad
365 1704 444 1745 viri
478 1701 726 1755 colloquium
769 1698 1041 1740 4confluebat.
1104 1698 1207 1738 Post
1242 1696 1385 1736 multae
1424 1696 1633 1738 dilationis

101 1771 274 1812 verbosa
298 1769 481 1817 consilia,
504 1768 558 1809 ad
582 1767 743 1822 singula
761 1767 823 1808 vir
844 1765 923 1806 Dei
949 1764 1130 1806 seriatim
1151 1762 1363 1817 respondit
1385 1761 1634 1804 sufficienter

102 1852 308 1893 perpauca
341 1836 594 1890 eloquiorum
621 1832 879 1892 compendia.
948 1831 1032 1872 Hic
1054 1830 1162 1871 enim
1190 1844 1279 1870 mos
1300 1828 1357 1869 illi
1380 1829 1634 1883 probabatur

101 1904 311 1954 exsistere,
351 1903 483 1944 multa
506 1901 714 1957 patienter
742 1899 898 1949 audire,
922 1897 1091 1954 singulis
1115 1895 1296 1938 onerosis
1318 1895 1510 1937 clausulis
1540 1911 1631 1951 per-

149 2012 157 2030 ¹
176 2010 320 2056 Aliena]
345 2010 420 2044 Illic
438 2009 552 2052 alicui,
574 2009 621 2043 H.

146 2058 160 2079 2
181 2056 492 2102 Comprobavimus]
528 2055 812 2102 Approbavimus,
841 2053 1025 2088 H.—The
1057 2052 1222 2086 narrative
1256 2053 1284 2086 is
1311 2052 1390 2086 thus
1424 2053 1631 2089 continued:

102 2104 250 2147 “Quem
268 2104 317 2137 vir
342 2103 407 2137 Dei
433 2099 616 2136 exeuntem
642 2102 725 2135 vidit
750 2113 770 2135 a
795 2112 943 2147 corpore,
970 2107 1003 2133 et
1032 2099 1183 2144 Angelos
1208 2111 1228 2132 a
1253 2100 1376 2144 quibus
1402 2099 1571 2134 ferebatur
1596 2101 1631 2134 in

102 2151 238 2185 coelum.
292 2150 506 2184 Videbantur
523 2150 613 2183 enim
635 2149 664 2182 ei
687 2148 783 2193 quasi
801 2148 867 2181 duo
884 2147 972 2180 muri
998 2158 1018 2180 a
1042 2146 1139 2179 terris
1157 2146 1191 2179 in
1210 2146 1334 2180 coelum
1352 2147 1467 2190 erecti,
1495 2153 1528 2180 et
1545 2147 1632 2181 inter

102 2198 178 2231 illos
203 2203 270 2231 tres
296 2196 420 2241 Angeli
444 2196 577 2230 abbatis
600 2196 748 2229 animam
776 2194 978 2227 deferentes.
1027 2192 1179 2235 Quorum
1199 2192 1265 2225 duo
1289 2193 1437 2226 mediam
1464 2193 1632 2227 ducebant

102 2245 189 2278 inter
214 2256 250 2277 se
275 2243 406 2277 abbatis
431 2243 602 2285 animam3
628 2242 747 2275 tertius
775 2253 851 2274 vero
881 2252 982 2285 supra
1009 2239 1085 2273 illos
1114 2239 1207 2284 [MS.
1225 2239 1378 2285 illorum]
1406 2240 1630 2284 prominebat.

103 2290 186 2324 Erat
211 2296 324 2324 autem
351 2290 464 2323 anima
484 2289 575 2322 velut
592 2289 724 2334 sphaera
741 2287 896 2332 quaedam
926 2287 1047 2331 ignea3
1072 2297 1135 2319 nec
1160 2286 1253 2319 aliud
1278 2287 1388 2331 potuit
1413 2286 1562 2320 indicare
1589 2287 1630 2320 de

101 2338 225 2371 animae
241 2337 349 2370 forma
374 2336 443 2369 sive
468 2335 667 2378 substantia,
685 2334 749 2368 nisi
769 2334 858 2379 quod
876 2339 965 2367 esset
983 2332 1119 2377 quidam
1138 2332 1285 2366 circulus
1311 2332 1397 2377 ignis
1415 2333 1579 2366 rotundus
1597 2340 1631 2367 et

101 2383 247 2417 lucidus.
298 2383 399 2417 Unde
418 2382 551 2416 dicebat
568 2394 604 2415 se
620 2381 804 2427 plurimum
826 2379 982 2413 admirari
1001 2379 1091 2424 quod
1113 2379 1236 2412 animae
1259 2379 1449 2412 substantia
1466 2379 1630 2424 sphaerico

101 2430 273 2464 schemate
299 2429 484 2462 videbatur.
546 2428 645 2461 Vidit
670 2434 783 2461 autem
809 2427 876 2460 illis
903 2425 1117 2459 venientibus
1142 2425 1219 2459 coeli
1240 2426 1364 2469 januas
1393 2426 1525 2471 aperiri,
1552 2427 1631 2471 quia

100 2477 188 2510 hanc
206 2487 323 2509 vocem
348 2475 477 2509 audivit
495 2486 513 2508 e
530 2474 618 2509 coelo
634 2487 640 2509 :
668 2476 677 2493 ‘
690 2474 815 2507 Venite
832 2484 922 2506 nunc
947 2472 1048 2506 amici
1066 2472 1151 2515 Mei,
1170 2472 1281 2505 venite
1305 2484 1395 2505 nunc
1412 2472 1512 2505 amici
1532 2472 1631 2507 Mei.‘

102 2523 266 2567 Viditque
293 2522 441 2556 animam
467 2522 665 2555 Sanctorum
697 2520 838 2565 collegio
865 2519 998 2553 sociari.
1049 2518 1125 2552 Hoc
1153 2519 1187 2551 in
1213 2518 1360 2552 crastino
1385 2525 1460 2564 post
1484 2518 1629 2552 Missam

101 2570 142 2603 de
167 2569 299 2603 abbatis
324 2569 419 2602 obitu
442 2568 638 2614 presbytero
666 2567 840 2610 indicavit,
870 2566 927 2611 qui
958 2565 1174 2599 vehementer
1199 2565 1383 2610 obstupuit,
1411 2565 1490 2609 quia
1515 2565 1627 2599 nullus

99 2616 210 2649 adhuc
234 2615 300 2648 fuit
324 2614 402 2648 inde
427 2626 541 2648 rumor
565 2614 712 2648 auditus.
773 2613 860 2647 Haec
885 2612 999 2645 omnia
1027 2612 1214 2645 secundum
1241 2611 1392 2645 ordinem
1419 2622 1518 2655 quem
1544 2623 1630 2656 prae-

102 2662 263 2704 diximus,
281 2662 424 2706 ipsemet
441 2661 565 2694 domno
583 2660 696 2694 abbati
714 2660 828 2694 retulit
847 2658 1067 2693 Ethelred0.”
1094 2659 1207 2692 Anon.
1225 2657 1321 2691 Harl.
1339 2657 1489 2702 Legend.

148 2710 162 2730 ³
188 2708 335 2752 Chapter
353 2707 504 2741 LXXV.
522 2708 556 2741 in
574 2707 632 2740 the
650 2706 745 2741 Harl.
765 2706 841 2740 MS.

149 2756 160 2774 ⁴
182 2754 406 2799 Confluebat]
430 2755 461 2786 A
475 2754 604 2787 similar
620 2765 680 2787 use
692 2753 729 2787 of
741 2753 808 2787 this
823 2751 912 2796 verb,
927 2764 963 2786 as
980 2750 1115 2797 applied
1133 2750 1213 2795 only
1226 2757 1260 2783 to
1275 2762 1293 2783 a
1307 2749 1414 2794 single
1432 2749 1629 2794 individua]⁷

102 2813 181 2847 may
198 2801 240 2835 bc
258 2812 336 2835 seen
354 2800 388 2833 in
408 2796 425 2845 ξ
446 2803 524 2834 205.
