1839 3186
532 205 591 236 ET
626 204 893 237 MIRACULIS
930 204 962 236 S.
989 201 1204 236 GODRICI.
1557 196 1637 234 185

102 411 188 437 οΑΡ.
208 409 384 435 Lxxxm.
461 408 624 438 QUANTO
655 407 814 433 LUMINE
856 406 1130 433 Pnnnusrnfflzr
1166 405 1454 440 coxsunvnmr,
1487 405 1535 429 ET
1566 405 1639 431 sUB

165 477 269 506 onor
312 476 471 501 FIGURIS
515 475 596 500 ILLI
642 474 911 510 APPARUERIT,
950 474 999 500 ET
1044 473 1246 503 QUALITER
1288 472 1339 497 DE
1370 471 1436 497 H1s
1481 471 1642 498 PROTES-

162 544 259 568 TARI
294 543 371 568 VEL
402 541 523 571 Loour
558 525 819 568 CONSUEV1T.¹

168 640 310 697 §176
344 641 503 682 Siamus
542 654 637 681 eum
668 638 973 693 alloquentibus
1003 643 1045 680 et
1068 637 1119 679 de
1146 638 1301 680 lumine
1332 637 1535 693 spirituali
1564 653 1644 680 ser-

107 724 272 749 monem
295 707 557 757 habentibus,
582 706 690 747 inter
711 705 792 747 alia
815 706 973 747 solebat
1010 706 1232 760 protestari
1255 710 1295 746 et
1319 705 1466 755 dicere,
1505 720 1553 746 ac
1586 705 1646 745 ita

108 776 297 816 indoctos
319 775 369 815 de
392 773 674 828 spiritualibus
696 772 883 820 erudire3
920 776 945 794 “
973 771 1054 825 Qui
1077 772 1168 812 Deo
1190 770 1409 821 fideliter‚”
1442 772 1642 826 inquiens,

112 846 137 863 ‘⁶
163 857 259 883 Vero
278 841 458 890 Lumini,
481 839 673 889 intendit,
696 854 772 880 nec
804 838 929 880 etiam
957 843 1159 879 nocturno
1192 843 1379 894 tempore
1401 839 1442 879 in
1464 838 1645 879 tenebris

110 908 360 949 irruentibus
388 907 592 947 offendere
629 905 795 960 poterit.
867 905 1028 960 Nempe
1061 905 1297 959 frequenter
1333 906 1432 946 dum
1464 905 1573 946 solus
1603 904 1645 945 in

111 975 214 1016 cella
251 979 452 1014 nocturno
492 978 676 1027 tempore
709 972 887 1013 residere
923 986 1159 1019 consuesco,
1197 972 1312 1026 quasi
1350 972 1490 1013 lunam
1526 972 1647 1026 plene

110 1041 318 1081 lucentem
353 1040 396 1080 in
431 1039 587 1093 pariete
609 1038 743 1087 videO,
777 1054 865 1091 quae
889 1038 1058 1078 domum
1087 1043 1221 1079 totam
1255 1038 1525 1079 illuminando
1548 1038 1647 1079 irra-

113 1108 213 1158 diat,
237 1112 278 1148 et
299 1107 400 1147 mihi
422 1105 578 1146 ‘²lucem
599 1104 932 1159 inexplicabilem
953 1108 1238 1159 repraesentat.
1296 1104 1535 1158 Aliquando
1554 1120 1649 1159 pars

114 1174 251 1228 aliqua
286 1178 333 1214 ut
361 1172 629 1214 semiscutum
658 1186 774 1212 secus
801 1171 1001 1226 parietem
1036 1171 1181 1222 elucet,
1223 1186 1315 1225 quae
1352 1186 1646 1225 nonnunquam

114 1240 343 1290 candelam,
367 1239 432 1281 vel
453 1239 678 1286 lucernam,
700 1253 771 1278 seu
793 1253 955 1279 cereum
977 1238 1186 1278 lucentem
1208 1238 1270 1279 sui
1292 1237 1561 1278 similitudine
1582 1253 1647 1278 ex-

113 1307 242 1357 hibet,
271 1306 427 1347 3multo
456 1305 580 1346 toties
611 1304 713 1345 cella
746 1304 827 1345 ista
863 1310 981 1345 tanto
1012 1305 1166 1345 lumine
1197 1304 1392 1359 repletur,
1423 1304 1532 1358 quod
1568 1304 1648 1345 diei

114 1373 372 1428 splendorem
395 1386 468 1413 sua
495 1370 683 1412 claritate
704 1370 904 1412 excedere
926 1370 1148 1411 videretur.
1221 1371 1308 1412 Nec
1336 1371 1437 1411 mihi
1459 1371 1532 1412 lux
1553 1371 1649 1412 talis

116 1439 268 1489 deficit,
293 1439 364 1480 sed
389 1438 527 1494 potius
548 1437 650 1479 mihi
672 1452 832 1492 semper
853 1437 964 1478 omni
986 1442 1172 1492 tempore
1195 1443 1426 1492 opportuno
1448 1442 1489 1478 et
1510 1452 1648 1478 neces-

115 1506 220 1548 sario
249 1505 447 1547 illucescit
466 1522 477 1553 z,
516 1509 557 1545 et
580 1504 640 1545 ita
668 1504 719 1545 de
741 1504 839 1545 coelo
874 1504 976 1545 mihi
998 1504 1132 1544 lucem
1154 1503 1314 1545 tribuit.
1386 1504 1466 1556 Qui
1489 1519 1648 1558 semper

116 1573 275 1614 lucidus
296 1572 433 1613 omnia
461 1571 692 1612 illuminare
713 1586 794 1611 non
827 1568 1019 1612 desinit.⁷'
1085 1571 1190 1611 Haec
1224 1576 1264 1612 et
1297 1570 1362 1612 his
1383 1570 1532 1612 similia
1562 1571 1648 1625 ipse

115 1639 267 1694 saepius
301 1638 456 1689 retulit,
500 1642 541 1679 et
579 1637 807 1679 Dominum
844 1637 887 1678 in
924 1637 1007 1679 suis
1048 1637 1239 1692 operibus
1274 1636 1506 1693 glorificans
1536 1637 1647 1678 4001—

114 1705 314 1748 laudavit.

119 1934 206 1959 CAP.
236 1933 408 1958 LXXXIV.
471 1931 673 1961 QUALITER
704 1932 795 1957 SOLO
826 1932 946 1957 PANIS
978 1931 1109 1957 ILLIUS
1140 1931 1288 1957 EDULIO
1322 1931 1548 1961 QUINDECIM
1586 1933 1648 1957 IN-

194 2000 311 2025 FIRMI
346 1999 534 2024 LIBERATI
566 1998 743 2023 FUERINT
784 1999 834 2023 AB
866 1998 1136 2024 AEGRITUDINIS
1167 1998 1253 2023 SUAE
1284 1982 1568 2024 INCOMMODO.5

176 2099 198 2153 ξ
224 2096 319 2142 177.
352 2097 415 2138 ET
446 2097 542 2151 quia
571 2097 696 2138 latius
724 2096 800 2138 viri
832 2096 912 2138 Dei
946 2096 1056 2138 fama
1094 2098 1341 2152 percrebuit,
1377 2099 1649 2154 undecunque

118 2172 322 2206 terrarum
345 2164 495 2205 diversi
517 2163 671 2205 ordinis
699 2163 784 2205 sive
811 2163 1026 2218 dignitatis
1057 2164 1110 2204 ad
1143 2164 1278 2218 ipsum
1302 2165 1492 2220 frequens
1526 2167 1650 2208 turba

118 2230 331 2272 confluxit.
395 2230 510 2271 Inter
533 2245 631 2284 quos
654 2229 821 2283 quidam
844 2230 972 2271 abbas
994 2230 1044 2271 de
1066 2230 1206 2271 ordine
1230 2226 1493 2273 6Guiseorum
1525 2234 1648 2274 adve-

117 2303 249 2348 nerat,
275 2297 343 2351 qui
364 2296 490 2351 ipsius
512 2297 745 2337 orationum
770 2296 1126 2339 benedictionibus
1148 2297 1302 2352 perfrui
1323 2299 1515 2354 cupiebat
1533 2317 1544 2348 ;
1581 2300 1649 2354 qui

165 2392 174 2412 ¹
203 2391 286 2424 This
304 2390 441 2435 chapter
459 2390 539 2423 does
556 2395 615 2423 not
633 2401 733 2423 occur
750 2390 785 2423 in
803 2389 859 2423 the
878 2389 975 2424 Harl.
993 2389 1069 2424 MS.

161 2439 173 2457 ²
194 2436 346 2483 Lucem]
374 2437 417 2469 So
436 2437 533 2481 again
553 2433 571 2481 ξ
591 2438 670 2470 266.

163 2485 176 2504 ³
194 2484 310 2517 Multo
327 2482 451 2529 toties]
480 2483 592 2515 Multo
609 2482 744 2524 totiens,
761 2482 805 2515 Β.

163 2531 175 2550 ⁴
196 2529 433 2574 Collaudavit]
458 2529 628 2562 “Solebat
655 2529 704 2562 vir
730 2529 795 2562 Dei
821 2540 936 2562 seeum
956 2529 996 2562 de
1023 2530 1153 2564 lumine
1182 2530 1349 2576 spirituali
1375 2532 1646 2577 colloquentibus

117 2577 228 2610 dicere
239 2576 328 2621 quod
346 2577 381 2609 in
397 2575 546 2609 tenebris
564 2582 698 2608 exstare
715 2587 782 2608 non
799 2576 933 2620 poterit,
948 2577 1005 2620 qui
1022 2576 1168 2610 fideliter
1185 2577 1219 2610 in
1238 2577 1361 2621 Deum,
1378 2578 1445 2620 Qui
1464 2586 1514 2612 est
1530 2591 1644 2612 verum

117 2623 260 2666 Lumen,
280 2622 436 2656 intendit.
487 2623 495 2639 ‘
508 2621 668 2666 Nenipe,'
685 2622 743 2665 ait,
764 2625 773 2641 ⁴
787 2634 848 2666 ego
866 2622 907 2655 de
928 2629 1027 2656 nocte
1043 2623 1224 2667 aliquando
1250 2624 1342 2657 solus
1363 2625 1397 2657 in
1415 2624 1510 2668 cella,
1528 2625 1644 2659 lunam

118 2670 213 2713 quasi
237 2669 370 2714 plenam
396 2669 431 2701 in
455 2668 582 2713 pariete
601 2667 698 2701 video
723 2668 941 2712 relucentem,
963 2675 996 2702 et
1014 2670 1216 2714 quandoque
1242 2670 1333 2703 velut
1361 2672 1595 2716 senriseutum,
1613 2680 1646 2706 et

117 2727 357 2759 nonnunquam
383 2714 522 2748 exhibet
547 2714 805 2747 similitudinem
836 2715 922 2748 cerei
948 2722 1005 2749 aut
1031 2716 1189 2750 lucernae.
1239 2716 1417 2750 Multoties
1444 2717 1545 2750 ctiam
1572 2719 1646 2753 haee

117 2761 202 2795 cella
219 2761 365 2805 repletur
382 2767 474 2794 tanto
492 2760 632 2803 lumine,
651 2766 687 2794 ut
705 2760 771 2794 diei
790 2760 978 2795 claritatem
998 2762 1150 2796 videatur
1168 2763 1356 2797 excedere?
1369 2764 1391 2779 ''
1419 2763 1513 2798 Harl.
1533 2765 1645 2800 Anon.

117 2807 264 2841 Leo-end.

161 2836 232 2887 {³111
249 2853 306 2887 the
327 2854 423 2887 Harl.
442 2853 517 2886 MS.
535 2853 673 2898 chapter
692 2853 809 2887 Xon.

161 2902 174 2921 ὅ
195 2900 418 2945 Griseorum.]
444 2900 505 2933 See
527 2899 544 2944 ξ
566 2902 644 2934 164.
