1839 3186
556 191 615 223 ET
650 191 913 224 MIRACULIS
949 192 983 223 s.
1012 191 1228 224 GODRICI.
1571 183 1653 222 333

420 608 574 650 ITEM
634 608 833 650 ALIUD
885 607 1353 650 ARGUMENTUM.

175 771 193 824 ᾧ
225 772 321 813 316.
370 771 434 811 1N
438 787 460 811 E
482 772 647 813 lectoris
669 771 806 812 animo
836 771 878 812 in
899 771 977 812 hoc
1009 771 1206 826 opusculo
1229 775 1451 826 poneretur
1472 770 1646 812 offendi-

117 838 267 888 culum,
304 837 492 891 quaedam
526 838 708 893 capitula
740 839 782 879 in
812 837 890 879 fine
919 838 1046 879 libelli
1079 838 1291 893 posuimus
1323 853 1519 887 seorsum,
1558 853 1646 891 quae

115 901 202 958 ejus
256 904 498 957 linquuntur
541 903 700 960 judicio
742 920 795 945 an
837 920 885 945 ea
924 905 1187 945 admittenda
1231 905 1325 954 sint,
1376 904 1440 945 vel
1483 904 1647 959 proprio

115 970 345 1024 separanda
376 971 560 1012 arbitrio.
632 970 749 1011 Sedit
785 971 912 1025 igitur
943 971 1080 1012 animo
1112 986 1161 1012 ea
1182 985 1390 1026 seponere,
1415 970 1486 1011 sed
1506 975 1647 1011 tamen

114 1036 286 1077 aliorum
309 1036 564 1091 dispositioni
596 1037 882 1085 committere3
916 1042 963 1078 ut
989 1037 1057 1091 qui
1089 1038 1166 1078 hoc
1188 1052 1290 1092 opus
1314 1037 1420 1078 forte
1452 1037 1529 1078 sibi
1551 1038 1646 1078 scri-

113 1102 293 1143 bendum
318 1103 557 1152 decreverit,
580 1104 651 1144 ubi
676 1103 734 1143 illi
757 1104 957 1158 placuerit
981 1119 1029 1144 ea
1059 1104 1249 1153 inserere,
1273 1103 1338 1144 vel
1362 1103 1538 1154 demere,
1572 1119 1645 1158 pro

112 1169 381 1223 providentiae
405 1170 579 1224 propriae
612 1170 730 1211 libito
758 1170 901 1224 possit.
965 1170 1074 1210 Nam
1103 1170 1206 1211 adeo
1240 1170 1335 1217 ista,
1360 1170 1465 1210 sicut
1489 1175 1529 1211 et
1560 1170 1644 1219 illa,

112 1235 321 1289 pertinent
354 1236 407 1277 ad
436 1237 495 1276 rei
517 1237 688 1284 seriem3
739 1235 811 1277 sed
837 1251 884 1277 ea
905 1236 997 1277 ideo
1015 1252 1198 1278 seorsum
1235 1236 1458 1291 posuimus,
1483 1252 1533 1277 ne
1556 1252 1646 1291 pro-

112 1301 254 1344 lixitas
271 1302 428 1344 fastidii
444 1308 606 1357 pareret
629 1303 884 1344 facultatem.

111 1657 199 1682 CAP.
234 1658 262 1683 Ι.
296 1659 347 1683 DE
378 1658 547 1688 QUODAM
579 1658 774 1684 MINISTRO
795 1658 881 1683 VIRI
912 1658 992 1692 DEI,
1015 1658 1081 1683 CUI
1113 1657 1288 1683 SANCTUS
1318 1657 1528 1683 JOHANNES
1553 1659 1645 1684 ΒΑΡ-

177 1725 290 1749 TISTA
321 1725 447 1750 PRIMA
482 1726 581 1750 FERE
612 1725 721 1751 HORA
753 1725 837 1749 DIEl
870 1725 1101 1757 APPARU1T3
1148 1724 1339 1753 QUOMODO
1378 1725 1507 1749 ILLUM
1544 1726 1645 1750 IDEM

168 1791 341 1817 SANCTUS
362 1792 555 1827 DUXERIT,
579 1792 656 1816 VEL
677 1791 795 1820 QUAM
816 1791 958 1816 MULTA
984 1790 1064 1816 ILLI
1085 1773 1372 1816 DECLAVERIT.‘“⁷

169 1907 187 1959 ᾧ
221 1906 319 1951 317.
362 1906 560 1960 3QU1DAM
596 1906 834 1948 adolescens
865 1910 1001 1955 aetate,
1040 1905 1112 1946 sed
1144 1911 1284 1947 tamen
1322 1913 1510 1948 maturus
1535 1908 1645 1949 omni

110 1989 271 2015 morum
304 1974 523 2028 probitate,
551 1973 627 2015 viri
665 1972 745 2013 Dei
779 1971 1017 2013 ministeriis
1051 1971 1247 2027 singulari
1279 1973 1554 2014 sollicitudine
1576 1974 1644 2015 de-

111 2040 291 2090 servivit,
316 2041 411 2094 quia
432 2040 467 2081 ei
496 2040 604 2081 circa
622 2039 738 2080 illum
761 2053 859 2079 cura
879 2036 1117 2093 hujusmodi
1131 2039 1348 2093 peculiaris
1370 2040 1529 2081 credita
1549 2040 1643 2081 fuit.

113 2106 197 2147 Hic
231 2106 409 2161 quodam
449 2112 647 2161 tempore,
681 2105 832 2145 domno
867 2119 939 2145 suo
978 2104 1215 2159 languente,
1256 2121 1379 2147 causa
1416 2107 1645 2148 necessaria

110 2178 369 2228 perurgente,
393 2172 647 2214 Dunelmum
661 2171 892 2213 matutinus
916 2171 1190 2226 properabat;
1214 2172 1330 2227 cujus
1352 2171 1472 2213 officii
1489 2173 1643 2214 ibidem

159 2301 235 2335 ¹Ne
253 2300 411 2347 lectoris]
441 2299 525 2333 This
542 2295 802 2344 prologue'does
827 2302 886 2330 not
904 2308 1005 2330 occur
1027 2296 1062 2329 in
1089 2296 1147 2341 H„
1166 2296 1277 2330 which
1300 2308 1416 2342 passes
1442 2309 1483 2331 on
1502 2297 1645 2331 without

112 2359 179 2392 any
196 2348 430 2391 interruption,
448 2352 482 2379 to
500 2346 557 2379 the
576 2345 715 2378 Preface
733 2350 767 2377 to
785 2344 843 2377 the
861 2343 1034 2376 Miracles.

157 2394 169 2412 ²
182 2395 222 2427 In
240 2394 297 2426 the
317 2393 412 2427 Harl.
432 2393 507 2426 MS.
525 2391 592 2424 this
610 2391 713 2424 forms
738 2390 876 2435 chapter
897 2389 1009 2431 cxvii.⁷
1028 2389 1094 2422 and
1119 2390 1147 2423 is
1165 2390 1244 2423 thus
1261 2389 1461 2423 introduced
1477 2402 1483 2424 :
1511 2392 1644 2425 “Actus

112 2439 233 2473 divinae
249 2439 476 2473 miserationis
495 2449 568 2471 esse
586 2437 671 2470 solet
696 2436 894 2481 imaginaria
920 2435 1105 2480 speculatio
1129 2447 1284 2481 supernae
1301 2436 1538 2478 revelationis3
1565 2449 1643 2470 nam

108 2486 143 2519 in
161 2486 384 2533 speculatoria
408 2484 648 2529 imaginatione
666 2483 821 2528 quaedam
838 2483 878 2515 fit
902 2482 1010 2515 forma
1026 2482 1180 2516 relucens
1198 2482 1306 2527 qualis
1324 2483 1367 2515 sit
1381 2483 1427 2515 rei
1447 2483 1645 2527 significatae

109 2533 215 2577 gratia
232 2533 267 2565 in
285 2533 357 2577 ipsa
374 2532 560 2565 certissime
575 2530 724 2563 veritatis
742 2529 911 2574 indagine.
962 2528 1064 2562 Unde
1081 2528 1139 2562 illa
1156 2541 1230 2574 quae
1247 2529 1282 2562 in
1305 2528 1511 2574 Apocalypsi
1532 2530 1646 2574 typica

111 2578 278 2623 leguntur,
306 2578 485 2612 secretiora
502 2588 575 2611 esse
593 2576 743 2609 veritatis
761 2587 881 2609 arcana
898 2575 1168 2620 perspiciuntur3
1196 2587 1297 2620 quare
1316 2587 1358 2608 ex
1382 2575 1509 2608 visione
1527 2575 1644 2619 hujus-

111 2625 201 2657 modi
220 2625 411 2669 freqnenter
429 2624 596 2668 detegitur
614 2622 746 2655 occulta
770 2621 981 2667 providentia
1006 2621 1207 2654 indiciorum
1227 2622 1371 2667 Spiritus
1397 2621 1523 2663 Sancti,
1542 2622 1644 2666 igitur

110 2671 248 2704 visionis
266 2671 410 2714 alicujus
428 2670 607 2703 secretiora
618 2668 779 2714 mysteria
790 2680 857 2701 non
871 2667 1081 2712 negligenda,
1097 2668 1155 2701 sed
1173 2668 1285 2713 potius
1303 2667 1469 2700 subtiliori
1488 2669 1645 2701 examine

111 2723 189 2749 sunt
207 2717 395 2762 indaganda
418 2716 568 2751 consilia.
621 2715 769 2757 Quidam
787 2714 983 2747 adolescens
998 2720 1107 2758 aetate,
1122 2713 1209 2748 &c.”
1258 2714 1337 2759 (See
1355 2714 1412 2746 the
1430 2720 1508 2746 note
1527 2726 1568 2747 on
1587 2714 1644 2748 the

114 2763 285 2808 following
302 2765 414 2808 page.)

158 2810 170 2828 ³
191 2809 332 2851 Quidam
349 2807 558 2855 adolescens]
587 2808 641 2841 He
659 2807 687 2841 is
705 2807 879 2840 identified
898 2807 943 2852 by
961 2818 980 2839 a
997 2806 1209 2852 comparison
1228 2806 1308 2839 with
1328 2803 1346 2850 ξ
1367 2808 1444 2840 234.
