1839 3186
646 212 702 243 To
738 212 834 243 THE
870 212 1097 244 PREFACE.
1570 203 1643 244 xxi

165 412 386 437 COLLATION
418 411 467 437 OF
499 412 578 437 THE
610 412 699 437 LIFE
728 412 776 437 OF
807 412 862 438 ST.
896 412 1037 437 GODRIC
1062 412 1174 437 WITH
1206 413 1287 438 THE
1317 413 1581 439 WINCHESTER

730 479 1003 505 MANUSCRIPT.

107 736 312 778 Collation
333 738 380 778 of
395 739 466 779 the
490 738 661 795 Legend
681 740 728 781 of
752 739 977 789 Gaffridus,
1003 755 1049 781 as
1073 739 1238 795 printed
1259 741 1300 781 in
1322 740 1393 781 the
1419 740 1532 781 Aeta
1555 740 1632 782 SS.

166 806 216 845 21
254 805 371 852 Maii,
408 806 548 859 (Maii,
582 813 683 848 tom.
714 822 751 849 v.
784 823 824 862 p.
860 806 947 861 70‚)
983 807 1085 848 with
1114 807 1184 848 the
1218 807 1480 862 Manuscript
1512 823 1631 863 copy,

161 871 332 927 already
353 872 579 924 described,
612 874 833 930 belonging
860 880 904 916 to
937 875 1007 915 the
1042 874 1219 930 Library
1241 875 1288 916 of
1313 875 1384 916 the
1407 875 1632 916 Cathedral

165 937 331 979 Ohurch
367 939 415 979 of
442 940 722 983 WVinchester.
787 941 876 983 The
923 941 1019 983 MS.
1065 942 1270 984 furnishes
1310 943 1382 984 the
1423 942 1635 999 following

159 1005 350 1061 readings
368 1022 440 1046 2—-

355 1139 575 1165 PROLOGUE.
900 1119 999 1153 SECT.

103 1185 201 1218 SECT.
996 1176 1136 1212 utrum
1160 1186 1258 1212 vera
1279 1179 1386 1214 esset
1408 1173 1563 1214 femina

135 1238 173 1277 1.
205 1236 404 1280 Finohale
998 1237 1086 1294 ejus
1108 1239 1254 1280 itinere

205 1304 431 1347 Gaufridus
996 1310 1036 1346 et
1059 1306 1169 1360 quod
1191 1306 1243 1346 ab
1266 1308 1466 1361 apostolis

203 1372 334 1426 patris
355 1373 484 1414 nostri
512 1372 681 1414 Godrici
707 1373 831 1415 diuti-
998 1373 1078 1414 Dei
1100 1372 1320 1428 recipietis.

235 1454 310 1481 nos
997 1440 1050 1481 ad
1072 1440 1251 1495 patriam
1274 1439 1457 1481 reduxit.

202 1511 369 1548 sanctus
390 1522 443 1548 ex
463 1508 653 1562 opinione

203 1574 344 1614 Multa
368 1574 470 1616 mihi
493 1580 639 1630 patent

926 1553 962 1593 6.
992 1551 1135 1593 CAPUT
1156 1567 1212 1592 1v.
1236 1551 1278 1592 in
1310 1551 1406 1594 MS.
1432 1552 1625 1609 Reginal-

202 1640 403 1693 Quaedam
427 1642 554 1697 igitur
1025 1619 1117 1661 ‘1¹¹5‘

195 1713 242 1748 ut
264 1723 353 1761 quae
375 1709 416 1749 in
440 1708 671 1764 Reginaldo
994 1723 1075 1749 non
1098 1708 1298 1749 ludebant

200 1774 407 1816 schedulis
429 1775 586 1830 possint
608 1775 782 1817 inveniri
996 1775 1165 1829 Vixque

202 1841 377 1882 duorum
399 1841 522 1883 fuerit
994 1857 1035 1883 se
1058 1847 1330 1897 pernocturus

129 1920 167 1958 2,
198 1933 372 1972 parvum
394 1920 590 1974 parvulus
994 1909 1301 1951 Cohabitabant
1324 1914 1464 1950 autem

189 1983 303 2040 jugis
324 1986 563 2027 attinuabat
587 1987 697 2042 rigor
726 1986 823 2043 [sio]
993 1976 1142 2016 ilstssel'i
1165 1976 1392 2030 Pl'Offlffl'Uib

992 2041 1079 2098 ejus
1100 2042 1352 2098 lVlsigham.
1392 2040 1519 2098 Cujus
1536 2059 1621 2085 cor-

199 2096 340 2139 OAPUT
361 2114 388 2139 Ι.
1024 2125 1100 2165 pus
1457 2122 1461 2125 '

126 2187 164 2227 3.
194 2192 364 2229 exortus
385 2193 459 2230 est.
921 2221 959 2265 7,
991 2221 1133 2263 CAPUT
1156 2237 1195 2261 V.
1219 2221 1261 2261 in
1289 2220 1384 2262 MS.

198 2253 363 2294 Adwen

196 2322 414 2362 aemulassus
987 2309 1243 2365 Reginaldus
1265 2310 1323 2351 ad
1346 2311 1439 2351 init.

990 2376 1204 2430 Factaque
1226 2382 1287 2418 est
1312 2377 1347 2418 ei
1372 2392 1454 2418 vox

125 2433 164 2471 4.
192 2430 332 2472 CAPUT
354 2448 394 2471 11.
419 2432 460 2472 in
487 2432 528 2471 M
540 2432 581 2473 S.
990 2443 1198 2484 Finkhale

195 2508 453 2563 Reginaldus
474 2510 532 2550 ad
551 2510 644 2551 mit,
988 2510 1029 2551 in
1051 2509 1188 2551 vicina
1209 2515 1328 2551 erant

194 2575 314 2616 Solito
339 2576 530 2630 appetitu

193 2641 340 2683 habitu
361 2642 643 2684 humilitatem
916 2624 955 2662 8.
988 2620 1131 2662 CAPUT
1157 2636 1213 2662 VI.
1247 2620 1493 2661 Germanus.

442 2752 449 2760 ‚
989 2709 1048 2750 Et
1069 2724 1152 2749 non
1173 2708 1302 2750 solam
1324 2709 1503 2750 virosam

127 2754 164 2792 5.
193 2750 334 2792 CAPUT
356 2768 415 2793 111.
440 2768 480 2793 ln
505 2752 601 2795 MS.
991 2775 1072 2816 duo
1094 2775 1311 2815 horrendae

197 2839 453 2894 Reginaldus
477 2841 536 2881 ad
558 2842 742 2882 initium.
990 2841 1184 2896 planities
1206 2841 1445 2896 permodica

197 2920 238 2947 se
263 2906 553 2960 patrifamilias
990 2913 1031 2949 et
1055 2907 1194 2949 aetatis
1217 2912 1258 2949 et
1281 2922 1406 2950 sexus
