1839 3186
185 141 271 185 476
702 151 934 183 LIBELLUS
969 151 1033 183 DE
1064 151 1177 183 VITA

182 270 271 297 ram
292 270 375 295 non
395 254 589 309 gradiens
610 254 682 296 sed
703 255 842 310 potius
865 255 1047 310 rependo
1069 270 1111 296 se
1134 255 1390 309 protrahens,
1414 255 1584 298 alterius
1603 256 1721 312 pedis

183 327 319 363 totam
341 321 520 376 corporis
550 321 701 362 molem
734 322 1007 377 supportabat
1039 321 1208 364 auxilio.
1273 321 1357 363 Hic
1388 338 1630 377 quocunque
1652 323 1721 364 de-

184 388 357 429 bilitatis
379 392 420 428 et
443 387 699 429 difficultatis
719 403 868 442 genere
891 388 1039 443 potuit,
1062 389 1104 429 in
1123 388 1263 443 vigilia
1283 388 1553 431 Pentecostes
1574 389 1628 430 ad
1644 389 1721 431 viri

184 454 264 495 Dei
286 453 548 509 sepulchrum
568 454 768 509 pervenit,
786 455 923 509 ibique
945 461 1193 509 pernoctans
1216 455 1360 496 Sancti
1378 455 1458 496 Dei
1480 455 1722 497 confessoris

183 521 446 562 clementiam
471 520 632 562 devotis
654 521 1007 562 obsecrationibus
1039 536 1209 562 exorare
1241 536 1323 562 non
1346 521 1488 569 desiit3
1523 527 1567 563 at
1589 522 1719 563 virtus

183 587 335 638 divina,
369 602 458 641 quae
482 587 532 628 de
555 586 642 643 ejus
667 592 828 628 sacrato
851 587 1011 628 coelitus
1043 587 1204 628 tumulo
1225 587 1390 642 prodiit,
1415 603 1536 644 opem
1561 588 1720 630 celerri-

181 668 294 694 mam
318 653 503 708 poscenti
518 653 669 694 donare
690 668 772 694 11011
795 653 970 695 distulit.
1023 653 1132 694 Nam
1156 669 1276 695 mane
1297 654 1421 704 facto,
1441 655 1510 708 qui
1534 655 1720 710 monipes

181 720 420 769 advenerat,
449 718 540 774 jam
577 720 692 774 bipes
723 719 893 761 effectus
923 719 1010 761 sine
1042 720 1152 761 omni
1183 720 1319 762 baculi
1355 720 1605 762 adminiculo
1628 720 1720 776 jam

182 801 305 827 sanus
324 791 366 827 et
387 785 603 827 incolumis
633 786 826 841 progredi
856 787 1035 828 valebat.
1098 786 1225 827 Unde
1248 785 1339 842 jam
1364 786 1430 828 die
1452 787 1722 829 Pentecostes

182 853 223 893 in
252 853 384 893 altum
407 851 659 907 proficiente,
685 852 753 893 ille
786 853 855 907 qui
883 869 956 907 per
981 868 1110 895 annos
1141 853 1325 894 undenos
1352 854 1499 908 pedem
1522 854 1719 895 dextrum

181 919 266 960 solo
289 923 410 960 tenus
431 918 600 974 infigere
625 934 707 960 11011
727 924 906 974 poterat,
930 919 1002 961 sed
1020 920 1089 961 vix
1113 924 1283 961 eatenus
1304 935 1451 974 repens
1471 920 1618 962 baculo
1635 935 1721 961 sus-

184 990 373 1026 tentante
412 985 548 1040 ipsum
585 1000 678 1027 cum
714 985 841 1026 nimio
878 986 1017 1027 labore
1053 1001 1296 1041 suspensum
1327 991 1577 1040 portaverat,
1613 1002 1722 1028 nunc

182 1052 351 1093 sanitati
372 1052 560 1094 redditus
583 1052 838 1093 Dunelmum
869 1052 1002 1093 redire
1031 1052 1293 1107 properabat.
1357 1053 1474 1094 Tunc
1503 1053 1720 1095 constabu-

181 1118 307 1160 larius
329 1118 380 1159 de
403 1118 654 1160 Prudehoch
679 1134 773 1159 cum
800 1134 928 1160 uxore
954 1117 1041 1174 ejus
1072 1124 1113 1160 et
1142 1118 1273 1169 sociis,
1306 1119 1374 1173 qui
1403 1119 1500 1160 illuc
1522 1120 1720 1161 orationis

182 1200 306 1226 causa
325 1190 488 1226 noctem
508 1185 620 1226 illam
641 1185 789 1226 devote
812 1190 1050 1240 exegerant,
1072 1183 1239 1240 ejusque
1262 1185 1444 1240 pristinae
1466 1185 1721 1227 infirmitatis

184 1256 225 1292 et
247 1251 455 1292 hodiernae
478 1252 669 1293 sanitatis
690 1267 715 1292 a
739 1251 893 1292 Sancto
911 1252 992 1292 Dei
1023 1252 1059 1292 ei
1082 1252 1244 1293 eollatae
1271 1256 1398 1293 testes
1417 1252 1575 1293 indubii
1599 1253 1634 1294 ei
1656 1268 1722 1295 as-

183 1318 371 1368 titerant,
406 1318 544 1359 Deum
579 1318 621 1358 in
659 1318 813 1359 Sancto
847 1318 1026 1359 Godrico
1058 1318 1355 1368 collaudantes,
1388 1334 1471 1359 una
1507 1334 1601 1360 cum
1632 1320 1720 1375 ipso

181 1400 310 1439 usque
332 1384 587 1425 Dunelmum
618 1384 911 1439 procedebant,
935 1400 1057 1438 quem
1089 1399 1228 1425 coram
1257 1384 1454 1426 fratribus
1476 1385 1655 1427 ecclesiae
1680 1390 1721 1427 et

181 1450 325 1492 multis
356 1451 446 1492 aliis
477 1451 764 1506 producentes,
798 1466 887 1505 quae
920 1451 1109 1492 viderant
1141 1451 1182 1491 in
1215 1465 1261 1491 eo
1293 1456 1334 1492 et
1365 1456 1533 1506 patrata
1564 1452 1722 1494 coelitus

184 1523 463 1573 cognoverant
485 1517 644 1560 cunctis
665 1518 809 1559 audire
830 1517 1064 1559 volentibus
1085 1518 1236 1560 referre
1258 1522 1299 1558 et
1320 1516 1535 1560 testificari
1555 1523 1722 1574 gratum

187 1584 410 1626 ducebant.

183 1766 317 1791 CCXIX.
350 1765 402 1791 DE
423 1766 573 1791 HORDEI
595 1766 730 1792 GRANO
752 1766 796 1791 IN
820 1766 928 1791 AURE
948 1766 1117 1792 JUVENIS
1146 1767 1335 1802 DIMERso,
1368 1767 1416 1792 ET
1438 1767 1719 1801 GERMINANTE,

352 1833 402 1858 ΕΤ
432 1833 518 1858 CUM
548 1832 760 1859 RADICIBUS
793 1833 847 1857 AD
878 1833 1146 1858 SEPULCHRUM
1178 1834 1271 1859 EJUs
1303 1834 1569 1859 EGREDIENTE.

245 1915 267 1969 ἓ
292 1913 386 1959 607.
421 1915 504 1956 SED
525 1931 600 1957 1100
621 1915 825 1958 silendum
840 1916 939 1970 quid
953 1916 1098 1958 diebus
1120 1917 1270 1957 nostris
1291 1916 1487 1958 acciderit
1510 1915 1725 1972 dejuvene

189 1981 369 2035 quodam
392 1981 461 2035 qui
482 1982 660 2023 mirabili
683 1982 835 2024 doloris
859 1983 1104 2037 aegritudine
1127 1983 1198 2023 diu
1221 1983 1451 2024 contabuit.
1511 1983 1725 2038 Primoge-

188 2048 301 2090 nitus
322 2047 500 2089 filiorum
523 2047 738 2104 cujusdam
764 2049 904 2090 divitis
935 2049 977 2089 in
999 2049 1165 2103 regione
1189 2049 1474 2099 Dunelmensi,
1499 2048 1724 2091 1Richardi

188 2114 239 2155 de
258 2114 512 2156 Hessewelle
533 2115 683 2165 vocati,
706 2115 930 2156 indiscreta
955 2115 1129 2155 fortunae
1153 2115 1406 2156 desolatione
1433 2116 1589 2157 diutius
1615 2116 1724 2157 elan-

188 2180 300 2235 guit,
326 2196 422 2221 nam
445 2181 552 2222 forte
573 2196 749 2235 granum
767 2181 911 2221 hordei
934 2181 1089 2222 crudeli
1106 2181 1288 2236 tegmine
1307 2182 1488 2236 undique
1513 2171 1723 2237 hispidum

188 2247 229 2287 in
252 2262 335 2287 una
355 2247 517 2287 aurium
535 2247 663 2301 ipsius
686 2247 914 2288 decidendo
933 2247 1146 2297 immersit,
1170 2248 1279 2301 quod
1300 2263 1429 2302 usque
1450 2248 1504 2289 ad
1525 2248 1724 2290 intestina

187 2313 342 2354 cerebri
364 2328 405 2354 se
426 2313 526 2354 satis
549 2313 730 2354 evidenti
755 2314 914 2356 ratione
936 2314 1151 2369 pertigisse
1173 2314 1415 2364 ostenderit,
1440 2314 1535 2368 quia
1559 2329 1611 2355 ex
1634 2315 1723 2356 diu—

187 2379 277 2420 tina
298 2379 619 2420 commoratione
638 2379 680 2420 111
697 2379 898 2421 folliculos
914 2381 1085 2421 novellae
1106 2380 1419 2434 germinationis
1444 2381 1592 2435 erupit,
1614 2382 1725 2435 quod

189 2445 423 2487 nullatenus
461 2445 629 2495 faceret,
669 2445 747 2487 nisi
782 2447 984 2487 naturalis
1024 2446 1208 2487 humoris
1249 2447 1477 2488 sementiva
1511 2447 1561 2488 de
1596 2447 1725 2502 ipsius

187 2512 343 2552 cerebri
371 2511 589 2553 incentivis
622 2516 663 2552 et
698 2511 950 2565 liquentibus
989 2512 1231 2554 humoribus
1270 2513 1534 2567 percepisset.
1598 2513 1725 2555 Unde

187 2593 283 2632 pars
304 2578 374 2618 illa
396 2578 542 2632 capitis
563 2578 679 2633 gravi
703 2578 853 2619 doloris
875 2583 1041 2619 tumore
1064 2578 1186 2632 coepit
1208 2578 1518 2633 ingroscessere,
1546 2583 1586 2619 et
1609 2580 1723 2621 audi-

187 2644 282 2684 endi
306 2644 548 2685 facultatem
570 2644 732 2699 penitus
754 2644 1039 2686 intercludere.
1104 2644 1196 2697 Quo
1219 2644 1369 2686 doloris
1390 2661 1538 2700 genere
1560 2660 1633 2700 per
1653 2646 1726 2687 ali-

238 2758 245 2775 ¹
276 2754 438 2788 Riclmrdi
461 2755 499 2788 de
521 2754 744 2799 Hcssewclla]
770 2754 800 2786 A
821 2753 952 2787 chartei·
977 2754 1062 2787 from
1089 2753 1251 2795 Richard,
1276 2754 1333 2787 the
1359 2767 1419 2788 son
1446 2755 1483 2787 of
1505 2755 1665 2799 Geoffrey
1685 2754 1726 2788 de

190 2800 408 2843 Hcsscwellc,
427 2807 460 2833 to
479 2801 535 2834 the
554 2801 675 2833 monks
693 2801 730 2833 of
744 2800 778 2833 S.
798 2800 897 2844 Mary
915 2812 957 2833 011
976 2800 1031 2833 the
1050 2800 1219 2845 Browucy
1238 2801 1452 2846 (afterwards
1471 2801 1509 2834 of
1530 2801 1720 2845 Finchalc),

187 2858 304 2880 occurs
322 2847 355 2880 in
374 2847 430 2880 the
450 2847 567 2892 Priory
586 2847 623 2880 of
640 2846 810 2889 Finchalc,
829 2858 862 2891 p.
883 2849 936 2881 12.
