1839 3186
584 232 642 262 ET
678 230 938 262 MIRACULIS
976 230 1009 262 s.
1043 230 1257 261 GODRICI.
1598 214 1681 259 467

149 334 276 376 frater
297 335 363 376 ille
386 350 480 376 cum
502 336 591 377 aliis
622 336 764 376 nolens
788 350 859 376 seu
884 335 1022 376 volens
1043 334 1239 389 perrexit,
1263 339 1304 374 et
1327 334 1423 387 quia
1445 333 1541 374 'nec
1563 333 1678 387 signo

149 401 214 441 vel
235 408 340 442 nutu
363 402 517 443 nemini
539 401 657 442 alteri
680 401 790 455 quod
811 402 947 441 animo
965 406 1181 442 constante
1202 400 1348 441 habuit
1370 399 1562 440 intimare
1578 414 1680 454 prae-

149 467 295 515 valuit,
318 469 451 523 magis
470 468 659 518 indoluit,
689 467 785 521 quia
815 467 919 508 alius
950 467 1009 508 illi
1037 466 1251 507 intendere
1273 467 1337 508 vel
1366 467 1424 507 ire
1446 481 1529 507 non
1550 466 1680 506 licuit.

152 533 280 574 Lecto
301 534 428 588 igitur
450 535 699 575 decumbens
721 539 762 575 et
780 548 918 575 secum
938 532 1224 588 gemebundus
1246 532 1440 582 existens,
1465 532 1680 573 consilium

148 600 323 654 perutile
344 602 538 656 repperit,
564 606 604 642 et
627 602 684 642 sic
705 600 760 641 ad
786 600 986 641 Sanctum
1000 600 1081 641 Dei
1102 614 1322 640 conversus
1344 599 1465 647 dixit,
1484 603 1508 620 ‘⁶
1529 598 1680 638 Sancte

150 665 341 716 Godrice,
366 669 462 721 quia
484 683 559 722 ego
584 667 774 709 auxiliari
801 681 884 707 non
912 668 1027 708 valeo
1056 666 1240 707 libellum
1271 671 1407 714 tuum,
1431 670 1472 706 et
1494 679 1596 719 opus
1619 665 1682 704 in-

147 734 343 774 stitutum
360 740 401 775 et
418 735 516 775 folia
534 734 717 789 dispersa
737 738 785 774 tu
802 733 975 774 defende
993 737 1034 773 et
1050 747 1267 781 conserva3
1292 738 1417 786 atque
1438 747 1489 772 ne
1511 735 1682 786 pereant

149 804 197 840 tu
218 801 303 854 ipse
324 800 535 855 p1²ocura.”
598 800 851 856 Hujusmodi
873 799 1128 841 orationibus
1147 798 1323 853 perfusis
1344 797 1598 839 dormiturus
1614 811 1682 837 ac-

151 866 306 916 cubuit,
330 867 402 908 sed
426 867 619 909 saeviente
648 867 842 908 imbrium
864 866 1029 907 turbine
1057 871 1200 907 tantus
1230 870 1395 906 noctem
1425 865 1539 906 illam
1568 863 1683 905 furor

150 933 446 975 elementorum
470 933 742 989 implacabilis
763 933 976 987 exagitare
995 947 1078 973 non
1100 932 1278 973 destitit.

220 1000 242 1054 ξ
275 1001 373 1042 596.
407 1000 574 1041 Interea
597 998 817 1040 dormienti
839 999 897 1039 illi
925 1014 1018 1040 ecce
1040 998 1209 1053 quidam
1230 999 1350 1039 heros
1381 997 1550 1052 insignis
1585 996 1682 1037 asti-

151 1065 217 1114 tit,
240 1066 309 1119 qui
339 1066 441 1108 talia
475 1067 721 1121 proloquens
754 1065 825 1115 ait,
850 1069 874 1087 “
894 1065 1068 1107 Servum
1089 1065 1170 1105 Dei
1192 1065 1419 1106 Godricum
1444 1069 1485 1105 et
1516 1078 1684 1104 conver-

151 1132 320 1174 sationis
355 1131 442 1188 ejus
491 1133 640 1182 locum,
679 1132 785 1173 sicut
830 1132 1016 1187 superius
1057 1131 1315 1179 desiderasti,
1354 1131 1555 1172 hactenus
1600 1144 1683 1169 non

151 1198 317 1246 vidisti;
351 1214 460 1240 nunc
492 1214 667 1254 exsurge
695 1204 736 1239 et
757 1199 851 1239 veni
877 1213 1060 1253 sequere,
1086 1203 1132 1239 ut
1155 1198 1372 1239 ostendam
1402 1212 1451 1237 ea
1482 1196 1559 1237 tibi
1593 1210 1683 1249 quae

152 1265 343 1320 cupistis*
413 1266 546 1318 Quem
571 1265 778 1319 sequendo
800 1265 842 1305 in
874 1266 1011 1306 locum
1042 1264 1294 1306 heremitorii
1318 1264 1427 1304 illius
1457 1262 1684 1318 perductus

152 1336 227 1381 est,
249 1332 320 1372 ubi
354 1332 515 1387 singula
550 1333 641 1373 loca
662 1331 904 1386 explorandi
925 1331 1073 1386 gratia,
1106 1332 1231 1386 plana
1261 1335 1302 1372 et
1333 1329 1456 1381 invia,
1481 1328 1685 1370 silvestria

152 1399 217 1439 vel
238 1413 465 1449 nemorosa,
490 1413 583 1439 cum
614 1413 662 1439 eo
684 1398 961 1452 perlustratus
983 1402 1057 1439 est.
1121 1397 1352 1439 Novissime
1373 1411 1470 1437 vero
1492 1395 1547 1437 ad
1568 1395 1685 1435 illum

152 1479 194 1505 se
216 1465 420 1506 convertit
442 1470 483 1506 et
506 1465 626 1514 dixit,
649 1468 673 1487 ‘⁶
689 1464 813 1514 Ecce,
838 1464 1042 1505 Godricus
1062 1464 1266 1505 heremita
1295 1463 1391 1504 talis
1422 1463 1501 1503 fuit
1522 1461 1686 1516 qualem

153 1546 218 1573 me
257 1531 469 1586 conspicis,
501 1537 542 1572 et
575 1531 642 1572 hic
675 1531 787 1572 locus
817 1528 905 1585 ejus
940 1536 981 1572 et
1007 1530 1263 1572 conversatio
1294 1529 1385 1580 fuit,
1427 1544 1516 1583 quae
1548 1526 1686 1568 omnia

153 1598 315 1639 animus
335 1603 431 1639 tuus
450 1598 589 1639 videre
611 1603 652 1638 et
669 1612 889 1653 agnoscere
910 1596 1185 1652 concupivit.''
1222 1597 1302 1649 Qui
1324 1596 1366 1637 in
1387 1596 1503 1637 illum
1521 1595 1686 1635 intuens

154 1669 196 1705 et
221 1664 441 1718 diligenter
473 1664 693 1705 attendens
714 1663 820 1705 vidit
838 1664 973 1705 virum
995 1663 1076 1705 Dei
1112 1664 1243 1718 qualis
1278 1663 1320 1703 in
1353 1677 1518 1703 carnem
1544 1661 1687 1702 vivens

154 1730 331 1781 exstitit,
360 1730 615 1785 formamque
648 1728 747 1785 ejus,
784 1729 933 1771 faciem
975 1735 1017 1771 et
1051 1735 1265 1779 staturam,
1300 1729 1400 1770 satis
1439 1727 1687 1770 sufficienter

154 1797 337 1852 agnovit.
400 1797 522 1838 Vidit
546 1812 642 1839 vero
675 1796 731 1837 ibi
761 1797 875 1850 quasi
906 1796 1043 1837 focum
1068 1796 1353 1851 praegrandem
1375 1809 1605 1844 accensum,
1643 1801 1685 1833 et

155 1864 289 1904 virum
311 1863 392 1904 Dei
425 1863 522 1904 folia
554 1862 754 1918 praedicta
789 1863 831 1904 in
864 1863 1055 1904 manibus
1094 1868 1317 1913 tenentem,
1343 1867 1384 1903 et
1413 1862 1567 1902 colores
1599 1874 1685 1900 ma-

156 1930 301 1971 dentes
336 1930 390 1970 ad
425 1934 549 1971 aestus
583 1929 689 1984 ignis
725 1929 1017 1971 exsiccantem.
1100 1929 1218 1970 Tunc
1248 1929 1311 1971 vir
1335 1928 1428 1979 Dei,
1453 1927 1559 1968 “En
1585 1926 1688 1967 liber

156 2011 272 2037 meus
301 2011 422 2050 quem
457 1996 560 2036 mihi
595 1995 907 2046 commendasti,
926 2001 967 2036 et
989 1996 1144 2051 gratias
1168 1996 1244 2037 tibi
1277 1995 1408 2036 refero
1442 2009 1514 2049 pro
1547 2007 1685 2034 amore

157 2067 198 2103 et
231 2062 383 2103 honore
415 2077 536 2116 quem
572 2062 614 2103 in
643 2062 722 2102 hoc
749 2077 871 2117 opere
908 2062 1132 2104 exhibuisti
1160 2062 1284 2110 mihi;
1314 2077 1412 2102 nam
1452 2076 1545 2101 cum
1583 2074 1686 2114 opus

156 2129 349 2170 habueris
370 2134 412 2170 et
433 2144 499 2169 me
519 2128 774 2170 invocaveris
806 2128 1054 2184 condignam
1075 2128 1307 2170 mercedem
1330 2143 1423 2169 cum
1456 2142 1531 2182 ope
1564 2125 1684 2167 celeri

157 2210 183 2236 a
204 2210 270 2235 me
293 2194 562 2249 consequeris.
641 2194 733 2250 Ego
755 2195 863 2236 enim
900 2195 1016 2236 illum
1052 2195 1210 2250 suscepi
1245 2194 1310 2236 oui
1352 2209 1446 2235 eum
1474 2207 1684 2235 commen-

159 2261 305 2304 dasti.''
366 2262 500 2313 Quem
524 2261 674 2302 iterum
695 2261 749 2302 ad
770 2261 947 2302 abbatiae
969 2277 1054 2303 suae
1075 2262 1213 2302 locum
1236 2260 1404 2302 reduxit
1427 2265 1468 2301 et
1489 2261 1561 2311 ait,
1579 2265 1603 2283 ‘⁶
1620 2260 1686 2300 De

157 2327 264 2369 foliis
294 2343 367 2382 per
396 2328 621 2369 claustrum
653 2327 969 2381 circumquaque
1001 2327 1205 2383 dispersis,
1243 2342 1314 2369 seu
1351 2326 1687 2380 quaternionibus

158 2394 421 2434 membratim
454 2408 527 2448 per
554 2393 714 2448 singula
747 2393 845 2434 folia
880 2393 1093 2449 separatis,
1107 2392 1199 2449 jam
1231 2408 1314 2434 non
1337 2393 1510 2434 ulterius
1541 2392 1687 2434 sollici-

158 2459 258 2501 teris
278 2460 343 2501 vel
362 2459 627 2514 perturberis.
686 2458 781 2514 Ipse
803 2459 911 2500 enim
934 2460 999 2500 cui
1021 2475 1069 2500 ea
1089 2459 1227 2500 omnia
1248 2459 1561 2508 commendasti,
1585 2459 1687 2499 bene

159 2525 378 2574 custodiet,
400 2530 441 2566 et
465 2525 628 2580 integra
648 2530 773 2579 atque
794 2526 1042 2567 intemerata
1059 2526 1112 2568 ab
1134 2526 1245 2566 omni
1268 2525 1416 2580 pluviae
1448 2523 1687 2565 inundantis

160 2597 356 2633 contactu
377 2591 454 2633 tibi
475 2592 681 2633 restituet.
744 2591 871 2633 Unde
892 2606 1013 2633 mane
1046 2592 1171 2641 facto,
1196 2592 1300 2633 hora
1331 2606 1412 2645 qua
1432 2590 1447 2611 ²
1461 2590 1562 2631 ordo
1597 2604 1688 2644 per-

209 2701 217 2719 ¹
249 2700 319 2734 Nec
334 2701 426 2745 signo
442 2700 493 2734 vel
508 2699 620 2747 nutu]
647 2700 816 2743 Martene,
842 2713 878 2734 as
902 2701 1026 2746 quoted
1049 2701 1166 2743 above,
1194 2700 1213 2746 ξ
1238 2702 1294 2743 32,
1319 2700 1429 2733 shews
1451 2700 1497 2744 by
1514 2699 1688 2744 examples

160 2747 236 2780 how
253 2746 385 2791 strictly
402 2746 470 2780 this
487 2747 558 2780 rule
575 2758 643 2780 was
662 2747 844 2781 observed:
872 2747 938 2780 and
963 2747 1006 2780 he
1028 2747 1089 2780 has
1116 2746 1281 2780 collected
1303 2746 1405 2779 much
1428 2746 1564 2779 curious
1584 2745 1687 2778 infor-

161 2793 288 2826 mation
307 2804 349 2825 on
367 2792 425 2825 the
442 2798 575 2826 custom
598 2793 636 2826 of
655 2793 853 2838 conversing
876 2793 923 2838 by
939 2794 1040 2837 signs,
1059 2793 1094 2826 in
1111 2805 1141 2826 v.
1161 2792 1271 2835 xviii„
1288 2792 1399 2825 where
1423 2791 1466 2825 he
1484 2797 1587 2825 treats
1605 2794 1625 2811 ‘⁴
1636 2791 1688 2824 De

160 2839 331 2918 lo‘ffitiffloe
354 2849 413 2883 per
430 2838 560 2883 signa.”
610 2839 768 2873 Allusion
785 2845 820 2872 to
838 2839 906 2872 this
930 2850 1033 2883 usage
1058 2839 1119 2872 has
1136 2837 1274 2882 already
1290 2837 1377 2871 been
1399 2838 1499 2871 made
1522 2838 1567 2882 by
1586 2837 1688 2881 Regi-

162 2897 204 2918 na
245 2912 251 2918 .

208 2931 221 2949 ²
250 2930 340 2964 Ordo
354 2930 569 2976 permiserit]
598 2930 671 2964 The
689 2931 824 2972 monks,
850 2930 964 2964 before
983 2930 1066 2976 they
1083 2930 1183 2964 could
1201 2941 1326 2975 engage
1344 2931 1379 2964 in
1396 2942 1463 2975 any
1480 2929 1692 2975 occupation,

1409 2998 1432 3019 H
1451 2988 1471 3019 2
