<?xml version="1.0" encoding="UTF-8"?>
<!DOCTYPE html PUBLIC "-//W3C//DTD XHTML 1.0 Transitional//EN"
    "http://www.w3.org/TR/xhtml1/DTD/xhtml1-transitional.dtd">
<html xmlns="http://www.w3.org/1999/xhtml" xml:lang="en" lang="en">
 <head>
  <title>
</title>
<meta http-equiv="Content-Type" content="text/html;charset=utf-8" />
  <meta name='ocr-system' content='tesseract 3.04.00' />
  <meta name='ocr-capabilities' content='ocr_page ocr_carea ocr_par ocr_line ocrx_word'/>
</head>
<body>
  <div class='ocr_page' id='page_1' title='image "./libellusdevitaet00regi_0389.png"; bbox 0 0 1839 3186; ppageno 0'>
   <div class='ocr_carea' id='block_1_1' title="bbox 547 192 1654 235">
    <p class='ocr_par' dir='ltr' id='par_1_1' title="bbox 547 192 1654 235">
     <span class='ocr_line' id='line_1_1' title="bbox 547 192 1654 235; baseline 0 -3"><span class='ocrx_word' id='word_1_1' title='bbox 547 201 606 233; x_wconf 83' lang='lat' dir='ltr'>ET</span> <span class='ocrx_word' id='word_1_2' title='bbox 641 201 909 235; x_wconf 79' lang='lat' dir='ltr'>MIRACULIS</span> <span class='ocrx_word' id='word_1_3' title='bbox 946 203 981 235; x_wconf 88' lang='lat' dir='ltr'>s.</span> <span class='ocrx_word' id='word_1_4' title='bbox 1014 203 1233 235; x_wconf 75' lang='lat' dir='ltr'>Gonnror.</span> <span class='ocrx_word' id='word_1_5' title='bbox 1571 192 1654 233; x_wconf 70' lang='lat'>343</span> 
     </span>
    </p>
   </div>
   <div class='ocr_carea' id='block_1_2' title="bbox 116 303 1662 1228">
    <p class='ocr_par' dir='ltr' id='par_1_2' title="bbox 116 303 1662 1228">
     <span class='ocr_line' id='line_1_2' title="bbox 120 303 1662 361; baseline 0.002 -17"><span class='ocrx_word' id='word_1_6' title='bbox 120 303 362 347; x_wconf 88' lang='lat' dir='ltr'>cretioribus</span> <span class='ocrx_word' id='word_1_7' title='bbox 393 305 566 357; x_wconf 88' lang='lat' dir='ltr'>detexit,</span> <span class='ocrx_word' id='word_1_8' title='bbox 601 306 652 347; x_wconf 92' lang='lat' dir='ltr'>de</span> <span class='ocrx_word' id='word_1_9' title='bbox 683 306 831 361; x_wconf 88' lang='lat' dir='ltr'>quibus</span> <span class='ocrx_word' id='word_1_10' title='bbox 856 312 897 349; x_wconf 91' lang='lat' dir='ltr'>et</span> <span class='ocrx_word' id='word_1_11' title='bbox 920 306 981 350; x_wconf 91' lang='lat' dir='ltr'>vir</span> <span class='ocrx_word' id='word_1_12' title='bbox 1005 307 1086 349; x_wconf 91' lang='lat' dir='ltr'>Dei</span> <span class='ocrx_word' id='word_1_13' title='bbox 1116 307 1153 348; x_wconf 88' lang='lat' dir='ltr'>ei</span> <span class='ocrx_word' id='word_1_14' title='bbox 1184 306 1304 349; x_wconf 87' lang='lat' dir='ltr'>testis</span> <span class='ocrx_word' id='word_1_15' title='bbox 1335 306 1524 355; x_wconf 79' lang='lat' dir='ltr'>exstitit3</span> <span class='ocrx_word' id='word_1_16' title='bbox 1565 307 1662 360; x_wconf 89' lang='lat' dir='ltr'>quia</span> 
     </span>
     <span class='ocr_line' id='line_1_3' title="bbox 120 371 1659 429; baseline 0.001 -17"><span class='ocrx_word' id='word_1_17' title='bbox 120 371 280 424; x_wconf 84' lang='lat' dir='ltr'>quoties</span> <span class='ocrx_word' id='word_1_18' title='bbox 312 372 509 414; x_wconf 87' lang='lat' dir='ltr'>adversus</span> <span class='ocrx_word' id='word_1_19' title='bbox 536 388 631 414; x_wconf 87' lang='lat' dir='ltr'>eum</span> <span class='ocrx_word' id='word_1_20' title='bbox 666 373 897 428; x_wconf 78' lang='lat' dir='ltr'>spiritualia</span> <span class='ocrx_word' id='word_1_21' title='bbox 923 374 1116 428; x_wconf 77' lang='lat' dir='ltr'>nequitiae</span> <span class='ocrx_word' id='word_1_22' title='bbox 1152 373 1491 429; x_wconf 77' lang='lat' dir='ltr'>comparuissent,</span> <span class='ocrx_word' id='word_1_23' title='bbox 1521 387 1570 414; x_wconf 89' lang='lat' dir='ltr'>ea</span> <span class='ocrx_word' id='word_1_24' title='bbox 1599 373 1659 414; x_wconf 90' lang='lat' dir='ltr'>illi</span> 
     </span>
     <span class='ocr_line' id='line_1_4' title="bbox 119 438 1661 495; baseline 0.001 -17"><span class='ocrx_word' id='word_1_25' title='bbox 119 438 304 479; x_wconf 86' lang='lat' dir='ltr'>revelata</span> <span class='ocrx_word' id='word_1_26' title='bbox 323 438 448 482; x_wconf 88' lang='lat' dir='ltr'>fuisse</span> <span class='ocrx_word' id='word_1_27' title='bbox 470 441 686 494; x_wconf 77' lang='lat' dir='ltr'>persensit.</span> <span class='ocrx_word' id='word_1_28' title='bbox 744 440 904 482; x_wconf 85' lang='lat' dir='ltr'>Mirum</span> <span class='ocrx_word' id='word_1_29' title='bbox 927 446 1069 482; x_wconf 86' lang='lat' dir='ltr'>tamen</span> <span class='ocrx_word' id='word_1_30' title='bbox 1093 440 1136 482; x_wconf 89' lang='lat' dir='ltr'>in</span> <span class='ocrx_word' id='word_1_31' title='bbox 1157 441 1327 482; x_wconf 89' lang='lat' dir='ltr'>modum</span> <span class='ocrx_word' id='word_1_32' title='bbox 1350 439 1525 495; x_wconf 82' lang='lat' dir='ltr'>contigit</span> <span class='ocrx_word' id='word_1_33' title='bbox 1549 439 1661 493; x_wconf 87' lang='lat' dir='ltr'>quod</span> 
     </span>
     <span class='ocr_line' id='line_1_5' title="bbox 119 503 1658 564; baseline 0.001 -19"><span class='ocrx_word' id='word_1_34' title='bbox 119 503 176 545; x_wconf 86' lang='lat' dir='ltr'>nil</span> <span class='ocrx_word' id='word_1_35' title='bbox 207 504 419 560; x_wconf 81' lang='lat' dir='ltr'>spirituale</span> <span class='ocrx_word' id='word_1_36' title='bbox 449 506 687 564; x_wconf 86' lang='lat' dir='ltr'>hujusmodi</span> <span class='ocrx_word' id='word_1_37' title='bbox 712 512 833 549; x_wconf 84' lang='lat' dir='ltr'>extra</span> <span class='ocrx_word' id='word_1_38' title='bbox 863 512 982 563; x_wconf 89' lang='lat' dir='ltr'>septa</span> <span class='ocrx_word' id='word_1_39' title='bbox 1010 507 1263 558; x_wconf 79' lang='lat' dir='ltr'>monasterii,</span> <span class='ocrx_word' id='word_1_40' title='bbox 1294 506 1336 547; x_wconf 91' lang='lat' dir='ltr'>in</span> <span class='ocrx_word' id='word_1_41' title='bbox 1373 521 1452 560; x_wconf 89' lang='lat' dir='ltr'>quo</span> <span class='ocrx_word' id='word_1_42' title='bbox 1485 506 1548 548; x_wconf 91' lang='lat' dir='ltr'>vir</span> <span class='ocrx_word' id='word_1_43' title='bbox 1576 506 1658 547; x_wconf 92' lang='lat' dir='ltr'>Dei</span> 
     </span>
     <span class='ocr_line' id='line_1_6' title="bbox 120 570 1659 629; baseline 0 -17"><span class='ocrx_word' id='word_1_44' title='bbox 120 570 331 623; x_wconf 80' lang='lat' dir='ltr'>decubuit,</span> <span class='ocrx_word' id='word_1_45' title='bbox 363 573 502 614; x_wconf 88' lang='lat' dir='ltr'>videre</span> <span class='ocrx_word' id='word_1_46' title='bbox 537 574 783 629; x_wconf 85' lang='lat' dir='ltr'>praevaluit;</span> <span class='ocrx_word' id='word_1_47' title='bbox 831 573 1060 629; x_wconf 87' lang='lat' dir='ltr'>1siquidem</span> <span class='ocrx_word' id='word_1_48' title='bbox 1092 575 1126 616; x_wconf 92' lang='lat' dir='ltr'>si</span> <span class='ocrx_word' id='word_1_49' title='bbox 1162 573 1384 628; x_wconf 85' lang='lat' dir='ltr'>aliquando</span> <span class='ocrx_word' id='word_1_50' title='bbox 1413 587 1439 614; x_wconf 86' lang='lat' dir='ltr'>a</span> <span class='ocrx_word' id='word_1_51' title='bbox 1467 572 1546 614; x_wconf 86' lang='lat' dir='ltr'>viri</span> <span class='ocrx_word' id='word_1_52' title='bbox 1579 572 1659 613; x_wconf 92' lang='lat' dir='ltr'>Dei</span> 
     </span>
     <span class='ocr_line' id='line_1_7' title="bbox 118 639 1659 696; baseline 0 -17"><span class='ocrx_word' id='word_1_53' title='bbox 118 640 339 693; x_wconf 74' lang='lat' dir='ltr'>praesentia</span> <span class='ocrx_word' id='word_1_54' title='bbox 362 640 544 683; x_wconf 82' lang='lat' dir='ltr'>exterius</span> <span class='ocrx_word' id='word_1_55' title='bbox 572 641 687 691; x_wconf 83' lang='lat' dir='ltr'>exiit,</span> <span class='ocrx_word' id='word_1_56' title='bbox 719 641 777 682; x_wconf 89' lang='lat' dir='ltr'>nil</span> <span class='ocrx_word' id='word_1_57' title='bbox 808 641 922 682; x_wconf 89' lang='lat' dir='ltr'>aliud</span> <span class='ocrx_word' id='word_1_58' title='bbox 952 656 1077 696; x_wconf 90' lang='lat' dir='ltr'>quam</span> <span class='ocrx_word' id='word_1_59' title='bbox 1108 641 1234 682; x_wconf 86' lang='lat' dir='ltr'>ceteri</span> <span class='ocrx_word' id='word_1_60' title='bbox 1264 640 1413 695; x_wconf 89' lang='lat' dir='ltr'>quique</span> <span class='ocrx_word' id='word_1_61' title='bbox 1442 639 1659 680; x_wconf 89' lang='lat' dir='ltr'>hominum</span> 
     </span>
     <span class='ocr_line' id='line_1_8' title="bbox 119 704 1660 763; baseline 0.001 -18"><span class='ocrx_word' id='word_1_62' title='bbox 119 704 260 746; x_wconf 88' lang='lat' dir='ltr'>videre</span> <span class='ocrx_word' id='word_1_63' title='bbox 280 706 510 761; x_wconf 79' lang='lat' dir='ltr'>praevaluit.</span> <span class='ocrx_word' id='word_1_64' title='bbox 574 707 714 758; x_wconf 85' lang='lat' dir='ltr'>Unde,</span> <span class='ocrx_word' id='word_1_65' title='bbox 737 714 785 749; x_wconf 93' lang='lat' dir='ltr'>ut</span> <span class='ocrx_word' id='word_1_66' title='bbox 808 708 983 763; x_wconf 82' lang='lat' dir='ltr'>gloriam</span> <span class='ocrx_word' id='word_1_67' title='bbox 1005 708 1085 749; x_wconf 91' lang='lat' dir='ltr'>Dei</span> <span class='ocrx_word' id='word_1_68' title='bbox 1108 711 1332 758; x_wconf 82' lang='lat' dir='ltr'>enarraret,</span> <span class='ocrx_word' id='word_1_69' title='bbox 1352 706 1431 748; x_wconf 88' lang='lat' dir='ltr'>hoc</span> <span class='ocrx_word' id='word_1_70' title='bbox 1452 706 1490 747; x_wconf 92' lang='lat' dir='ltr'>ei</span> <span class='ocrx_word' id='word_1_71' title='bbox 1510 720 1660 747; x_wconf 86' lang='lat' dir='ltr'>munus</span> 
     </span>
     <span class='ocr_line' id='line_1_9' title="bbox 119 771 1654 829; baseline 0.001 -17"><span class='ocrx_word' id='word_1_72' title='bbox 119 771 316 813; x_wconf 88' lang='lat' dir='ltr'>collatum</span> <span class='ocrx_word' id='word_1_73' title='bbox 337 773 569 823; x_wconf 77' lang='lat' dir='ltr'>credimus3</span> <span class='ocrx_word' id='word_1_74' title='bbox 603 780 727 829; x_wconf 83' lang='lat' dir='ltr'>atque</span> <span class='ocrx_word' id='word_1_75' title='bbox 757 779 805 817; x_wconf 90' lang='lat' dir='ltr'>ut</span> <span class='ocrx_word' id='word_1_76' title='bbox 836 773 1099 817; x_wconf 85' lang='lat' dir='ltr'>testificando</span> <span class='ocrx_word' id='word_1_77' title='bbox 1121 775 1202 816; x_wconf 92' lang='lat' dir='ltr'>Dei</span> <span class='ocrx_word' id='word_1_78' title='bbox 1227 778 1386 816; x_wconf 85' lang='lat' dir='ltr'>secreta</span> <span class='ocrx_word' id='word_1_79' title='bbox 1407 772 1654 823; x_wconf 86' lang='lat' dir='ltr'>enuntiaret,</span> 
     </span>
     <span class='ocr_line' id='line_1_10' title="bbox 118 837 1659 897; baseline 0.001 -18"><span class='ocrx_word' id='word_1_80' title='bbox 118 837 206 879; x_wconf 84' lang='lat' dir='ltr'>haec</span> <span class='ocrx_word' id='word_1_81' title='bbox 228 840 264 880; x_wconf 91' lang='lat' dir='ltr'>ei</span> <span class='ocrx_word' id='word_1_82' title='bbox 287 839 455 881; x_wconf 87' lang='lat' dir='ltr'>detecta</span> <span class='ocrx_word' id='word_1_83' title='bbox 473 840 598 883; x_wconf 86' lang='lat' dir='ltr'>fuisse</span> <span class='ocrx_word' id='word_1_84' title='bbox 618 847 828 897; x_wconf 88' lang='lat' dir='ltr'>putamus.</span> <span class='ocrx_word' id='word_1_85' title='bbox 892 842 972 884; x_wconf 89' lang='lat' dir='ltr'>Vir</span> <span class='ocrx_word' id='word_1_86' title='bbox 1004 842 1172 897; x_wconf 89' lang='lat' dir='ltr'>quidem</span> <span class='ocrx_word' id='word_1_87' title='bbox 1203 841 1284 882; x_wconf 93' lang='lat' dir='ltr'>Dei</span> <span class='ocrx_word' id='word_1_88' title='bbox 1309 855 1398 895; x_wconf 83' lang='lat' dir='ltr'>quae</span> <span class='ocrx_word' id='word_1_89' title='bbox 1428 838 1659 895; x_wconf 84' lang='lat' dir='ltr'>spiritualia</span> 
     </span>
     <span class='ocr_line' id='line_1_11' title="bbox 116 904 1660 964; baseline 0 -18"><span class='ocrx_word' id='word_1_90' title='bbox 116 910 235 947; x_wconf 92' lang='lat' dir='ltr'>erant</span> <span class='ocrx_word' id='word_1_91' title='bbox 256 906 359 947; x_wconf 89' lang='lat' dir='ltr'>adeo</span> <span class='ocrx_word' id='word_1_92' title='bbox 377 908 538 949; x_wconf 84' lang='lat' dir='ltr'>occulta</span> <span class='ocrx_word' id='word_1_93' title='bbox 559 909 706 959; x_wconf 89' lang='lat' dir='ltr'>tenuit,</span> <span class='ocrx_word' id='word_1_94' title='bbox 722 909 833 964; x_wconf 89' lang='lat' dir='ltr'>quod</span> <span class='ocrx_word' id='word_1_95' title='bbox 848 909 920 951; x_wconf 82' lang='lat' dir='ltr'>vix</span> <span class='ocrx_word' id='word_1_96' title='bbox 936 909 1158 963; x_wconf 85' lang='lat' dir='ltr'>aliquando</span> <span class='ocrx_word' id='word_1_97' title='bbox 1176 907 1323 962; x_wconf 88' lang='lat' dir='ltr'>aliquis</span> <span class='ocrx_word' id='word_1_98' title='bbox 1342 906 1497 960; x_wconf 89' lang='lat' dir='ltr'>aliquid</span> <span class='ocrx_word' id='word_1_99' title='bbox 1518 904 1660 961; x_wconf 86' lang='lat' dir='ltr'>hujus-</span> 
     </span>
     <span class='ocr_line' id='line_1_12' title="bbox 118 973 1659 1031; baseline 0 -18"><span class='ocrx_word' id='word_1_100' title='bbox 118 973 232 1014; x_wconf 87' lang='lat' dir='ltr'>modi</span> <span class='ocrx_word' id='word_1_101' title='bbox 253 974 305 1014; x_wconf 88' lang='lat' dir='ltr'>ab</span> <span class='ocrx_word' id='word_1_102' title='bbox 328 988 375 1014; x_wconf 89' lang='lat' dir='ltr'>eo</span> <span class='ocrx_word' id='word_1_103' title='bbox 401 974 585 1017; x_wconf 83' lang='lat' dir='ltr'>elicuisse</span> <span class='ocrx_word' id='word_1_104' title='bbox 606 976 837 1031; x_wconf 78' lang='lat' dir='ltr'>praevaluit.</span> <span class='ocrx_word' id='word_1_105' title='bbox 902 976 1030 1017; x_wconf 88' lang='lat' dir='ltr'>Unde</span> <span class='ocrx_word' id='word_1_106' title='bbox 1054 975 1209 1018; x_wconf 83' lang='lat' dir='ltr'>Christi</span> <span class='ocrx_word' id='word_1_107' title='bbox 1240 973 1460 1016; x_wconf 85' lang='lat' dir='ltr'>clementia</span> <span class='ocrx_word' id='word_1_108' title='bbox 1480 973 1659 1028; x_wconf 87' lang='lat' dir='ltr'>aliquem</span> 
     </span>
     <span class='ocr_line' id='line_1_13' title="bbox 118 1039 1659 1098; baseline 0 -18"><span class='ocrx_word' id='word_1_109' title='bbox 118 1039 228 1081; x_wconf 87' lang='lat' dir='ltr'>circa</span> <span class='ocrx_word' id='word_1_110' title='bbox 248 1055 342 1081; x_wconf 91' lang='lat' dir='ltr'>eum</span> <span class='ocrx_word' id='word_1_111' title='bbox 364 1040 494 1082; x_wconf 83' lang='lat' dir='ltr'>voluit</span> <span class='ocrx_word' id='word_1_112' title='bbox 515 1047 667 1083; x_wconf 87' lang='lat' dir='ltr'>testem</span> <span class='ocrx_word' id='word_1_113' title='bbox 689 1043 901 1093; x_wconf 80' lang='lat' dir='ltr'>exsistere,</span> <span class='ocrx_word' id='word_1_114' title='bbox 925 1044 994 1098; x_wconf 89' lang='lat' dir='ltr'>qui</span> <span class='ocrx_word' id='word_1_115' title='bbox 1022 1043 1170 1084; x_wconf 89' lang='lat' dir='ltr'>ceteris</span> <span class='ocrx_word' id='word_1_116' title='bbox 1190 1041 1382 1097; x_wconf 84' lang='lat' dir='ltr'>martyrii</span> <span class='ocrx_word' id='word_1_117' title='bbox 1413 1040 1659 1095; x_wconf 88' lang='lat' dir='ltr'>passionem,</span> 
     </span>
     <span class='ocr_line' id='line_1_14' title="bbox 118 1106 1660 1165; baseline 0 -18"><span class='ocrx_word' id='word_1_118' title='bbox 118 1121 241 1160; x_wconf 89' lang='lat' dir='ltr'>quam</span> <span class='ocrx_word' id='word_1_119' title='bbox 265 1122 291 1148; x_wconf 86' lang='lat' dir='ltr'>a</span> <span class='ocrx_word' id='word_1_120' title='bbox 311 1107 523 1162; x_wconf 88' lang='lat' dir='ltr'>spiritibus</span> <span class='ocrx_word' id='word_1_121' title='bbox 543 1108 768 1151; x_wconf 88' lang='lat' dir='ltr'>immundis</span> <span class='ocrx_word' id='word_1_122' title='bbox 789 1124 1005 1164; x_wconf 88' lang='lat' dir='ltr'>perpessus</span> <span class='ocrx_word' id='word_1_123' title='bbox 1026 1114 1101 1160; x_wconf 87' lang='lat' dir='ltr'>est,</span> <span class='ocrx_word' id='word_1_124' title='bbox 1124 1114 1263 1165; x_wconf 88' lang='lat' dir='ltr'>posset</span> <span class='ocrx_word' id='word_1_125' title='bbox 1285 1107 1544 1149; x_wconf 86' lang='lat' dir='ltr'>manifestius</span> <span class='ocrx_word' id='word_1_126' title='bbox 1565 1106 1660 1147; x_wconf 62' lang='lat' dir='ltr'>2ex-</span> 
     </span>
     <span class='ocr_line' id='line_1_15' title="bbox 117 1173 299 1228; baseline 0.011 -15"><span class='ocrx_word' id='word_1_127' title='bbox 117 1173 299 1228; x_wconf 85' lang='lat' dir='ltr'>planare.</span> 
     </span>
    </p>
   </div>
   <div class='ocr_carea' id='block_1_3' title="bbox 116 1354 1661 1517">
    <p class='ocr_par' dir='ltr' id='par_1_3' title="bbox 116 1354 1661 1517">
     <span class='ocr_line' id='line_1_16' title="bbox 116 1354 1660 1386; baseline -0.002 -5"><span class='ocrx_word' id='word_1_128' title='bbox 116 1355 205 1381; x_wconf 86' lang='lat' dir='ltr'><strong>CAP.</strong></span> <span class='ocrx_word' id='word_1_129' title='bbox 234 1356 290 1382; x_wconf 82' lang='lat' dir='ltr'>vr.</span> <span class='ocrx_word' id='word_1_130' title='bbox 323 1356 526 1386; x_wconf 65' lang='lat' dir='ltr'><strong>QUALITER</strong></span> <span class='ocrx_word' id='word_1_131' title='bbox 561 1358 717 1383; x_wconf 85' lang='lat' dir='ltr'>ITERUM</span> <span class='ocrx_word' id='word_1_132' title='bbox 753 1357 927 1384; x_wconf 77' lang='lat' dir='ltr'>SANCTUS</span> <span class='ocrx_word' id='word_1_133' title='bbox 962 1358 1173 1383; x_wconf 78' lang='lat' dir='ltr'><strong>JOHANNES</strong></span> <span class='ocrx_word' id='word_1_134' title='bbox 1204 1356 1333 1382; x_wconf 89' lang='lat' dir='ltr'><strong>ILLUM</strong></span> <span class='ocrx_word' id='word_1_135' title='bbox 1365 1356 1413 1380; x_wconf 84' lang='lat' dir='ltr'>ET</span> <span class='ocrx_word' id='word_1_136' title='bbox 1445 1354 1660 1379; x_wconf 82' lang='lat' dir='ltr'><strong>MINISTROS</strong></span> 
     </span>
     <span class='ocr_line' id='line_1_17' title="bbox 184 1404 1661 1462; baseline -0.001 -14"><span class='ocrx_word' id='word_1_137' title='bbox 184 1424 353 1449; x_wconf 79' lang='lat' dir='ltr'>CETERos</span> <span class='ocrx_word' id='word_1_138' title='bbox 389 1424 464 1450; x_wconf 84' lang='lat' dir='ltr'>PRO</span> <span class='ocrx_word' id='word_1_139' title='bbox 496 1425 700 1450; x_wconf 83' lang='lat' dir='ltr'>PRAECEPTI</span> <span class='ocrx_word' id='word_1_140' title='bbox 736 1425 830 1451; x_wconf 81' lang='lat' dir='ltr'>EJus</span> <span class='ocrx_word' id='word_1_141' title='bbox 862 1426 1031 1451; x_wconf 78' lang='lat' dir='ltr'>Eonssu</span> <span class='ocrx_word' id='word_1_142' title='bbox 1073 1422 1425 1458; x_wconf 80' lang='lat' dir='ltr'>REPREHENDERIT,</span> <span class='ocrx_word' id='word_1_143' title='bbox 1460 1404 1661 1462; x_wconf 82' lang='lat' dir='ltr'><strong>QU1D[VE]</strong></span> 
     </span>
     <span class='ocr_line' id='line_1_18' title="bbox 185 1474 473 1517; baseline 0.007 -2"><span class='ocrx_word' id='word_1_144' title='bbox 185 1474 473 1517; x_wconf 77' lang='lat' dir='ltr'>PRAECEPERIT.3</span> 
     </span>
    </p>
   </div>
   <div class='ocr_carea' id='block_1_4' title="bbox 117 1575 1661 1769">
    <p class='ocr_par' dir='ltr' id='par_1_4' title="bbox 117 1575 1661 1769">
     <span class='ocr_line' id='line_1_19' title="bbox 178 1575 1661 1634; baseline -0.001 -17"><span class='ocrx_word' id='word_1_145' title='bbox 178 1575 199 1630; x_wconf 57' lang='grc' dir='ltr'><strong>ἓ</strong></span> <span class='ocrx_word' id='word_1_146' title='bbox 223 1576 320 1617; x_wconf 79' lang='lat'><strong>326.</strong></span> <span class='ocrx_word' id='word_1_147' title='bbox 355 1575 442 1617; x_wconf 73' lang='lat' dir='ltr'>Vnz</span> <span class='ocrx_word' id='word_1_148' title='bbox 463 1579 543 1621; x_wconf 90' lang='lat' dir='ltr'>Dei</span> <span class='ocrx_word' id='word_1_149' title='bbox 571 1580 677 1621; x_wconf 86' lang='lat' dir='ltr'>forte</span> <span class='ocrx_word' id='word_1_150' title='bbox 709 1595 761 1621; x_wconf 83' lang='lat' dir='ltr'>ex</span> <span class='ocrx_word' id='word_1_151' title='bbox 790 1579 1052 1620; x_wconf 84' lang='lat' dir='ltr'>denariorum</span> <span class='ocrx_word' id='word_1_152' title='bbox 1077 1578 1224 1634; x_wconf 90' lang='lat' dir='ltr'>pretio,</span> <span class='ocrx_word' id='word_1_153' title='bbox 1248 1576 1441 1619; x_wconf 88' lang='lat' dir='ltr'>monachi</span> <span class='ocrx_word' id='word_1_154' title='bbox 1466 1580 1507 1617; x_wconf 92' lang='lat' dir='ltr'>et</span> <span class='ocrx_word' id='word_1_155' title='bbox 1530 1590 1661 1617; x_wconf 87' lang='lat' dir='ltr'>sacer-</span> 
     </span>
     <span class='ocr_line' id='line_1_20' title="bbox 120 1641 1660 1702; baseline -0.001 -19"><span class='ocrx_word' id='word_1_156' title='bbox 120 1642 230 1684; x_wconf 89' lang='lat' dir='ltr'>dotis</span> <span class='ocrx_word' id='word_1_157' title='bbox 247 1643 309 1685; x_wconf 90' lang='lat' dir='ltr'>sui</span> <span class='ocrx_word' id='word_1_158' title='bbox 334 1645 515 1697; x_wconf 87' lang='lat' dir='ltr'>consilio,</span> <span class='ocrx_word' id='word_1_159' title='bbox 538 1662 664 1702; x_wconf 86' lang='lat' dir='ltr'>panes</span> <span class='ocrx_word' id='word_1_160' title='bbox 686 1647 766 1687; x_wconf 91' lang='lat' dir='ltr'>emi</span> <span class='ocrx_word' id='word_1_161' title='bbox 788 1647 955 1697; x_wconf 87' lang='lat' dir='ltr'>fecerat,</span> <span class='ocrx_word' id='word_1_162' title='bbox 974 1661 1076 1700; x_wconf 88' lang='lat' dir='ltr'>quos</span> <span class='ocrx_word' id='word_1_163' title='bbox 1097 1660 1239 1687; x_wconf 89' lang='lat' dir='ltr'>omnes</span> <span class='ocrx_word' id='word_1_164' title='bbox 1255 1660 1329 1700; x_wconf 90' lang='lat' dir='ltr'>pro</span> <span class='ocrx_word' id='word_1_165' title='bbox 1351 1658 1489 1685; x_wconf 88' lang='lat' dir='ltr'>amore</span> <span class='ocrx_word' id='word_1_166' title='bbox 1516 1641 1660 1683; x_wconf 85' lang='lat' dir='ltr'>Sancti</span> 
     </span>
     <span class='ocr_line' id='line_1_21' title="bbox 117 1709 1661 1769; baseline 0.001 -20"><span class='ocrx_word' id='word_1_167' title='bbox 117 1709 148 1750; x_wconf 81' lang='lat' dir='ltr'><strong>J</strong></span> <span class='ocrx_word' id='word_1_168' title='bbox 152 1709 325 1752; x_wconf 88' lang='lat' dir='ltr'>ohannis</span> <span class='ocrx_word' id='word_1_169' title='bbox 347 1711 550 1767; x_wconf 76' lang='lat' dir='ltr'>Baptistae</span> <span class='ocrx_word' id='word_1_170' title='bbox 571 1714 820 1769; x_wconf 80' lang='lat' dir='ltr'>pauperibus</span> <span class='ocrx_word' id='word_1_171' title='bbox 842 1713 1001 1768; x_wconf 77' lang='lat' dir='ltr'>erogari</span> <span class='ocrx_word' id='word_1_172' title='bbox 1022 1717 1292 1768; x_wconf 75' lang='lat' dir='ltr'>praeceperat.</span> <span class='ocrx_word' id='word_1_173' title='bbox 1349 1710 1471 1763; x_wconf 71' lang='lat' dir='ltr'>Quod</span> <span class='ocrx_word' id='word_1_174' title='bbox 1491 1714 1538 1750; x_wconf 88' lang='lat' dir='ltr'>ut</span> <span class='ocrx_word' id='word_1_175' title='bbox 1558 1724 1661 1764; x_wconf 81' lang='lat' dir='ltr'>prae-</span> 
     </span>
    </p>
   </div>
   <div class='ocr_carea' id='block_1_5' title="bbox 115 1820 1660 2942">
    <p class='ocr_par' dir='ltr' id='par_1_5' title="bbox 115 1820 1660 1904">
     <span class='ocr_line' id='line_1_22' title="bbox 164 1820 1660 1870; baseline -0.001 -15"><span class='ocrx_word' id='word_1_176' title='bbox 164 1821 174 1841; x_wconf 91' lang='lat'>¹</span> <span class='ocrx_word' id='word_1_177' title='bbox 194 1820 391 1870; x_wconf 71' lang='lat' dir='ltr'>Siquidem]</span> <span class='ocrx_word' id='word_1_178' title='bbox 414 1823 487 1857; x_wconf 85' lang='lat' dir='ltr'>The</span> <span class='ocrx_word' id='word_1_179' title='bbox 504 1835 644 1869; x_wconf 82' lang='lat' dir='ltr'>passage</span> <span class='ocrx_word' id='word_1_180' title='bbox 660 1823 740 1857; x_wconf 87' lang='lat' dir='ltr'>here</span> <span class='ocrx_word' id='word_1_181' title='bbox 757 1822 953 1868; x_wconf 81' lang='lat' dir='ltr'>beginning,</span> <span class='ocrx_word' id='word_1_182' title='bbox 972 1821 1038 1855; x_wconf 84' lang='lat' dir='ltr'>and</span> <span class='ocrx_word' id='word_1_183' title='bbox 1051 1820 1176 1866; x_wconf 83' lang='lat' dir='ltr'>ending</span> <span class='ocrx_word' id='word_1_184' title='bbox 1189 1821 1271 1855; x_wconf 82' lang='lat' dir='ltr'>with</span> <span class='ocrx_word' id='word_1_185' title='bbox 1290 1823 1312 1840; x_wconf 77' lang='lat'><strong>“</strong></span> <span class='ocrx_word' id='word_1_186' title='bbox 1325 1820 1540 1867; x_wconf 80' lang='lat' dir='ltr'>praevaluit,”</span> <span class='ocrx_word' id='word_1_187' title='bbox 1558 1820 1586 1853; x_wconf 90' lang='lat' dir='ltr'>is</span> <span class='ocrx_word' id='word_1_188' title='bbox 1601 1825 1660 1853; x_wconf 89' lang='lat' dir='ltr'>not</span> 
     </span>
     <span class='ocr_line' id='line_1_23' title="bbox 115 1868 341 1904; baseline 0.009 -2"><span class='ocrx_word' id='word_1_189' title='bbox 115 1868 220 1902; x_wconf 88' lang='lat' dir='ltr'>found</span> <span class='ocrx_word' id='word_1_190' title='bbox 239 1870 273 1902; x_wconf 92' lang='lat' dir='ltr'>in</span> <span class='ocrx_word' id='word_1_191' title='bbox 294 1869 341 1904; x_wconf 86' lang='lat' dir='ltr'>H.</span> 
     </span>
    </p>

    <p class='ocr_par' dir='ltr' id='par_1_6' title="bbox 116 1913 1660 2896">
     <span class='ocr_line' id='line_1_24' title="bbox 163 1913 1660 1962; baseline -0.002 -13"><span class='ocrx_word' id='word_1_192' title='bbox 163 1916 176 1933; x_wconf 82' lang='lat'><em>²</em></span> <span class='ocrx_word' id='word_1_193' title='bbox 188 1915 408 1962; x_wconf 67' lang='lat' dir='ltr'>Erplcmare]</span> <span class='ocrx_word' id='word_1_194' title='bbox 430 1916 543 1950; x_wconf 86' lang='lat' dir='ltr'>“Inde</span> <span class='ocrx_word' id='word_1_195' title='bbox 559 1923 721 1950; x_wconf 79' lang='lat' dir='ltr'>venerunt</span> <span class='ocrx_word' id='word_1_196' title='bbox 739 1917 773 1950; x_wconf 87' lang='lat' dir='ltr'>in</span> <span class='ocrx_word' id='word_1_197' title='bbox 787 1927 916 1961; x_wconf 82' lang='lat' dir='ltr'>agrum,</span> <span class='ocrx_word' id='word_1_198' title='bbox 930 1915 987 1949; x_wconf 86' lang='lat' dir='ltr'>ubi</span> <span class='ocrx_word' id='word_1_199' title='bbox 1002 1926 1123 1948; x_wconf 87' lang='lat' dir='ltr'>nemus</span> <span class='ocrx_word' id='word_1_200' title='bbox 1136 1914 1245 1947; x_wconf 86' lang='lat' dir='ltr'>suerat</span> <span class='ocrx_word' id='word_1_201' title='bbox 1259 1915 1497 1959; x_wconf 81' lang='lat' dir='ltr'>exstirpatum.</span> <span class='ocrx_word' id='word_1_202' title='bbox 1524 1913 1577 1947; x_wconf 88' lang='lat' dir='ltr'>Ibi</span> <span class='ocrx_word' id='word_1_203' title='bbox 1589 1918 1660 1946; x_wconf 89' lang='lat' dir='ltr'>erat</span> 
     </span>
     <span class='ocr_line' id='line_1_25' title="bbox 117 1960 1659 2007; baseline -0.001 -12"><span class='ocrx_word' id='word_1_204' title='bbox 117 1961 219 1995; x_wconf 88' lang='lat' dir='ltr'>homo</span> <span class='ocrx_word' id='word_1_205' title='bbox 249 1975 363 2006; x_wconf 86' lang='lat' dir='ltr'>canus,</span> <span class='ocrx_word' id='word_1_206' title='bbox 387 1970 420 1996; x_wconf 89' lang='lat' dir='ltr'>et</span> <span class='ocrx_word' id='word_1_207' title='bbox 449 1969 578 1997; x_wconf 84' lang='lat' dir='ltr'>statura</span> <span class='ocrx_word' id='word_1_208' title='bbox 597 1964 763 2007; x_wconf 83' lang='lat' dir='ltr'>modicus,</span> <span class='ocrx_word' id='word_1_209' title='bbox 782 1963 877 1996; x_wconf 85' lang='lat' dir='ltr'>vultu</span> <span class='ocrx_word' id='word_1_210' title='bbox 904 1968 937 1996; x_wconf 89' lang='lat' dir='ltr'>et</span> <span class='ocrx_word' id='word_1_211' title='bbox 966 1961 1085 1995; x_wconf 89' lang='lat' dir='ltr'>habitu</span> <span class='ocrx_word' id='word_1_212' title='bbox 1111 1961 1232 1994; x_wconf 87' lang='lat' dir='ltr'>similis</span> <span class='ocrx_word' id='word_1_213' title='bbox 1258 1961 1455 2002; x_wconf 78' lang='lat' dir='ltr'>heremitae;</span> <span class='ocrx_word' id='word_1_214' title='bbox 1483 1960 1539 2005; x_wconf 89' lang='lat' dir='ltr'>qui</span> <span class='ocrx_word' id='word_1_215' title='bbox 1558 1960 1659 1993; x_wconf 79' lang='lat' dir='ltr'>flexis</span> 
     </span>
     <span class='ocr_line' id='line_1_26' title="bbox 116 2006 1658 2054; baseline 0 -13"><span class='ocrx_word' id='word_1_216' title='bbox 116 2008 260 2053; x_wconf 84' lang='lat' dir='ltr'>genibus</span> <span class='ocrx_word' id='word_1_217' title='bbox 279 2017 311 2043; x_wconf 89' lang='lat' dir='ltr'>et</span> <span class='ocrx_word' id='word_1_218' title='bbox 328 2010 485 2044; x_wconf 88' lang='lat' dir='ltr'>manibus</span> <span class='ocrx_word' id='word_1_219' title='bbox 503 2010 653 2054; x_wconf 82' lang='lat' dir='ltr'>elevatis,</span> <span class='ocrx_word' id='word_1_220' title='bbox 669 2010 781 2044; x_wconf 88' lang='lat' dir='ltr'>Deum</span> <span class='ocrx_word' id='word_1_221' title='bbox 799 2010 959 2043; x_wconf 85' lang='lat' dir='ltr'>continue</span> <span class='ocrx_word' id='word_1_222' title='bbox 971 2020 1049 2042; x_wconf 87' lang='lat' dir='ltr'>eum</span> <span class='ocrx_word' id='word_1_223' title='bbox 1064 2008 1217 2053; x_wconf 81' lang='lat' dir='ltr'>suspiriis</span> <span class='ocrx_word' id='word_1_224' title='bbox 1232 2014 1264 2041; x_wconf 87' lang='lat' dir='ltr'>et</span> <span class='ocrx_word' id='word_1_225' title='bbox 1282 2007 1466 2052; x_wconf 79' lang='lat' dir='ltr'>gemitibus</span> <span class='ocrx_word' id='word_1_226' title='bbox 1484 2006 1658 2041; x_wconf 79' lang='lat' dir='ltr'>exorabat.</span> 
     </span>
     <span class='ocr_line' id='line_1_27' title="bbox 120 2053 1660 2102; baseline -0.001 -14"><span class='ocrx_word' id='word_1_227' title='bbox 120 2055 272 2089; x_wconf 84' lang='lat' dir='ltr'>Tenebat</span> <span class='ocrx_word' id='word_1_228' title='bbox 296 2062 329 2089; x_wconf 88' lang='lat' dir='ltr'>et</span> <span class='ocrx_word' id='word_1_229' title='bbox 358 2057 503 2090; x_wconf 84' lang='lat' dir='ltr'>Crucem</span> <span class='ocrx_word' id='word_1_230' title='bbox 533 2057 738 2100; x_wconf 78' lang='lat' dir='ltr'>deauratam,</span> <span class='ocrx_word' id='word_1_231' title='bbox 767 2056 901 2102; x_wconf 86' lang='lat' dir='ltr'>qualem</span> <span class='ocrx_word' id='word_1_232' title='bbox 928 2056 977 2089; x_wconf 86' lang='lat' dir='ltr'>vir</span> <span class='ocrx_word' id='word_1_233' title='bbox 999 2054 1147 2088; x_wconf 81' lang='lat' dir='ltr'>habebat</span> <span class='ocrx_word' id='word_1_234' title='bbox 1184 2055 1218 2087; x_wconf 90' lang='lat' dir='ltr'>in</span> <span class='ocrx_word' id='word_1_235' title='bbox 1237 2054 1332 2098; x_wconf 84' lang='lat' dir='ltr'>cella,</span> <span class='ocrx_word' id='word_1_236' title='bbox 1359 2060 1392 2087; x_wconf 90' lang='lat' dir='ltr'>et</span> <span class='ocrx_word' id='word_1_237' title='bbox 1417 2054 1493 2087; x_wconf 89' lang='lat' dir='ltr'>ideo</span> <span class='ocrx_word' id='word_1_238' title='bbox 1518 2053 1660 2099; x_wconf 86' lang='lat' dir='ltr'>putabat</span> 
     </span>
     <span class='ocr_line' id='line_1_28' title="bbox 116 2100 1658 2149; baseline -0.001 -14"><span class='ocrx_word' id='word_1_239' title='bbox 116 2101 313 2137; x_wconf 87' lang='lat' dir='ltr'>adolescens</span> <span class='ocrx_word' id='word_1_240' title='bbox 336 2103 449 2149; x_wconf 89' lang='lat' dir='ltr'>ipsum</span> <span class='ocrx_word' id='word_1_241' title='bbox 467 2116 541 2137; x_wconf 90' lang='lat' dir='ltr'>esse</span> <span class='ocrx_word' id='word_1_242' title='bbox 559 2104 769 2146; x_wconf 88' lang='lat' dir='ltr'>Godricum;</span> <span class='ocrx_word' id='word_1_243' title='bbox 796 2103 875 2148; x_wconf 84' lang='lat' dir='ltr'>quia</span> <span class='ocrx_word' id='word_1_244' title='bbox 899 2103 933 2136; x_wconf 89' lang='lat' dir='ltr'>in</span> <span class='ocrx_word' id='word_1_245' title='bbox 952 2101 1109 2136; x_wconf 86' lang='lat' dir='ltr'>omnibus</span> <span class='ocrx_word' id='word_1_246' title='bbox 1127 2102 1157 2135; x_wconf 92' lang='lat' dir='ltr'>ei</span> <span class='ocrx_word' id='word_1_247' title='bbox 1179 2101 1301 2134; x_wconf 91' lang='lat' dir='ltr'>similis</span> <span class='ocrx_word' id='word_1_248' title='bbox 1325 2100 1518 2147; x_wconf 84' lang='lat' dir='ltr'>apparebat.</span> <span class='ocrx_word' id='word_1_249' title='bbox 1570 2100 1658 2133; x_wconf 89' lang='lat' dir='ltr'>Cum</span> 
     </span>
     <span class='ocr_line' id='line_1_29' title="bbox 118 2147 1656 2196; baseline -0.001 -15"><span class='ocrx_word' id='word_1_250' title='bbox 118 2160 196 2182; x_wconf 84' lang='lat' dir='ltr'>vero</span> <span class='ocrx_word' id='word_1_251' title='bbox 225 2149 451 2194; x_wconf 81' lang='lat' dir='ltr'>interrogatus</span> <span class='ocrx_word' id='word_1_252' title='bbox 475 2162 494 2184; x_wconf 91' lang='lat' dir='ltr'>a</span> <span class='ocrx_word' id='word_1_253' title='bbox 522 2151 646 2184; x_wconf 85' lang='lat' dir='ltr'>Sancto</span> <span class='ocrx_word' id='word_1_254' title='bbox 672 2151 747 2196; x_wconf 89' lang='lat' dir='ltr'>quis</span> <span class='ocrx_word' id='word_1_255' title='bbox 777 2155 867 2183; x_wconf 86' lang='lat' dir='ltr'>esset</span> <span class='ocrx_word' id='word_1_256' title='bbox 900 2149 968 2193; x_wconf 91' lang='lat' dir='ltr'>ille,</span> <span class='ocrx_word' id='word_1_257' title='bbox 996 2148 1124 2182; x_wconf 89' lang='lat' dir='ltr'>diceret</span> <span class='ocrx_word' id='word_1_258' title='bbox 1153 2149 1162 2166; x_wconf 83' lang='lat'>‘</span> <span class='ocrx_word' id='word_1_259' title='bbox 1177 2147 1333 2181; x_wconf 89' lang='lat' dir='ltr'>Domnus</span> <span class='ocrx_word' id='word_1_260' title='bbox 1362 2147 1482 2191; x_wconf 88' lang='lat' dir='ltr'>meus,⁷</span> <span class='ocrx_word' id='word_1_261' title='bbox 1511 2147 1656 2180; x_wconf 79' lang='lat' dir='ltr'>Sanctus</span> 
     </span>
     <span class='ocr_line' id='line_1_30' title="bbox 117 2193 1659 2240; baseline -0.001 -12"><span class='ocrx_word' id='word_1_262' title='bbox 117 2195 258 2239; x_wconf 85' lang='lat' dir='ltr'>adjecit,</span> <span class='ocrx_word' id='word_1_263' title='bbox 306 2198 315 2214; x_wconf 80' lang='lat'>‘</span> <span class='ocrx_word' id='word_1_264' title='bbox 330 2197 413 2230; x_wconf 92' lang='lat' dir='ltr'>Non</span> <span class='ocrx_word' id='word_1_265' title='bbox 431 2202 482 2230; x_wconf 84' lang='lat' dir='ltr'>est</span> <span class='ocrx_word' id='word_1_266' title='bbox 508 2197 571 2231; x_wconf 90' lang='lat' dir='ltr'>iste</span> <span class='ocrx_word' id='word_1_267' title='bbox 590 2197 733 2231; x_wconf 89' lang='lat' dir='ltr'>domnus</span> <span class='ocrx_word' id='word_1_268' title='bbox 751 2203 830 2230; x_wconf 90' lang='lat' dir='ltr'>tuus</span> <span class='ocrx_word' id='word_1_269' title='bbox 848 2209 856 2238; x_wconf 91' lang='lat'>;</span> <span class='ocrx_word' id='word_1_270' title='bbox 882 2195 942 2229; x_wconf 91' lang='lat' dir='ltr'>sed</span> <span class='ocrx_word' id='word_1_271' title='bbox 969 2195 1081 2228; x_wconf 88' lang='lat' dir='ltr'>Deum</span> <span class='ocrx_word' id='word_1_272' title='bbox 1104 2207 1163 2240; x_wconf 91' lang='lat' dir='ltr'>pro</span> <span class='ocrx_word' id='word_1_273' title='bbox 1178 2194 1301 2228; x_wconf 89' lang='lat' dir='ltr'>domno</span> <span class='ocrx_word' id='word_1_274' title='bbox 1320 2200 1378 2228; x_wconf 89' lang='lat' dir='ltr'>tuo</span> <span class='ocrx_word' id='word_1_275' title='bbox 1401 2193 1530 2239; x_wconf 81' lang='lat' dir='ltr'>jugiter</span> <span class='ocrx_word' id='word_1_276' title='bbox 1554 2194 1659 2227; x_wconf 90' lang='lat' dir='ltr'>inter-</span> 
     </span>
     <span class='ocr_line' id='line_1_31' title="bbox 117 2240 1657 2287; baseline -0.001 -12"><span class='ocrx_word' id='word_1_277' title='bbox 117 2241 270 2287; x_wconf 87' lang='lat' dir='ltr'>pellans.&#39;</span> <span class='ocrx_word' id='word_1_278' title='bbox 321 2243 412 2285; x_wconf 84' lang='lat' dir='ltr'>Quia</span> <span class='ocrx_word' id='word_1_279' title='bbox 434 2244 499 2277; x_wconf 88' lang='lat' dir='ltr'>nisi</span> <span class='ocrx_word' id='word_1_280' title='bbox 524 2250 636 2277; x_wconf 87' lang='lat' dir='ltr'>essent</span> <span class='ocrx_word' id='word_1_281' title='bbox 662 2244 718 2277; x_wconf 89' lang='lat' dir='ltr'>isti</span> <span class='ocrx_word' id='word_1_282' title='bbox 746 2248 822 2286; x_wconf 88' lang='lat' dir='ltr'>duo,</span> <span class='ocrx_word' id='word_1_283' title='bbox 844 2243 975 2276; x_wconf 87' lang='lat' dir='ltr'>scilicet</span> <span class='ocrx_word' id='word_1_284' title='bbox 1001 2242 1059 2275; x_wconf 87' lang='lat' dir='ltr'>ille</span> <span class='ocrx_word' id='word_1_285' title='bbox 1087 2242 1144 2286; x_wconf 91' lang='lat' dir='ltr'>qui</span> <span class='ocrx_word' id='word_1_286' title='bbox 1172 2241 1307 2275; x_wconf 86' lang='lat' dir='ltr'>assidue</span> <span class='ocrx_word' id='word_1_287' title='bbox 1334 2241 1426 2286; x_wconf 83' lang='lat' dir='ltr'>legit,</span> <span class='ocrx_word' id='word_1_288' title='bbox 1446 2246 1480 2274; x_wconf 89' lang='lat' dir='ltr'>et</span> <span class='ocrx_word' id='word_1_289' title='bbox 1505 2241 1569 2274; x_wconf 89' lang='lat' dir='ltr'>iste</span> <span class='ocrx_word' id='word_1_290' title='bbox 1599 2240 1657 2285; x_wconf 91' lang='lat' dir='ltr'>qui</span> 
     </span>
     <span class='ocr_line' id='line_1_32' title="bbox 117 2287 1659 2335; baseline -0.001 -14"><span class='ocrx_word' id='word_1_291' title='bbox 117 2300 249 2334; x_wconf 84' lang='lat' dir='ltr'>semper</span> <span class='ocrx_word' id='word_1_292' title='bbox 267 2296 351 2332; x_wconf 88' lang='lat' dir='ltr'>orat,</span> <span class='ocrx_word' id='word_1_293' title='bbox 369 2290 489 2323; x_wconf 87' lang='lat' dir='ltr'>domus</span> <span class='ocrx_word' id='word_1_294' title='bbox 507 2290 582 2334; x_wconf 85' lang='lat' dir='ltr'>ista,</span> <span class='ocrx_word' id='word_1_295' title='bbox 601 2302 678 2324; x_wconf 90' lang='lat' dir='ltr'>cum</span> <span class='ocrx_word' id='word_1_296' title='bbox 696 2290 762 2323; x_wconf 91' lang='lat' dir='ltr'>hiis</span> <span class='ocrx_word' id='word_1_297' title='bbox 780 2302 856 2335; x_wconf 77' lang='lat' dir='ltr'>quae</span> <span class='ocrx_word' id='word_1_298' title='bbox 874 2289 916 2322; x_wconf 87' lang='lat' dir='ltr'>ad</span> <span class='ocrx_word' id='word_1_299' title='bbox 935 2300 1009 2322; x_wconf 87' lang='lat' dir='ltr'>eam</span> <span class='ocrx_word' id='word_1_300' title='bbox 1027 2288 1208 2334; x_wconf 81' lang='lat' dir='ltr'>pertinent,</span> <span class='ocrx_word' id='word_1_301' title='bbox 1220 2288 1386 2333; x_wconf 86' lang='lat' dir='ltr'>periisset.</span> <span class='ocrx_word' id='word_1_302' title='bbox 1427 2287 1480 2320; x_wconf 89' lang='lat' dir='ltr'>Tu</span> <span class='ocrx_word' id='word_1_303' title='bbox 1497 2287 1581 2320; x_wconf 85' lang='lat' dir='ltr'>mihi</span> <span class='ocrx_word' id='word_1_304' title='bbox 1601 2287 1659 2320; x_wconf 86' lang='lat' dir='ltr'>de-</span> 
     </span>
     <span class='ocr_line' id='line_1_33' title="bbox 118 2333 1657 2381; baseline -0.001 -13"><span class='ocrx_word' id='word_1_305' title='bbox 118 2335 233 2381; x_wconf 86' lang='lat' dir='ltr'>inceps</span> <span class='ocrx_word' id='word_1_306' title='bbox 260 2342 331 2369; x_wconf 83' lang='lat' dir='ltr'>esto</span> <span class='ocrx_word' id='word_1_307' title='bbox 350 2336 501 2381; x_wconf 83' lang='lat' dir='ltr'>devotus,</span> <span class='ocrx_word' id='word_1_308' title='bbox 521 2344 554 2370; x_wconf 90' lang='lat' dir='ltr'>et</span> <span class='ocrx_word' id='word_1_309' title='bbox 572 2337 655 2371; x_wconf 86' lang='lat' dir='ltr'>alios</span> <span class='ocrx_word' id='word_1_310' title='bbox 672 2349 773 2370; x_wconf 89' lang='lat' dir='ltr'>mone</span> <span class='ocrx_word' id='word_1_311' title='bbox 786 2342 824 2370; x_wconf 91' lang='lat' dir='ltr'>ut</span> <span class='ocrx_word' id='word_1_312' title='bbox 842 2348 936 2370; x_wconf 86' lang='lat' dir='ltr'>servo</span> <span class='ocrx_word' id='word_1_313' title='bbox 954 2347 1031 2368; x_wconf 90' lang='lat' dir='ltr'>meo</span> <span class='ocrx_word' id='word_1_314' title='bbox 1057 2335 1201 2368; x_wconf 83' lang='lat' dir='ltr'>libenter</span> <span class='ocrx_word' id='word_1_315' title='bbox 1226 2334 1399 2368; x_wconf 86' lang='lat' dir='ltr'>obediant.</span> <span class='ocrx_word' id='word_1_316' title='bbox 1447 2333 1540 2367; x_wconf 83' lang='lat' dir='ltr'>Nam</span> <span class='ocrx_word' id='word_1_317' title='bbox 1554 2335 1657 2377; x_wconf 79' lang='lat' dir='ltr'>juxta</span> 
     </span>
     <span class='ocr_line' id='line_1_34' title="bbox 117 2379 1660 2428; baseline -0.001 -13"><span class='ocrx_word' id='word_1_318' title='bbox 117 2393 229 2415; x_wconf 88' lang='lat' dir='ltr'>meam</span> <span class='ocrx_word' id='word_1_319' title='bbox 247 2383 505 2428; x_wconf 87' lang='lat' dir='ltr'>promissionem</span> <span class='ocrx_word' id='word_1_320' title='bbox 523 2384 711 2428; x_wconf 86' lang='lat' dir='ltr'>spiritualia</span> <span class='ocrx_word' id='word_1_321' title='bbox 728 2383 868 2426; x_wconf 87' lang='lat' dir='ltr'>videbis,</span> <span class='ocrx_word' id='word_1_322' title='bbox 896 2382 976 2416; x_wconf 87' lang='lat' dir='ltr'>dum</span> <span class='ocrx_word' id='word_1_323' title='bbox 994 2382 1083 2416; x_wconf 87' lang='lat' dir='ltr'>circa</span> <span class='ocrx_word' id='word_1_324' title='bbox 1100 2393 1233 2415; x_wconf 89' lang='lat' dir='ltr'>servum</span> <span class='ocrx_word' id='word_1_325' title='bbox 1250 2393 1366 2415; x_wconf 90' lang='lat' dir='ltr'>meum</span> <span class='ocrx_word' id='word_1_326' title='bbox 1384 2379 1660 2414; x_wconf 73' lang='lat' dir='ltr'>conservaberis.²</span> 
     </span>
     <span class='ocr_line' id='line_1_35' title="bbox 119 2427 1657 2475; baseline -0.001 -13"><span class='ocrx_word' id='word_1_327' title='bbox 119 2428 185 2462; x_wconf 87' lang='lat' dir='ltr'>His</span> <span class='ocrx_word' id='word_1_328' title='bbox 203 2429 302 2463; x_wconf 84' lang='lat' dir='ltr'>dietis</span> <span class='ocrx_word' id='word_1_329' title='bbox 321 2430 458 2463; x_wconf 82' lang='lat' dir='ltr'>evanuit</span> <span class='ocrx_word' id='word_1_330' title='bbox 474 2443 482 2472; x_wconf 82' lang='lat'>3</span> <span class='ocrx_word' id='word_1_331' title='bbox 510 2436 542 2463; x_wconf 87' lang='lat' dir='ltr'>et</span> <span class='ocrx_word' id='word_1_332' title='bbox 560 2430 756 2464; x_wconf 84' lang='lat' dir='ltr'>adolescens</span> <span class='ocrx_word' id='word_1_333' title='bbox 786 2429 945 2475; x_wconf 73' lang='lat' dir='ltr'>vigilavit,</span> <span class='ocrx_word' id='word_1_334' title='bbox 965 2440 1111 2473; x_wconf 87' lang='lat' dir='ltr'>suosque</span> <span class='ocrx_word' id='word_1_335' title='bbox 1129 2428 1293 2462; x_wconf 86' lang='lat' dir='ltr'>flascones</span> <span class='ocrx_word' id='word_1_336' title='bbox 1311 2428 1414 2473; x_wconf 83' lang='lat' dir='ltr'>capiti</span> <span class='ocrx_word' id='word_1_337' title='bbox 1433 2439 1493 2461; x_wconf 89' lang='lat' dir='ltr'>suo</span> <span class='ocrx_word' id='word_1_338' title='bbox 1511 2427 1657 2472; x_wconf 86' lang='lat' dir='ltr'>repperit</span> 
     </span>
     <span class='ocr_line' id='line_1_36' title="bbox 118 2473 1657 2523; baseline -0.001 -15"><span class='ocrx_word' id='word_1_339' title='bbox 118 2475 343 2519; x_wconf 82' lang='lat' dir='ltr'>subjacentes.</span> <span class='ocrx_word' id='word_1_340' title='bbox 396 2476 493 2510; x_wconf 84' lang='lat' dir='ltr'>Tune</span> <span class='ocrx_word' id='word_1_341' title='bbox 519 2476 658 2510; x_wconf 90' lang='lat' dir='ltr'>domum</span> <span class='ocrx_word' id='word_1_342' title='bbox 687 2488 868 2523; x_wconf 86' lang='lat' dir='ltr'>properans</span> <span class='ocrx_word' id='word_1_343' title='bbox 894 2476 1027 2510; x_wconf 86' lang='lat' dir='ltr'>obviam</span> <span class='ocrx_word' id='word_1_344' title='bbox 1044 2475 1164 2508; x_wconf 86' lang='lat' dir='ltr'>habuit</span> <span class='ocrx_word' id='word_1_345' title='bbox 1188 2475 1382 2508; x_wconf 82' lang='lat' dir='ltr'>ministrum</span> <span class='ocrx_word' id='word_1_346' title='bbox 1401 2486 1501 2519; x_wconf 86' lang='lat' dir='ltr'>quem</span> <span class='ocrx_word' id='word_1_347' title='bbox 1520 2473 1605 2506; x_wconf 86' lang='lat' dir='ltr'>vidit</span> <span class='ocrx_word' id='word_1_348' title='bbox 1623 2474 1657 2506; x_wconf 90' lang='lat' dir='ltr'>in</span> 
     </span>
     <span class='ocr_line' id='line_1_37' title="bbox 118 2520 1657 2568; baseline -0.002 -13"><span class='ocrx_word' id='word_1_349' title='bbox 118 2523 269 2565; x_wconf 83' lang='lat' dir='ltr'>somnis3</span> <span class='ocrx_word' id='word_1_350' title='bbox 296 2528 329 2556; x_wconf 88' lang='lat' dir='ltr'>et</span> <span class='ocrx_word' id='word_1_351' title='bbox 354 2523 495 2556; x_wconf 88' lang='lat' dir='ltr'>modum</span> <span class='ocrx_word' id='word_1_352' title='bbox 513 2524 651 2557; x_wconf 84' lang='lat' dir='ltr'>visionis</span> <span class='ocrx_word' id='word_1_353' title='bbox 678 2536 828 2568; x_wconf 79' lang='lat' dir='ltr'>narrans7</span> <span class='ocrx_word' id='word_1_354' title='bbox 845 2523 888 2556; x_wconf 87' lang='lat' dir='ltr'>ad</span> <span class='ocrx_word' id='word_1_355' title='bbox 915 2522 1151 2568; x_wconf 85' lang='lat' dir='ltr'>poenitentiam</span> <span class='ocrx_word' id='word_1_356' title='bbox 1180 2521 1276 2555; x_wconf 80' lang='lat' dir='ltr'>flexit</span> <span class='ocrx_word' id='word_1_357' title='bbox 1298 2533 1388 2564; x_wconf 89' lang='lat' dir='ltr'>eum,</span> <span class='ocrx_word' id='word_1_358' title='bbox 1407 2521 1464 2565; x_wconf 88' lang='lat' dir='ltr'>qui</span> <span class='ocrx_word' id='word_1_359' title='bbox 1482 2520 1657 2553; x_wconf 87' lang='lat' dir='ltr'>confessus</span> 
     </span>
     <span class='ocr_line' id='line_1_38' title="bbox 119 2567 1659 2616; baseline -0.003 -14"><span class='ocrx_word' id='word_1_360' title='bbox 119 2574 170 2602; x_wconf 89' lang='lat' dir='ltr'>est</span> <span class='ocrx_word' id='word_1_361' title='bbox 187 2581 264 2603; x_wconf 82' lang='lat' dir='ltr'>vera</span> <span class='ocrx_word' id='word_1_362' title='bbox 282 2581 355 2603; x_wconf 87' lang='lat' dir='ltr'>esse</span> <span class='ocrx_word' id='word_1_363' title='bbox 379 2581 417 2603; x_wconf 90' lang='lat' dir='ltr'>ea</span> <span class='ocrx_word' id='word_1_364' title='bbox 440 2570 553 2604; x_wconf 88' lang='lat' dir='ltr'>omnia</span> <span class='ocrx_word' id='word_1_365' title='bbox 571 2582 646 2616; x_wconf 84' lang='lat' dir='ltr'>quae</span> <span class='ocrx_word' id='word_1_366' title='bbox 665 2570 809 2604; x_wconf 84' lang='lat' dir='ltr'>dicebat.</span> <span class='ocrx_word' id='word_1_367' title='bbox 860 2570 959 2603; x_wconf 87' lang='lat' dir='ltr'>Vidit</span> <span class='ocrx_word' id='word_1_368' title='bbox 976 2575 1090 2602; x_wconf 88' lang='lat' dir='ltr'>autem</span> <span class='ocrx_word' id='word_1_369' title='bbox 1108 2568 1305 2602; x_wconf 86' lang='lat' dir='ltr'>adolescens</span> <span class='ocrx_word' id='word_1_370' title='bbox 1328 2568 1386 2601; x_wconf 90' lang='lat' dir='ltr'>ille</span> <span class='ocrx_word' id='word_1_371' title='bbox 1404 2567 1563 2611; x_wconf 85' lang='lat' dir='ltr'>deinceps</span> <span class='ocrx_word' id='word_1_372' title='bbox 1582 2577 1659 2611; x_wconf 82' lang='lat' dir='ltr'>quae</span> 
     </span>
     <span class='ocr_line' id='line_1_39' title="bbox 117 2612 1656 2662; baseline -0.002 -14"><span class='ocrx_word' id='word_1_373' title='bbox 117 2615 245 2649; x_wconf 89' lang='lat' dir='ltr'>fiebant</span> <span class='ocrx_word' id='word_1_374' title='bbox 274 2616 364 2649; x_wconf 86' lang='lat' dir='ltr'>circa</span> <span class='ocrx_word' id='word_1_375' title='bbox 389 2628 523 2650; x_wconf 84' lang='lat' dir='ltr'>servum</span> <span class='ocrx_word' id='word_1_376' title='bbox 550 2617 626 2662; x_wconf 83' lang='lat' dir='ltr'>Dei,</span> <span class='ocrx_word' id='word_1_377' title='bbox 658 2624 690 2651; x_wconf 89' lang='lat' dir='ltr'>et</span> <span class='ocrx_word' id='word_1_378' title='bbox 728 2617 847 2651; x_wconf 88' lang='lat' dir='ltr'>amieis</span> <span class='ocrx_word' id='word_1_379' title='bbox 872 2616 1095 2650; x_wconf 85' lang='lat' dir='ltr'>familiaribus</span> <span class='ocrx_word' id='word_1_380' title='bbox 1125 2627 1165 2649; x_wconf 86' lang='lat' dir='ltr'>ea</span> <span class='ocrx_word' id='word_1_381' title='bbox 1194 2615 1340 2649; x_wconf 84' lang='lat' dir='ltr'>dicebat.</span> <span class='ocrx_word' id='word_1_382' title='bbox 1391 2614 1469 2659; x_wconf 89' lang='lat' dir='ltr'>Ipse</span> <span class='ocrx_word' id='word_1_383' title='bbox 1495 2625 1572 2646; x_wconf 86' lang='lat' dir='ltr'>vero</span> <span class='ocrx_word' id='word_1_384' title='bbox 1591 2612 1656 2646; x_wconf 90' lang='lat' dir='ltr'>Dei</span> 
     </span>
     <span class='ocr_line' id='line_1_40' title="bbox 118 2659 1656 2709; baseline -0.002 -14"><span class='ocrx_word' id='word_1_385' title='bbox 118 2674 233 2696; x_wconf 86' lang='lat' dir='ltr'>servus</span> <span class='ocrx_word' id='word_1_386' title='bbox 250 2663 325 2696; x_wconf 85' lang='lat' dir='ltr'>haec</span> <span class='ocrx_word' id='word_1_387' title='bbox 342 2662 391 2696; x_wconf 92' lang='lat' dir='ltr'>illi</span> <span class='ocrx_word' id='word_1_388' title='bbox 406 2675 479 2697; x_wconf 84' lang='lat' dir='ltr'>esse</span> <span class='ocrx_word' id='word_1_389' title='bbox 496 2664 644 2697; x_wconf 90' lang='lat' dir='ltr'>revelata</span> <span class='ocrx_word' id='word_1_390' title='bbox 656 2664 833 2709; x_wconf 87' lang='lat' dir='ltr'>persensit.</span> <span class='ocrx_word' id='word_1_391' title='bbox 876 2663 952 2697; x_wconf 84' lang='lat' dir='ltr'>Hoc</span> <span class='ocrx_word' id='word_1_392' title='bbox 970 2669 1084 2696; x_wconf 87' lang='lat' dir='ltr'>tamen</span> <span class='ocrx_word' id='word_1_393' title='bbox 1101 2662 1257 2696; x_wconf 89' lang='lat' dir='ltr'>mirabile</span> <span class='ocrx_word' id='word_1_394' title='bbox 1275 2660 1503 2705; x_wconf 82' lang='lat' dir='ltr'>contingebat,</span> <span class='ocrx_word' id='word_1_395' title='bbox 1521 2659 1611 2704; x_wconf 89' lang='lat' dir='ltr'>quod</span> <span class='ocrx_word' id='word_1_396' title='bbox 1628 2659 1656 2692; x_wconf 87' lang='lat' dir='ltr'>si</span> 
     </span>
     <span class='ocr_line' id='line_1_41' title="bbox 118 2706 1655 2756; baseline -0.003 -14"><span class='ocrx_word' id='word_1_397' title='bbox 118 2709 300 2753; x_wconf 83' lang='lat' dir='ltr'>aliquando</span> <span class='ocrx_word' id='word_1_398' title='bbox 319 2721 338 2743; x_wconf 91' lang='lat' dir='ltr'>a</span> <span class='ocrx_word' id='word_1_399' title='bbox 354 2710 416 2743; x_wconf 90' lang='lat' dir='ltr'>viri</span> <span class='ocrx_word' id='word_1_400' title='bbox 435 2710 499 2744; x_wconf 89' lang='lat' dir='ltr'>Dei</span> <span class='ocrx_word' id='word_1_401' title='bbox 528 2712 706 2756; x_wconf 77' lang='lat' dir='ltr'>praesentia</span> <span class='ocrx_word' id='word_1_402' title='bbox 735 2711 799 2744; x_wconf 85' lang='lat' dir='ltr'>iret</span> <span class='ocrx_word' id='word_1_403' title='bbox 824 2710 984 2752; x_wconf 78' lang='lat' dir='ltr'>exterius,</span> <span class='ocrx_word' id='word_1_404' title='bbox 1010 2709 1096 2742; x_wconf 90' lang='lat' dir='ltr'>nihil</span> <span class='ocrx_word' id='word_1_405' title='bbox 1121 2709 1215 2742; x_wconf 87' lang='lat' dir='ltr'>aliud</span> <span class='ocrx_word' id='word_1_406' title='bbox 1240 2720 1341 2754; x_wconf 86' lang='lat' dir='ltr'>quam</span> <span class='ocrx_word' id='word_1_407' title='bbox 1360 2707 1472 2741; x_wconf 83' lang='lat' dir='ltr'>caeteri</span> <span class='ocrx_word' id='word_1_408' title='bbox 1499 2706 1655 2739; x_wconf 85' lang='lat' dir='ltr'>homines</span> 
     </span>
     <span class='ocr_line' id='line_1_42' title="bbox 119 2753 1656 2802; baseline -0.002 -14"><span class='ocrx_word' id='word_1_409' title='bbox 119 2761 201 2789; x_wconf 86' lang='lat' dir='ltr'>tunc</span> <span class='ocrx_word' id='word_1_410' title='bbox 216 2756 362 2790; x_wconf 88' lang='lat' dir='ltr'>videbat.</span> <span class='ocrx_word' id='word_1_411' title='bbox 414 2757 572 2790; x_wconf 84' lang='lat' dir='ltr'>Creditur</span> <span class='ocrx_word' id='word_1_412' title='bbox 589 2757 726 2802; x_wconf 87' lang='lat' dir='ltr'>quidem</span> <span class='ocrx_word' id='word_1_413' title='bbox 746 2757 908 2791; x_wconf 85' lang='lat' dir='ltr'>divinitus</span> <span class='ocrx_word' id='word_1_414' title='bbox 926 2768 999 2790; x_wconf 90' lang='lat' dir='ltr'>esse</span> <span class='ocrx_word' id='word_1_415' title='bbox 1018 2756 1231 2801; x_wconf 81' lang='lat' dir='ltr'>dispositum,</span> <span class='ocrx_word' id='word_1_416' title='bbox 1256 2760 1293 2788; x_wconf 88' lang='lat' dir='ltr'>ut</span> <span class='ocrx_word' id='word_1_417' title='bbox 1311 2754 1433 2799; x_wconf 87' lang='lat' dir='ltr'>aliquis</span> <span class='ocrx_word' id='word_1_418' title='bbox 1452 2758 1539 2786; x_wconf 86' lang='lat' dir='ltr'>esset</span> <span class='ocrx_word' id='word_1_419' title='bbox 1558 2753 1656 2786; x_wconf 88' lang='lat' dir='ltr'>testis</span> 
     </span>
     <span class='ocr_line' id='line_1_43' title="bbox 118 2800 1657 2849; baseline -0.001 -14"><span class='ocrx_word' id='word_1_420' title='bbox 118 2813 233 2835; x_wconf 89' lang='lat' dir='ltr'>eorum</span> <span class='ocrx_word' id='word_1_421' title='bbox 258 2814 334 2847; x_wconf 78' lang='lat' dir='ltr'>quae</span> <span class='ocrx_word' id='word_1_422' title='bbox 363 2803 527 2837; x_wconf 88' lang='lat' dir='ltr'>tolerabat</span> <span class='ocrx_word' id='word_1_423' title='bbox 552 2804 593 2838; x_wconf 88' lang='lat' dir='ltr'>ab</span> <span class='ocrx_word' id='word_1_424' title='bbox 620 2804 794 2849; x_wconf 84' lang='lat' dir='ltr'>spiritibus</span> <span class='ocrx_word' id='word_1_425' title='bbox 818 2804 1002 2849; x_wconf 78' lang='lat' dir='ltr'>malignis3</span> <span class='ocrx_word' id='word_1_426' title='bbox 1040 2803 1199 2848; x_wconf 87' lang='lat' dir='ltr'>quoniam</span> <span class='ocrx_word' id='word_1_427' title='bbox 1224 2803 1368 2848; x_wconf 84' lang='lat' dir='ltr'>ipsemet</span> <span class='ocrx_word' id='word_1_428' title='bbox 1394 2800 1462 2847; x_wconf 80' lang='lat' dir='ltr'>illa,</span> <span class='ocrx_word' id='word_1_429' title='bbox 1492 2806 1657 2845; x_wconf 80' lang='lat' dir='ltr'>quantuni</span> 
     </span>
     <span class='ocr_line' id='line_1_44' title="bbox 118 2849 906 2896; baseline 0.001 -14"><span class='ocrx_word' id='word_1_430' title='bbox 118 2849 239 2894; x_wconf 89' lang='lat' dir='ltr'>potuit,</span> <span class='ocrx_word' id='word_1_431' title='bbox 257 2849 484 2884; x_wconf 87' lang='lat' dir='ltr'>occultabat.&#39;’</span> <span class='ocrx_word' id='word_1_432' title='bbox 513 2852 627 2885; x_wconf 85' lang='lat' dir='ltr'>Anon.</span> <span class='ocrx_word' id='word_1_433' title='bbox 646 2851 741 2885; x_wconf 82' lang='lat' dir='ltr'>Harl.</span> <span class='ocrx_word' id='word_1_434' title='bbox 758 2851 906 2896; x_wconf 79' lang='lat' dir='ltr'>Legend.</span> 
     </span>
    </p>

    <p class='ocr_par' dir='ltr' id='par_1_7' title="bbox 165 2896 1072 2942">
     <span class='ocr_line' id='line_1_45' title="bbox 165 2896 1072 2942; baseline 0 -13"><span class='ocrx_word' id='word_1_435' title='bbox 165 2896 179 2917; x_wconf 82' lang='lat'>³</span> <span class='ocrx_word' id='word_1_436' title='bbox 205 2896 287 2930; x_wconf 86' lang='lat' dir='ltr'>This</span> <span class='ocrx_word' id='word_1_437' title='bbox 306 2896 443 2942; x_wconf 84' lang='lat' dir='ltr'>chapter</span> <span class='ocrx_word' id='word_1_438' title='bbox 461 2897 540 2931; x_wconf 86' lang='lat' dir='ltr'>does</span> <span class='ocrx_word' id='word_1_439' title='bbox 558 2903 616 2932; x_wconf 87' lang='lat' dir='ltr'>not</span> <span class='ocrx_word' id='word_1_440' title='bbox 634 2910 735 2932; x_wconf 90' lang='lat' dir='ltr'>occur</span> <span class='ocrx_word' id='word_1_441' title='bbox 752 2898 785 2932; x_wconf 93' lang='lat' dir='ltr'>in</span> <span class='ocrx_word' id='word_1_442' title='bbox 804 2898 861 2931; x_wconf 86' lang='lat' dir='ltr'>the</span> <span class='ocrx_word' id='word_1_443' title='bbox 880 2896 976 2931; x_wconf 85' lang='lat' dir='ltr'>Harl.</span> <span class='ocrx_word' id='word_1_444' title='bbox 996 2896 1072 2930; x_wconf 80' lang='lat' dir='ltr'>MS.</span> 
     </span>
    </p>
   </div>
  </div>
 </body>
</html>
