1839 3186
183 151 267 190 400
710 157 949 189 LIBELLUS
987 158 1051 189 DE
1088 158 1204 190 VITA

182 279 271 318 quae
292 278 375 304 non
407 263 539 305 solum
575 260 697 318 hujus
729 262 985 317 aegritudinis
1016 263 1123 303 mole
1154 263 1428 313 laboraverat,
1454 265 1527 307 sed
1552 265 1717 321 insuper

182 331 307 371 etiam
320 329 489 371 brachia
509 334 683 383 utraque
701 333 914 370 contracta
932 344 1025 370 cum
1039 330 1229 371 manibus
1250 331 1438 372 similiter
1456 332 1640 386 utrisque
1656 332 1716 373 in-

181 398 303 438 tortis
323 397 540 438 habuerat.
602 396 762 450 Nempe
783 400 957 450 utraque
979 411 1177 437 manuum
1198 396 1307 439 illius
1329 398 1449 453 digiti
1479 399 1583 440 adeo
1604 399 1717 440 fuere

182 464 398 514 contracti,
422 463 532 518 quod
556 463 737 517 supremi
759 462 943 502 omnium
965 462 1191 517 digitorum
1213 464 1376 505 articuli
1400 465 1442 505 in
1464 465 1553 520 ipsa
1577 465 1714 506 radice

182 531 329 585 palmae
367 545 567 571 manuum
607 529 731 570 fuisse
764 528 959 570 videntur
998 527 1128 569 infixi.
1207 530 1296 571 Ista
1330 531 1386 572 ibi
1426 532 1630 586 loquelam
1668 547 1716 573 ac

180 612 328 638 manus
352 612 446 638 cum
471 596 611 651 digitis
635 601 676 637 et
705 595 884 636 brachiis
915 595 967 636 ab
990 595 1102 636 omni
1130 598 1410 639 contractione
1440 613 1573 650 sanas,
1596 599 1716 640 liber-

182 664 320 715 rimas,
342 662 624 717 flexibilesque
644 661 842 718 percepit.

672 824 851 851 LXXXVII.
884 825 936 849 DE
966 825 1235 851 PARALYTICA.

239 914 379 966 §453
413 912 642 953 SIERIDTHA
668 911 718 952 de
745 911 1030 966 Reignintuna
1061 911 1232 952 dimidio
1264 927 1372 953 anno
1406 912 1572 968 gravius
1606 911 1716 953 infir-

180 986 307 1031 mata,
334 979 524 1021 omnibus
549 979 751 1021 destituta
771 979 1052 1020 membrorum
1076 976 1230 1029 officiis,
1258 979 1315 1020 ibi
1339 995 1459 1035 opem
1489 984 1551 1021 est
1573 994 1714 1020 conse-

181 1052 279 1089 cuta
299 1047 457 1089 salutis.

717 1161 911 1187 LXXXVIII.
949 1161 1000 1186 DE
1031 1160 1175 1187 SURDA.

241 1248 259 1300 ξ
281 1249 379 1288 454.
414 1246 524 1288 ALIA
550 1245 710 1287 Editha
729 1244 779 1286 de
799 1244 1080 1294 Herteburna,
1108 1244 1334 1299 Peregrina
1355 1248 1627 1300 cognomento
1652 1259 1718 1286 vo-

183 1319 291 1366 cata,
312 1329 396 1356 uno
417 1329 524 1355 anno
549 1313 687 1364 surda,
708 1312 765 1353 ibi
787 1311 977 1353 auditum
998 1310 1179 1366 perfecte
1201 1315 1263 1353 est
1284 1310 1450 1367 adepta.

597 1476 756 1502 LXXXIX.
790 1476 841 1501 DE
871 1475 1061 1501 PASSIONE
1091 1475 1304 1502 CARDIACA.

252 1562 270 1614 §
291 1563 390 1603 455.
429 1561 542 1602 ALIA
565 1560 616 1602 de
640 1560 862 1611 Matesfen,
889 1560 1093 1615 Langliva
1119 1560 1344 1609 nominata,
1368 1575 1392 1600 a
1414 1559 1552 1601 dolore
1572 1559 1720 1615 capitis

185 1634 228 1669 et
252 1643 277 1669 a
299 1628 485 1670 maxima
514 1626 756 1669 infirmitate
777 1626 957 1683 pectoris
981 1642 1100 1682 opem
1131 1626 1189 1667 ibi
1217 1626 1397 1667 obtinuit
1427 1626 1620 1681 perfectae
1653 1642 1719 1669 sa·
1758 1652 1766 1658 -

184 1694 297 1737 lutis.

622 1792 682 1818 XO.
714 1792 766 1817 DE
797 1791 1038 1817 DAEMONIOSO
1069 1791 1280 1817 LIBERATO.

243 1878 380 1931 §456
413 1877 443 1918 J
449 1892 595 1918 UVENIS
626 1875 794 1930 quidam
822 1874 872 1915 de
904 1874 1142 1915 Smithtune
1173 1875 1257 1916 acri
1286 1874 1520 1916 daemonum
1550 1874 1718 1917 infesta-

185 1945 297 1986 tione
315 1945 417 1986 adeo
439 1944 658 1985 infestatus
673 1941 905 1992 exstiterat,
924 1941 1046 1995 quod,
1071 1941 1196 1982 etiam
1214 1957 1378 1982 omnem
1393 1942 1585 1983 humanae
1598 1942 1716 1982 intel-

183 2012 366 2066 ligentiae
389 2025 554 2052 sensum
575 2024 743 2059 exuens,
778 2008 944 2049 funibus
964 2008 1030 2049 vel
1051 2008 1225 2050 vinculis
1249 2009 1366 2049 illum
1386 2008 1562 2063 ligatum
1583 2023 1717 2049 coarc-

184 2079 265 2119 tari
287 2077 484 2133 oportuit.
546 2076 655 2117 Nam
684 2090 726 2117 se
746 2075 897 2130 ipsum,
919 2079 1042 2128 prout
1071 2074 1107 2115 ei
1131 2074 1460 2129 permittebatur,
1485 2075 1719 2130 discerpens

186 2144 428 2193 dilaniabat,
453 2148 494 2185 et
514 2143 720 2198 unguibus
739 2141 805 2183 vel
827 2140 1020 2182 dentibus
1040 2140 1082 2180 in
1104 2155 1145 2182 se
1172 2146 1212 2182 et
1237 2142 1279 2182 in
1305 2141 1407 2182 alios
1430 2141 1653 2183 desaeviens
1674 2146 1715 2183 et

186 2226 356 2265 quaeque
386 2210 540 2251 furiosa
570 2209 827 2264 proloquens,
850 2207 1004 2248 insilire
1035 2207 1183 2262 saepius
1213 2207 1464 2251 intentabat.
1526 2208 1607 2261 Qui
1627 2208 1715 2250 vin-

185 2278 287 2319 culis
308 2277 501 2318 astrictus
522 2276 617 2316 illuc
637 2291 662 2316 a
682 2274 867 2329 pluribus
887 2289 982 2314 eum
1005 2273 1251 2315 ducentibus
1280 2280 1341 2316 est
1365 2274 1609 2329 perductus3
1644 2275 1715 2316 ubi

184 2344 344 2385 meritis
373 2343 486 2384 beati
508 2342 586 2383 viri
616 2342 697 2382 Dei
720 2340 889 2381 Godriei
911 2355 936 2381 a
960 2340 1158 2382 daemonis
1179 2345 1221 2381 et
1247 2341 1407 2382 insania
1438 2341 1649 2391 liberatus,
1672 2346 1714 2382 et

184 2411 237 2452 ab
272 2409 414 2451 amicis
444 2424 469 2450 a
495 2408 668 2450 vinculis
697 2407 913 2457 resolutus,
947 2407 1115 2448 domurn
1146 2422 1229 2448 una
1259 2423 1352 2448 cum
1385 2407 1465 2449 illis
1495 2422 1634 2463 sospes
1665 2423 1713 2449 ac

185 2491 308 2518 sanus
332 2482 394 2518 est
419 2475 659 2531 1regressus.
710 2488 715 2492 “

232 2601 241 2620 ¹
264 2599 471 2646 Regressus]
501 2600 574 2633 The
600 2610 809 2644 anonymous
836 2597 972 2642 Legend
997 2597 1076 2631 thus
1102 2604 1257 2632 recounts
1275 2598 1342 2631 this
1359 2598 1512 2644 history:
1540 2598 1714 2632 “Juvenis

189 2648 326 2693 quidam
338 2647 379 2681 de
397 2647 612 2680 Smithetuna
625 2657 800 2691 possessus
814 2657 833 2677 a
847 2644 1028 2685 daemonio,
1039 2644 1196 2678 humanae
1208 2656 1345 2677 sensum
1359 2645 1591 2690 intelligentiae
1602 2645 1712 2690 perdi—

187 2695 306 2736 derat3
333 2700 366 2727 ct
390 2700 566 2739 propterca
589 2692 768 2725 tenebatur
786 2690 929 2724 vinculis
957 2696 1157 2724 coarctatus.
1205 2690 1298 2724 Nam
1325 2698 1356 2724 et
1378 2692 1598 2737 semetipsum
1616 2696 1715 2736 prout

185 2741 296 2785 potuit
313 2741 483 2786 unguibus
501 2746 533 2773 et
548 2739 705 2773 dentibus
717 2738 877 2780 laniabat,
896 2743 929 2770 ct
946 2737 978 2769 in
998 2737 1081 2770 alios
1096 2743 1259 2781 quantum
1276 2737 1373 2770 licuit
1387 2738 1495 2771 verbis
1514 2744 1546 2771 et
1558 2738 1713 2783 operibus

185 2787 356 2820 saeviebat.
409 2787 475 2820 Hic
501 2799 520 2820 a
543 2786 696 2831 pluribus
721 2784 763 2818 ad
789 2785 949 2817 Sanctum
969 2783 1167 2826 Godricum,
1193 2790 1230 2816 ut
1256 2790 1324 2816 erat
1351 2784 1384 2817 in
1403 2784 1556 2827 vinculis,
1576 2790 1626 2817 est
1655 2784 1714 2817 ad-

187 2833 308 2866 ductus
326 2847 333 2875 3
360 2839 392 2866 ot
411 2833 535 2866 ibidem
554 2845 612 2877 per
629 2832 694 2865 Dei
719 2829 985 2864 misericordiam
1012 2842 1031 2862 a
1048 2829 1216 2863 daemonio
1234 2830 1405 2863 liberatus.
1456 2831 1556 2864 Unde
1574 2842 1651 2863 cum
1670 2831 1711 2864 iis

185 2880 240 2923 qui
260 2891 336 2913 eum
355 2879 578 2921 adduxerant,
597 2891 616 2912 a
634 2877 776 2912 vinculis
794 2876 972 2920 resolutus,
991 2876 1128 2910 domum
1146 2876 1246 2910 rediit
1263 2882 1459 2911 mansuetus
1477 2883 1510 2910 et
1527 2877 1677 2922 sospes.”
