1839 3186
601 219 659 251 To
695 219 791 250 THE
828 218 1058 250 PREFACE.
1441 206 1589 247 xxxvii

58 325 138 366 Dei
167 330 207 366 et
230 330 350 366 caute
371 325 519 366 vitavit
542 324 712 366 insidias
734 329 775 365 et
798 328 1036 365 constanter
1058 323 1212 378 sprevit
1235 321 1459 376 derisitque
1490 337 1591 376 prae-

58 392 212 447 stigias,
247 392 486 433 beatissimo
522 392 703 432 maxime
747 391 775 431 J
781 406 913 431 oanne
951 390 1158 445 Baptista,
1196 405 1318 444 quem
1356 388 1590 443 specialiter

59 458 270 513 diligebat,
295 458 475 499 crebrius
498 473 591 499 eum
614 458 822 507 visitante,
848 457 1113 507 informante,
1138 462 1179 497 et
1201 457 1436 497 roborante.

118 524 214 566 Hoc
246 525 370 565 modo
404 540 531 579 usque
564 525 618 566 ad
652 524 906 579 decrepitam
931 524 1073 565 vivens
1108 528 1289 573 aetatem,
1318 522 1461 577 paucis
1494 528 1591 563 ante

57 596 234 632 mortem
266 592 383 633 annis
415 592 605 633 senilium
640 591 805 632 defectu
834 590 1114 631 membrorum
1148 590 1357 639 decubuit,
1383 594 1423 629 et
1447 589 1592 630 diebus

57 658 242 712 plurimis
272 659 669 712 quantulaecumque
704 658 744 699 in
776 657 1024 698 moribundo
1062 672 1230 711 corpore
1266 656 1362 698 vitae
1399 655 1592 709 reliquias

57 724 219 764 modico
240 725 359 766 lactis
381 726 531 766 haustu
554 724 747 766 servavit.
812 724 901 765 Illis
931 724 1076 765 diebus
1099 723 1237 765 videre
1260 738 1353 764 eum
1378 727 1418 763 et
1441 722 1592 776 alloqui

58 791 203 841 merui,
227 791 268 832 in
290 792 468 832 oratorio
490 791 654 846 proprio
670 789 798 846 juxta
819 806 981 832 sacrum
1006 790 1136 831 altare
1159 788 1319 846 jugiter
1341 789 1592 830 decumben-

58 862 156 898 tem.
210 858 395 912 Cumque
418 863 507 899 toto
533 858 617 899 fere
640 873 810 912 corpore
840 857 1147 911 quodammodo
1177 861 1452 912 praemortuus
1473 856 1590 897 vide-

58 928 183 974 retur,
218 925 412 978 expedite
443 929 583 965 tamen
618 925 866 978 loquebatur
893 924 963 965 illa
994 924 1054 964 ori
1087 921 1174 978 ejus
1202 923 1421 964 familiaria
1452 923 1590 972 verba,

59 990 227 1040 scilicet,
254 990 425 1031 Patrem
448 996 489 1031 et
514 990 668 1031 Filium
693 996 734 1031 et
759 990 962 1045 Spiritum
984 990 1184 1031 Sanctum
1206 990 1354 1044 saepius
1375 989 1589 1044 replicans.

61 1055 111 1096 In
131 1057 250 1097 vultu
271 1062 412 1098 autem
438 1056 525 1112 ejus
548 1057 738 1111 quaedam
759 1057 940 1111 dignitas
962 1061 1003 1097 et
1026 1056 1150 1098 decus
1172 1057 1382 1097 insolitum
1405 1056 1592 1097 viseban-

59 1127 140 1163 tur.
188 1123 370 1164 Transiit
394 1139 490 1179 ergo
512 1139 639 1165 senex
663 1129 704 1164 et
726 1124 874 1178 plenus
897 1123 1070 1173 dierum,
1091 1123 1282 1177 idemque
1304 1123 1383 1163 loci
1406 1122 1592 1177 spacium

61 1187 147 1244 ejus
168 1205 278 1230 nunc
303 1205 452 1245 corpus
481 1195 658 1245 occupat
682 1205 761 1244 quo
784 1190 848 1231 vel
871 1205 993 1232 orans
1024 1189 1295 1244 procumbere
1317 1190 1382 1230 vel
1411 1197 1593 1244 aegrotus

61 1255 306 1297 decumbere
329 1257 503 1298 solebat.
793 1264 796 1265 ⁷

376 1323 487 1364 Guil.
512 1323 711 1378 Neubrig.
735 1323 786 1364 de
808 1324 930 1365 rebus
955 1323 1156 1378 Anglicis,
1181 1323 1251 1364 lib.
1275 1322 1316 1364 ii.
1340 1337 1427 1377 cap.
1452 1337 1524 1364 xx.

754 1590 886 1630 VIII.

468 1705 615 1729 INCIPIT
647 1704 829 1730 RITHMUS
863 1704 913 1728 DE
945 1704 974 1729 S.
1009 1703 1188 1730 GODRICO.

414 1803 440 1827 l.
1197 1803 1257 1826 III.

60 1868 159 1909 Am
182 1869 326 1916 mundi
351 1870 430 1921 Qui
454 1870 592 1923 elegit,
921 1869 1002 1922 Qui
1025 1869 1124 1910 dum
1147 1869 1326 1910 Romam
1350 1869 1412 1910 bis
1434 1869 1579 1919 adivit,

61 1935 144 1975 Hic
168 1934 394 1976 Godricum
418 1935 643 1990 praeelegit,
859 1935 933 1976 Ad
955 1936 1061 1976 hanc
1082 1940 1260 1976 matrem
1283 1940 1377 1990 post
1399 1936 1561 1985 ascivit,

117 1999 220 2057 Ejus
242 2006 288 2042 ut
311 2002 365 2043 sit
387 2002 520 2057 gloria
919 2003 1048 2043 Sacra
1069 2002 1205 2043 visens
1226 2002 1370 2043 limina
1390 2019 1399 2048 ;

60 2067 166 2108 Fide
189 2073 295 2119 acta,
860 2068 1019 2121 Quibus
1042 2068 1168 2110 servit
1190 2069 1384 2123 puellaris

60 2134 141 2188 Spe
164 2140 394 2188 compacta,
860 2135 1028 2184 Forma,
1052 2135 1154 2175 nulli
1178 2135 1417 2190 specularis,

60 2200 163 2255 Ejus
185 2206 290 2249 acta,
917 2202 1081 2251 Servat,
1104 2207 1222 2242 curat
1245 2201 1397 2243 onmia.

62 2267 171 2308 Mire
192 2267 305 2307 facta

117 2333 358 2373 Perhennat
382 2335 594 2375 memoria.

1196 2414 1251 2439 1v.

401 2447 446 2473 11.

117 2497 225 2538 Nam
235 2500 788 2552 mercator,postnauclerus,
918 2496 1042 2538 Silvis
1063 2497 1172 2538 solus
1192 2497 1291 2538 dum
1313 2503 1406 2553 post
1429 2499 1551 2548 cedit,

61 2563 171 2604 Satis
194 2564 271 2604 sibi
292 2563 339 2604 fit
362 2578 526 2605 severus
822 2570 824 2572 ’
861 2562 1003 2616 Lupus
1024 2564 1163 2604 furens
1186 2564 1294 2604 hunc
1315 2579 1397 2604 non
1419 2564 1548 2614 laedit,

119 2629 278 2670 Mentis
300 2631 341 2670 in
364 2630 578 2677 custodia;
924 2629 1050 2669 Rictu
1073 2629 1208 2671 dentis
1230 2630 1363 2670 rabidi
1383 2648 1393 2678 3

61 2695 132 2736 Bis
156 2695 373 2749 Sepulchri
396 2697 635 2750 peregrinus
862 2694 973 2746 Quos
995 2696 1172 2736 insultus
1192 2711 1291 2736 mox
1314 2697 1566 2750 compressit,

62 2761 209 2802 Nudus
232 2762 387 2815 plantis
409 2767 501 2802 arat
524 2762 682 2816 primus
861 2760 991 2802 Gruce
1015 2761 1122 2802 freta
1143 2767 1298 2802 stratus
1320 2763 1462 2802 cessit1

121 2826 208 2867 Iter
230 2828 306 2868 sub
328 2828 479 2882 inopia.
921 2826 1072 2867 Victus
1093 2842 1205 2867 more
1228 2827 1375 2867 rabidi.

399 2924 404 2941 ¹
438 2919 571 2965 Cessit]
601 2919 674 2953 The
692 2918 767 2954 MS.
787 2931 925 2964 appears
944 2926 977 2952 to
992 2920 1069 2953 read
1091 2919 1244 2954 “redit.”
