1839 3186
169 203 253 243 310
681 210 912 242 LIBELLUs
948 210 1012 241 DE
1049 210 1166 241 VITA

170 314 329 354 coelum.
421 313 471 354 In
506 313 679 354 articulo
716 314 854 367 itaque
890 313 1106 369 ingruente
1149 315 1281 370 primo
1325 312 1703 369 Quadragesimalis

170 379 443 430 abstinentiae,
476 379 597 435 coepit
629 379 749 422 solito
780 380 982 435 gravioris
1012 381 1145 422 morbi
1177 380 1349 436 decoqui
1389 380 1700 435 inquietudine3

170 461 268 488 nam
303 452 443 488 tumor
474 446 625 488 nimius
657 462 729 488 ora
765 445 852 502 ejus
885 463 932 488 ac
963 448 1149 489 membra
1179 452 1317 489 cetera
1348 462 1451 502 pene
1482 446 1621 488 omnia
1644 446 1703 488 ita

171 513 385 563 infecerat,
412 513 521 567 quod
541 514 613 555 vix
638 512 739 569 ejus,
764 528 852 567 quae
884 515 925 555 in
960 515 1049 571 ipso
1080 515 1192 569 prius
1218 515 1368 566 fuerat,
1392 513 1704 555 similitudinem

171 580 441 635 praeferebat;
476 580 544 635 qui
581 580 800 634 aliquando
833 584 947 622 totus
973 581 1034 621 ita
1066 596 1194 635 usque
1229 582 1271 622 in
1302 581 1482 636 corporis
1514 580 1706 621 inferiora

174 646 457 698 descenderat,
479 651 527 688 ut
558 647 815 688 tumentibus
847 647 1036 701 partibus
1066 646 1158 698 illis,
1193 648 1305 689 nulla
1335 648 1509 689 tumoris
1531 646 1707 701 vestigia

175 713 282 755 circa
300 714 527 768 superiores
549 713 695 768 capitis
717 714 904 768 regiones
926 714 1167 767 reliquerat,
1203 729 1295 755 cum
1316 729 1395 768 quo
1417 713 1533 754 dolor
1555 713 1707 754 nimius

173 780 233 821 ita
255 781 392 821 omnia
413 778 500 835 ejus
520 779 717 821 intestina
737 780 994 834 depascendo
1016 780 1226 832 exederat,
1250 780 1360 835 quod
1389 780 1517 822 moles
1547 779 1709 834 quanti-

174 847 275 888 tatis
290 846 618 902 magnitudinem
641 846 875 902 superabat.
916 847 1182 889 Videbantur
1203 847 1312 888 enim
1343 847 1393 898 ei,
1416 851 1463 888 ut
1484 847 1706 896 fatebatur,

177 913 351 955 ¹vermes
373 913 455 954 vivi
485 913 656 954 interius
678 914 993 968 circumquaque
1016 914 1255 965 discurrere,
1293 919 1334 955 et
1359 929 1500 955 omnes
1525 913 1709 955 carnium

177 980 379 1022 medullas
420 980 694 1021 intercutanei
736 980 887 1023 doloris
930 986 1045 1036 peste
1087 996 1337 1032 consumere,
1388 982 1449 1022 ita
1494 985 1541 1021 ut
1591 979 1709 1021 nobis

177 1046 396 1101 aliquando
427 1047 563 1087 locum
595 1047 772 1089 dolentis
802 1045 1019 1102 cujuslibet
1050 1053 1164 1090 artus
1194 1048 1444 1097 ostenderet,
1481 1048 1707 1103 postulans,

178 1119 225 1154 ut
262 1114 297 1155 ei
334 1113 589 1168 compatiens
631 1113 813 1155 fraterna
857 1115 1007 1156 caritas
1046 1130 1215 1156 manuni
1262 1114 1431 1156 remedii
1463 1113 1711 1155 consolantis

178 1180 407 1231 adhiberet,
434 1195 513 1235 quo
534 1195 701 1223 voraces
722 1196 882 1222 morsus
903 1183 1104 1223 vermium
1130 1181 1333 1223 deliniret.
1382 1181 1487 1222 Erat
1515 1180 1711 1222 nimirum

179 1248 365 1289 internus
387 1248 502 1288 dolor
526 1248 727 1289 viscerum
749 1262 797 1289 ac
818 1247 1127 1290 intercutaneus
1148 1248 1251 1290 livor
1271 1248 1503 1299 humorum,
1527 1247 1595 1302 qui
1617 1262 1712 1288 eum

180 1314 361 1368 undique
401 1314 461 1355 ita
500 1314 719 1365 invaserat,
758 1329 859 1368 quos
899 1315 1013 1356 velut
1054 1330 1214 1357 vermes
1234 1315 1467 1357 mortiferos
1488 1314 1708 1356 sentiebat.

182 1380 501 1436 Exponentibus
535 1380 654 1422 nobis
692 1396 773 1422 non
808 1382 896 1422 haec
931 1397 1091 1424 vermes
1127 1397 1226 1433 esse,
1260 1381 1331 1423 sed
1368 1382 1545 1423 dolentis
1575 1381 1712 1436 potius

180 1448 312 1489 morbi
344 1448 401 1489 ibi
437 1447 527 1489 dira
560 1463 718 1489 venena
751 1448 989 1501 discurrere,
1024 1449 1268 1504 quandoque
1301 1448 1422 1504 coepit
1453 1448 1543 1489 Deo
1577 1463 1712 1503 geme-

181 1514 331 1556 bundis
352 1515 520 1571 vocibus
540 1515 696 1570 gratias
717 1529 849 1570 agere,
867 1516 935 1569 qui
958 1531 1052 1557 eum
1073 1516 1168 1557 talis
1193 1530 1312 1571 poena
1332 1515 1504 1556 miseriae
1526 1529 1551 1555 a
1572 1529 1712 1569 corpo-

181 1581 260 1623 reis
300 1568 564 1636 peccatorum
605 1581 806 1637 contagiis
857 1581 1052 1637 dignatus
1094 1582 1229 1623 fuerat
1279 1581 1540 1623 emundando
1586 1582 1712 1636 piare.

185 1647 362 1689 Dicebat
392 1652 533 1689 autem
555 1648 770 1703 aliquoties
795 1648 864 1699 sic,
904 1649 1070 1690 “Recte
1091 1663 1251 1691 vermes
1272 1649 1573 1689 nutrimentum
1594 1663 1715 1689 suum

184 1715 419 1765 comedunt,
443 1714 537 1769 quia
572 1730 713 1756 carnes
742 1715 831 1756 istae
862 1715 1012 1756 foetidae
1049 1731 1190 1756 eorum
1226 1715 1378 1770 pabula
1408 1720 1516 1765 sunt,
1547 1719 1588 1756 et
1608 1714 1714 1756 forte

184 1781 334 1822 vermis
355 1796 435 1822 non
457 1782 635 1823 moriens
648 1781 690 1822 in
711 1782 805 1836 igne
829 1782 1136 1837 inextinguibili
1157 1782 1199 1823 in
1221 1782 1360 1823 anima
1380 1797 1473 1823 mea
1494 1781 1713 1836 quicquam

184 1862 266 1888 non
288 1848 476 1902 reperiet,
501 1848 610 1902 quod
634 1846 720 1903 ejus
752 1848 945 1890 dentibus
974 1849 1122 1890 merito
1155 1849 1305 1890 debeat
1338 1848 1582 1896 dilacerari;
1617 1862 1714 1888 nam

187 1914 255 1968 qui
278 1929 396 1970 poena
417 1915 634 1969 temporali
662 1914 870 1970 affligitur,
894 1916 946 1956 ab
969 1916 1132 1963 {eternis
1152 1915 1378 1957 ultionibus
1402 1915 1549 1970 saepius
1568 1914 1715 1955 libera-

187 1986 282 2028 tur3
318 1986 358 2021 et
390 1981 482 2022 ideo
504 1981 546 2022 in
567 1981 645 2022 hoc
665 1982 820 2022 mundo
843 1982 1094 2037 castigamur
1115 1987 1156 2023 et
1179 1982 1431 2037 corripimur,
1454 1987 1501 2023 ut
1524 1980 1716 2036 castigati

188 2047 451 2089 correctiores
473 2062 610 2088 coram
647 2048 828 2089 Domino
855 2048 1146 2103 reperia1nur.”
1209 2048 1368 2103 Saepius
1392 2048 1516 2089 etiam
1538 2048 1717 2089 vidimus

188 2113 304 2154 illum
325 2114 454 2154 tantis
475 2113 662 2154 dolorum
684 2114 860 2156 stimulis
881 2115 1103 2169 perurgeri,
1126 2119 1172 2156 ut
1194 2130 1293 2155 mox
1316 2120 1487 2169 cogente
1508 2114 1717 2169 languoris

186 2178 464 2230 inclementia,
488 2180 743 2222 crederemus
764 2181 870 2222 illius
901 2180 1091 2236 spiritum
1120 2181 1313 2222 ultimum
1349 2181 1562 2229 exhalari3
1597 2195 1719 2235 quem

192 2245 326 2287 denuo
367 2245 422 2286 ad
457 2261 499 2287 se
540 2246 782 2287 redeuntem
823 2247 1137 2301 perquisivimus
1181 2248 1279 2301 quid
1320 2248 1384 2289 vel
1417 2247 1581 2302 quando
1630 2245 1717 2302 ejus

192 2312 351 2354 obitum
382 2327 544 2367 sperare
575 2327 814 2367 possemus3
864 2313 1011 2367 quibus
1046 2315 1113 2355 ille
1150 2314 1339 2356 omnibus
1372 2314 1568 2355 membris
1600 2312 1719 2355 semi-

189 2383 388 2428 mortuus,
423 2383 447 2401 ‘⁶
466 2379 661 2420 Nondum
682 2384 845 2435 tempus
876 2385 937 2421 est
967 2386 1014 2421 ut
1036 2380 1236 2421 moriatur
1254 2381 1458 2421 heremita
1479 2379 1719 2421 Godricus.”

193 2446 305 2487 ³Nisi
335 2445 462 2500 igitur
491 2446 555 2487 his
586 2446 729 2487 diebus
760 2447 864 2488 tales
894 2451 1060 2488 tantum
1090 2447 1346 2489 miseriarum
1376 2461 1515 2502 poenas
1536 2446 1578 2487 in
1599 2461 1719 2487 carne

193 2513 401 2563 sustinuit,
426 2512 608 2567 quinimo
630 2513 862 2567 spirituales
894 2514 1099 2568 nequitias
1125 2514 1378 2568 gravissimis
1405 2513 1719 2554 concertationi-

193 2580 271 2621 bus
295 2594 337 2621 se
359 2579 551 2620 contInue
572 2579 759 2621 lacessire
781 2580 995 2634 persensit.
1043 2580 1221 2621 Dicebat
1243 2580 1352 2621 enim
1374 2580 1533 2635 saepius,
1558 2579 1717 2628 “Ecce,

194 2646 261 2688 hic
283 2661 420 2687 coram
440 2661 506 2687 me
526 2646 663 2688 leones
681 2646 890 2701 rugientes
919 2647 1128 2697 assistunt,
1152 2647 1275 2687 modo
1295 2646 1382 2701 lupi
1414 2646 1455 2687 111
1486 2661 1552 2687 me
1575 2646 1719 2687 dentes

195 2729 289 2755 suos
322 2718 541 2762 exacuunt,
566 2728 673 2753 nunc
704 2713 845 2753 hericii
878 2712 1042 2767 3spiniis
1072 2712 1320 2754 acutissimis
1341 2728 1407 2752 me
1439 2711 1713 2767 transfigunt3

238 2826 247 2845 ¹
268 2824 422 2868 meea]
445 2823 508 2856 See
527 2822 543 2863 ξ
564 2825 640 2856 265.

239 2872 252 2891 ‘⁰'
272 2869 380 2915 Nisi]
408 2870 498 2911 Non,
522 2861 567 2902 H.
619 2868 691 2901 The
710 2867 821 2901 clause
847 2867 926 2900 herc
947 2867 1138 2912 beginning,
1158 2867 1222 2900 and
1241 2867 1365 2912 ending
1381 2868 1462 2901 with
1482 2868 1502 2885 “
1516 2867 1671 2911 dicbus,'’
1689 2867 1718 2900 is

192 2919 322 2951 written
343 2928 430 2961 upon
449 2928 489 2948 ain
509 2927 641 2948 erasure
659 2915 692 2947 in
714 2914 755 2947 B.
1237 2915 1249 2933 ³
1266 2914 1417 2960 Spionia]
1445 2914 1604 2959 Spinetis,
1623 2914 1670 2946 H.
