1839 3186
536 205 596 236 ET
630 203 898 237 MIRACULIS
935 203 971 235 s.
1006 203 1225 236 sonaret.
1573 199 1656 240 339

114 322 250 349 meam
271 322 353 349 non
375 309 492 364 potui
505 308 688 359 introire,
706 324 759 350 ex
780 308 932 364 pedore
947 308 1114 363 quidem
1131 309 1311 364 pessimo
1328 324 1545 365 perpessus
1564 326 1655 354 sum

113 373 409 429 indignationis
425 377 644 431 repulsam,
663 381 704 417 et
721 391 892 431 gravem
912 376 1114 416 hactenus
1134 375 1312 416 sustinui
1328 377 1653 430 perturbationis

114 439 320 495 injuriam.
374 443 510 495 Quare
533 442 659 484 dicito
682 443 833 483 domno
857 448 943 492 tuo,
966 446 1013 483 ut
1038 457 1160 496 quam
1184 442 1306 483 citius
1327 443 1380 483 ab
1398 443 1527 485 oculis
1548 445 1651 487 meis

114 506 236 562 hujus
268 509 512 563 sterquilinii
534 509 753 565 spurcitias
782 508 956 558 auferat,
980 513 1022 550 et
1051 508 1213 563 longius
1243 508 1296 549 ab
1322 508 1519 551 Ecclesiae
1548 526 1649 553 meae

112 573 311 616 lateribus
341 575 436 618 talis
470 576 627 631 negotii
662 575 845 617 officinas
875 573 1109 616 amoveat.’'
1171 574 1276 616 Erat
1312 575 1515 630 siquidem
1537 577 1593 619 ibi
1625 594 1651 619 a

110 646 227 695 parte
249 642 420 684 australi
446 642 645 684 Ecclesiae
669 642 815 683 domus
846 641 1085 697 purgatoria
1108 641 1150 682 in
1178 641 1367 696 proximo
1388 642 1536 697 posita,
1560 660 1650 699 quae

110 707 189 748 illis
223 708 368 751 diebus
403 709 594 751 omnibus
630 713 718 750 erat
753 708 1070 750 advenientibus
1108 724 1182 763 pro
1226 707 1369 750 officiis
1412 710 1650 752 necessariis

109 775 415 829 promptissime
455 791 616 831 semper
659 780 817 831 aperta.
909 775 1037 816 Unde
1079 775 1188 816 eirca
1226 776 1409 830 praefatae
1452 776 1648 819 Ecclesiae

100 841 304 884 ambitum
337 842 455 884 foetor
491 842 692 898 pessimus
719 847 971 890 excreverat,
996 846 1038 883 et
1071 842 1196 883 limen
1232 842 1429 884 Ecclesiae
1470 844 1645 886 subeun-

107 907 219 950 tibus
233 924 286 951 ex
299 914 518 952 ventorum
539 908 678 951 flabris
699 909 764 950 vel
785 909 1029 964 impulsibus
1051 908 1202 964 saepius
1223 908 1497 964 importunus,
1521 916 1646 966 atque

109 980 265 1029 quanto
315 976 467 1031 saepius
508 976 862 1030 frequentabatur,
905 980 1024 1016 tanto
1080 976 1278 1030 spurcitia
1326 975 1490 1031 pedoris
1536 977 1646 1020 illius

105 1042 282 1097 amplius
303 1043 548 1098 augebatur.
626 1042 695 1083 Ex
720 1042 867 1096 quibus
888 1041 1023 1084 verbis
1045 1042 1144 1096 quid
1167 1042 1369 1083 Sanctum
1394 1043 1643 1096 offendisset,

109 1110 309 1163 agnovit3
360 1109 508 1163 quibus
543 1108 808 1164 postmodum
845 1109 996 1150 domno
1031 1123 1104 1150 suo
1138 1109 1292 1159 relatis,
1328 1109 1499 1151 domum
1530 1110 1645 1152 illam

107 1175 209 1217 alias
230 1190 413 1217 seorsum
434 1176 486 1217 ab
508 1176 705 1217 Ecclesiae
726 1174 954 1230 parietibus
969 1174 1030 1216 vir
1047 1174 1127 1215 Dei
1149 1175 1351 1216 semoveri
1372 1176 1484 1218 feeit.
1525 1176 1646 1219 Post-

108 1242 279 1283 modum
293 1240 461 1298 juvenis
482 1243 550 1284 ille
575 1242 879 1296 aliquantulum
903 1241 1102 1283 audacius
1122 1257 1217 1282 cum
1241 1242 1396 1283 Sancto
1419 1242 1500 1284 Dei
1524 1244 1649 1285 verba

110 1309 316 1351 conseruit
335 1326 346 1358 ;
385 1309 457 1351 sed
478 1325 562 1365 prae
585 1314 798 1350 tantorum
822 1308 1092 1350 multitudine
1115 1308 1335 1363 spirituum
1357 1309 1645 1365 malignorum,

103 1390 205 1429 quos
224 1375 406 1430 undique
430 1376 690 1418 considentes
719 1375 760 1416 in
792 1376 957 1431 sepibus
992 1374 1167 1426 viderat,
1201 1376 1303 1418 satis
1345 1376 1482 1418 adhuc
1520 1378 1643 1420 anxie

104 1441 375 1486 1inhorrebat.

102 1701 190 1727 CAP.
216 1701 276 1726 III.
310 1700 362 1725 DE
382 1700 541 1725 JUVENE
563 1699 676 1728 QUEM
698 1698 753 1723 AD
775 1698 942 1723 PLAGAM
969 1699 1276 1725 OCCIDENTALEM
1298 1700 1503 1736 REPPERIT,
1526 1701 1641 1731 QUEM

526 1766 627 1792 MIRO
648 1765 759 1791 MODO
780 1765 996 1790 LEGENTEM
1019 1750 1229 1792 AUDIVIT.2

163 1853 299 1907 §322
334 1851 502 1893 EXINDE
525 1865 622 1892 vero
645 1848 822 1890 deduxit
847 1847 964 1890 illum
987 1847 1167 1891 Sanctus
1190 1849 1270 1891 Dei
1291 1849 1345 1891 ad
1366 1850 1642 1895 occidentales

101 1919 297 1961 Ecclesiae
329 1933 410 1960 suae
441 1917 640 1972 regiones,
682 1916 754 1957 ubi
797 1914 970 1957 diversae
1013 1915 1212 1957 domuum
1251 1916 1361 1959 illius
1404 1919 1640 1961 constitutae

99 1987 263 2028 fuerant
294 1985 540 2026 mansiones.
604 1982 656 2023 In
684 1980 799 2038 cujus
817 1982 939 2023 horto
968 1982 1253 2039 quadrangulo
1282 1984 1491 2026 schemate
1513 1985 1637 2038 facto,

100 2053 197 2108 quia
226 2053 283 2094 sic
322 2067 373 2093 ex
396 2049 648 2106 quadrifaria
674 2054 793 2104 parte
825 2048 1007 2103 undique
1045 2049 1204 2105 sepium
1237 2050 1639 2095 circumvallantium

148 2163 156 2182 ¹
179 2161 402 2208 Tuber-rebat]
430 2160 598 2195 “Deinde
613 2159 696 2193 vidit
713 2159 909 2192 adolescens
927 2159 962 2192 in
981 2159 1138 2193 omnibus
1156 2160 1242 2206 palis
1261 2161 1349 2195 eirca
1362 2162 1497 2196 hortum
1515 2164 1635 2208 positis

98 2210 244 2244 residere
266 2221 406 2254 magnas
432 2220 510 2242 aves
536 2213 569 2240 et
593 2206 802 2251 nigerrimas,
830 2206 923 2251 quasi
950 2218 1079 2247 corvos,
1107 2206 1242 2240 horride
1269 2209 1483 2243 crocitantes.
1534 2210 1636 2245 Unde

99 2256 317 2290 tremefactus
335 2255 482 2301 expavit,
501 2254 561 2288 sed
587 2265 664 2287 eum
695 2253 838 2286 Sanctus
864 2252 1111 2297 consolabatur,
1129 2265 1271 2287 monens
1294 2261 1332 2288 ut
1361 2261 1450 2289 esset
1474 2257 1632 2292 robustus

96 2303 221 2346 animo,
240 2302 399 2347 quoniam
416 2302 488 2347 ipse
505 2301 555 2334 illi
572 2305 740 2345 protector
756 2298 940 2333 assisteret.
991 2299 1088 2333 Tune
1106 2311 1206 2345 supra
1222 2307 1353 2346 portam
1370 2301 1459 2336 horti
1477 2304 1633 2339 sedentes

98 2350 182 2383 vidit
209 2355 276 2383 tres
302 2349 469 2393 malignos
498 2347 647 2392 spiritus,
673 2345 841 2391 prioribus
865 2346 973 2391 magis
996 2346 1198 2389 horribiles;
1239 2348 1325 2381 facie
1347 2348 1492 2393 pallidos
1518 2357 1551 2384 et
1577 2364 1633 2385 ore

97 2396 356 2438 flammivomos,
375 2400 529 2428 tenentes
546 2394 581 2426 in
597 2392 753 2427 manibus
770 2392 968 2436 fuscinulas,
992 2393 1114 2437 quibus
1139 2393 1174 2426 in
1201 2401 1338 2439 pectore
1364 2397 1634 2441 comprimebant

96 2443 288 2476 ministrum
307 2441 475 2487 quendam
501 2441 563 2473 viri
581 2439 659 2483 Dei,
676 2451 777 2484 quem
803 2439 837 2472 in
862 2439 975 2472 medio
1001 2439 1052 2473 sui
1067 2440 1216 2485 positum
1242 2442 1431 2476 cruciantes
1462 2443 1631 2479 dirissime

96 2489 322 2534 flagellabant.
359 2488 461 2521 Hunc
479 2487 615 2532 agnovit
629 2486 836 2529 adolescens,
849 2491 881 2518 et
899 2497 958 2531 pro
976 2486 1049 2531 ipso
1067 2487 1229 2520 Sanctum
1243 2487 1434 2522 Johannem
1452 2489 1632 2525 lacrimans

96 2536 258 2570 exoravit.
309 2535 377 2577 Qui
401 2534 618 2579 respondenS,
645 2534 653 2550 ⁶
668 2531 787 2575 Talia,'
815 2532 935 2577 inquit,
963 2532 1034 2566 ‘illi
1062 2538 1230 2567 tormenta
1265 2534 1444 2580 dabuntur,
1478 2537 1557 2581 quia
1591 2539 1632 2572 de

97 2582 197 2616 rebus
215 2582 301 2615 meis
319 2582 352 2614 in
377 2581 442 2614 hoc
459 2581 533 2614 loeo
551 2579 704 2613 fraudem
729 2579 840 2612 faeere
857 2590 924 2612 non
950 2579 1077 2623 timuit,
1095 2586 1128 2613 et
1153 2580 1187 2613 in
1217 2592 1272 2614 me
1298 2581 1406 2615 multa
1432 2585 1602 2618 commisit
1620 2598 1628 2626 3

96 2641 154 2674 pro
173 2629 295 2674 quibus
313 2628 376 2662 nisi
404 2627 611 2673 poenituerit,
629 2626 671 2659 ab
695 2625 822 2658 eisdem
835 2625 1008 2670 spiritibus
1027 2632 1153 2660 aeterna
1169 2627 1336 2672 supplicia
1353 2629 1545 2664 sustinebit.
1595 2632 1630 2664 Si

94 2687 172 2709 vero
190 2675 377 2720 resipuerit,
396 2674 511 2707 domni
540 2674 590 2706 tui
615 2672 772 2718 precibus
798 2672 1043 2717 indulgentiam
1069 2673 1246 2707 obtinebit.
1297 2674 1362 2707 Dic
1388 2675 1489 2708 etiam
1508 2676 1631 2711 domno

95 2727 152 2755 tuo
170 2727 207 2755 ut
224 2727 394 2754 removeat
411 2721 565 2754 foetorem
583 2719 679 2753 illum
692 2719 749 2763 qui
763 2719 864 2752 nimis
881 2719 1011 2752 vicinus
1026 2725 1076 2752 est
1095 2719 1259 2753 Ecclesiae
1272 2732 1369 2762 meae,
1387 2733 1445 2766 pro
1464 2734 1529 2766 quo
1542 2724 1632 2766 jan]-

96 2768 223 2801 dudum
242 2768 336 2801 illam
362 2767 499 2800 introire
516 2778 583 2800 non
607 2765 725 2811 potui?
753 2766 835 2799 Erat
853 2771 967 2798 autem
985 2765 1032 2798 ibi
1059 2765 1179 2799 domus
1197 2767 1387 2811 purgatoria
1404 2779 1537 2813 semper
1553 2770 1631 2804 hos—

93 2815 221 2859 pitibus
243 2819 438 2859 praeparata,
457 2824 557 2857 quam
569 2813 618 2846 vir
636 2812 701 2845 Dei
717 2811 892 2857 posthanc
904 2811 1169 2846 admonitionem
1186 2813 1267 2846 fecit
1284 2812 1417 2857 longius
1435 2817 1633 2851 removeri.'’

94 2862 206 2895 Anon.
226 2860 323 2894 Harl.
343 2859 493 2905 Legend-

137 2908 150 2928 2
176 2908 216 2941 In
234 2907 290 2941 the
310 2907 406 2941 Harl,
424 2906 499 2940 MS.
519 2906 655 2951 chapter
675 2905 810 2938 CXIX.

1394 2972 1450 3003 22
