1839 3186
204 214 287 254 256
715 223 950 256 LIBELLus
986 223 1049 254 DE
1084 223 1200 254 VITA

203 420 290 446 CAP.
323 421 465 447 CXXXI.
542 421 743 451 QUALITER.
778 421 946 456 ALTERA,
981 421 1086 447 ZONA
1118 420 1351 446 PRAECINCTA
1383 420 1435 446 AB
1466 420 1555 446 ILLO
1584 420 1733 445 TRANS-

435 488 566 522 MISSA,
600 489 652 513 DE
686 488 999 514 CONSTlPATIONE
1031 487 1196 512 LATERIS
1227 488 1285 513 SIT
1316 470 1513 512 SANATA.l

261 587 279 639 ᾗ
301 589 398 630 242.
436 587 503 629 AT
527 588 677 629 iterum
698 587 835 640 aliqua
856 585 1050 640 quaedam
1076 585 1225 627 nobilis
1249 590 1289 626 et
1310 600 1509 640 generosa
1528 590 1729 635 matrona,

204 653 338 694 eidem
367 654 485 695 fratri
506 653 733 702 notissima,
757 668 809 693 ex
831 652 1130 707 constipatione
1162 651 1303 692 lateris
1331 651 1619 706 gravissimum
1642 666 1732 705 per-

204 735 323 774 pessa
344 725 405 762 est
428 721 610 761 dolorem
632 718 909 760 desolationis.
973 718 1082 758 Nam
1105 717 1350 772 constipatio
1372 733 1445 771 per
1466 717 1553 758 dies
1574 717 1731 771 aliquot

204 786 338 827 acrius
376 792 648 841 augmentata
691 783 916 825 infirmanti
951 783 1073 825 nimis
1112 788 1200 824 erat
1232 783 1426 838 pestilens
1457 788 1498 824 et
1529 798 1728 832 onerosa;

204 853 315 905 quod
335 852 453 893 fratri
477 853 535 893 illi
557 851 864 900 denunciatum,
887 850 1136 891 moestiorem
1172 850 1292 891 solito
1313 849 1508 900 reddidit,
1532 848 1628 903 quia
1656 864 1731 904 pro

203 918 328 958 nobili
350 916 437 973 ejus
457 919 648 974 prosapia
677 917 735 958 illi
767 916 895 972 pluris
919 921 1007 957 erat
1028 921 1181 957 amata.
1243 915 1323 956 Die
1358 916 1486 971 igitur
1518 915 1649 956 altera
1677 915 1731 956 ad

203 983 336 1025 virum
358 983 438 1024 Dei
458 984 679 1039 profectus,
705 983 890 1024 miserias
917 982 1150 1037 languentis
1175 981 1378 1037 exposuit,
1402 987 1444 1022 et
1471 986 1519 1022 ut
1546 996 1620 1036 pro
1644 979 1731 1036 ejus

203 1050 335 1091 salute
367 1050 594 1092 Dominum
625 1050 866 1105 postularet,
899 1048 1104 1097 obtinuit;
1149 1048 1340 1102 factaque
1371 1048 1570 1096 oratione,
1602 1047 1731 1088 frater

203 1115 270 1157 ille
293 1117 509 1172 corrigiam
535 1117 756 1171 quandam,
779 1131 903 1170 quam
924 1130 997 1170 pro
1020 1129 1123 1155 zona
1143 1115 1285 1156 leviori
1320 1114 1514 1164 habebat,
1541 1113 1727 1168 protulit,

202 1197 446 1237 servumque
472 1184 552 1224 Dei
573 1183 643 1224 illa
667 1198 708 1224 se
733 1181 1051 1236 circumcingere
1071 1181 1183 1221 fecit.
1228 1181 1320 1234 Quo
1341 1180 1467 1230 facto,
1493 1195 1540 1221 eo
1561 1179 1730 1234 permit«

203 1253 331 1299 tente,
355 1264 499 1290 zonam
523 1249 763 1304 praedictam
784 1247 998 1302 languenti
1021 1247 1264 1297 transmisit,
1291 1261 1462 1300 eamque
1496 1261 1538 1287 se
1559 1246 1630 1287 illa
1653 1245 1729 1287 cir-

202 1315 460 1370 cumcingere
490 1315 728 1357 mandando
758 1315 978 1370 praecepit3
1014 1313 1123 1367 quod
1153 1318 1200 1354 ut
1233 1313 1303 1354 illa
1324 1312 1558 1367 complevit,
1581 1327 1680 1352 mox
1704 1327 1730 1353 a

202 1381 502 1436 constipatione
535 1382 605 1423 illa
638 1381 856 1422 durissima
888 1395 930 1422 se
967 1380 1218 1421 liberrimam
1250 1379 1389 1428 sensit,
1427 1384 1469 1419 et
1502 1378 1729 1433 digestione

203 1447 364 1488 solubili
395 1453 554 1489 naturae
583 1447 770 1489 debitum
806 1447 891 1488 sine
917 1446 1055 1487 dolore
1086 1445 1296 1500 persolvit.
1358 1444 1446 1485 Nec
1467 1444 1603 1498 quoad
1623 1444 1730 1485 vixit

202 1513 298 1554 huic
337 1514 524 1569 languori
563 1513 792 1562 succubuit,
834 1512 906 1554 sed
944 1527 1088 1553 zonam
1129 1512 1242 1553 illam
1282 1511 1476 1561 retinens,
1516 1510 1730 1551 multoties

202 1585 347 1634 postea
363 1595 436 1634 per
460 1595 550 1621 eam
574 1581 626 1621 ab
648 1580 737 1621 aliis
759 1579 967 1620 doloribus
987 1594 1060 1633 per
1080 1579 1290 1629 virtutem,
1314 1592 1437 1632 quam
1468 1576 1518 1618 de
1539 1577 1627 1619 viro
1649 1576 1729 1618 Dei

202 1660 407 1700 egressam
429 1647 641 1701 persensit,
668 1645 832 1687 liberari
853 1645 1114 1700 21110111611111.

201 1928 290 1953 CAP.
312 1927 477 1954 CXXXII.
521 1928 713 1958 QUOMODO
744 1928 866 1953 INTER.
899 1927 1139 1954 IRASCENTES
1170 1927 1345 1952 FRATRES
1366 1927 1535 1953 PUERUM
1566 1927 1729 1952 NIGRUM

260 1995 309 2019 ET
347 1995 583 2020 DEPILATUM
624 1995 868 2020 DISCURRERE
918 1994 1048 2020 NOCTU
1090 1994 1268 2030 VIDERIT,
1318 1994 1388 2019 SED
1429 1994 1547 2018 MANE
1591 1993 1727 2027 FACTO,

260 2060 367 2086 ILLOS
403 2061 682 2087 RECONCILIARI
719 2044 918 2086 FECERIT.3

267 2160 286 2211 ᾧ
310 2162 404 2202 243.
444 2159 742 2201 OONVERSANTE
774 2174 867 2200 cum
897 2174 944 2199 60
967 2157 1147 2212 quodam
1175 2157 1303 2198 fratre
1325 2156 1617 2199 Dunelmensis
1650 2157 1730 2199 Ec-

201 2225 345 2276 clesiae,
370 2241 416 2266 60
437 2226 719 2267 consentiente
741 2230 782 2266 et
804 2225 1028 2274 obtinente,
1051 2224 1093 2264 in
1123 2238 1252 2264 unum
1283 2228 1490 2278 coeperant
1512 2223 1698 2265 habitare
1716 2241 1727 2272 ς

200 2291 269 2344 qui
310 2291 534 2333 sacerdotis
579 2290 711 2332 officio
752 2291 1013 2346 fungebatur,
1060 2295 1101 2330 et
1142 2289 1283 2331 divina
1322 2289 1379 2331 ibi
1421 2289 1731 2344 percelebrabat

201 2356 346 2407 officia,
368 2363 415 2398 ut
437 2357 495 2398 eis
522 2358 877 2399 consuetissimum
910 2356 1058 2405 fuerat,
1081 2361 1122 2397 et
1157 2362 1325 2411 propter
1355 2355 1554 2411 populum
1579 2354 1731 2396 confiu-

201 2427 339 2464 entem
370 2438 395 2464 a
426 2438 505 2477 quo
538 2423 651 2465 locus
685 2423 752 2464 ille
788 2422 1140 2476 frequentabatur.
1212 2422 1345 2462 Nocte
1378 2421 1505 2475 igitur
1537 2421 1729 2475 quadam,

202 2488 301 2529 dum
320 2490 513 2544 synaxim
533 2494 779 2530 nocturnam
798 2489 908 2529 idem
929 2488 1058 2537 frater
1078 2503 1215 2529 coram
1234 2487 1303 2528 1110
1324 2487 1554 2542 persolvere
1574 2487 1729 2538 debuit,

247 2582 258 2602 ¹
285 2581 358 2614 The
377 2581 470 2615 Harl.
491 2581 564 2614 MS.
584 2581 664 2614 does
681 2586 739 2614 not
756 2580 891 2614 contain
905 2580 972 2613 this
989 2580 1138 2626 chapter.

247 2628 260 2646 ²
280 2626 500 2673 Promffluit]
540 2627 584 2660 So
613 2627 710 2671 again
740 2626 796 2660 the
826 2626 987 2660 Halleian
1015 2638 1225 2678 anonymous
1252 2626 1393 2679 legend:
1430 2627 1580 2660 “Altera
1608 2627 1731 2661 nobilis

202 2679 365 2717 mammona
384 2674 545 2725 piaedicto
563 2673 655 2706 fratli
674 2672 862 2716 notissima,
881 2673 1126 2717 constipatione
1144 2674 1269 2706 ventris
1287 2673 1388 2706 anxie
1405 2673 1646 2725 torquebatur3
1672 2685 1731 2726 pro

202 2731 267 2764 qua
285 2720 439 2753 similiter
464 2719 664 2762 inteicessit,
682 2724 715 2752 ct
733 2718 822 2763 quod
847 2718 983 2763 petebat
1001 2718 1158 2752 obtinuit.
1210 2719 1303 2752 Nam
1328 2724 1403 2763 post
1421 2719 1606 2752 mationem
1624 2720 1731 2753 sancti

203 2765 295 2798 dedit
319 2766 349 2798 ei
378 2766 480 2799 frater
508 2765 684 2809 corrigiam
708 2776 773 2809 qua
798 2764 872 2809 cing
856 2764 1005 2808 uebatur,
1030 2770 1066 2797 ut
1095 2765 1153 2798 illa
1177 2777 1213 2798 se
1243 2765 1413 2809 eingeiet3
1440 2777 1505 2817 quo
1534 2765 1632 2809 facto,
1657 2777 1731 2799 eam

203 2811 316 2856 dirigit
333 2812 519 2856 aegiotanti.
571 2811 648 2854 Qua
668 2810 788 2844 mulier
814 2810 1065 2854 circumcincta,
1084 2811 1198 2844 statim
1217 2823 1236 2843 a
1252 2811 1360 2844 nimbi
1383 2811 1493 2855 glavis
1517 2811 1731 2845 incommodo

201 2863 252 2891 cst
269 2857 415 2891 solutass'

246 2904 260 2924 ³
286 2903 369 2937 This
387 2903 524 2948 chapter
543 2904 621 2937 (locs
640 2909 696 2949 not
715 2915 815 2937 occur
833 2904 866 2935 in
885 2902 941 2935 1116
962 2901 1055 2937 Harl.
1076 2902 1149 2936 MS.
