<?xml version="1.0" encoding="UTF-8"?>
<!DOCTYPE html PUBLIC "-//W3C//DTD XHTML 1.0 Transitional//EN"
    "http://www.w3.org/TR/xhtml1/DTD/xhtml1-transitional.dtd">
<html xmlns="http://www.w3.org/1999/xhtml" xml:lang="en" lang="en">
 <head>
  <title>
</title>
<meta http-equiv="Content-Type" content="text/html;charset=utf-8" />
  <meta name='ocr-system' content='tesseract 3.04.00' />
  <meta name='ocr-capabilities' content='ocr_page ocr_carea ocr_par ocr_line ocrx_word'/>
</head>
<body>
  <div class='ocr_page' id='page_1' title='image "./libellusdevitaet00regi_0351.png"; bbox 0 0 1839 3186; ppageno 0'>
   <div class='ocr_carea' id='block_1_1' title="bbox 556 218 1663 257">
    <p class='ocr_par' dir='ltr' id='par_1_1' title="bbox 556 218 1663 257">
     <span class='ocr_line' id='line_1_1' title="bbox 556 218 1663 257; baseline 0.002 -2"><span class='ocrx_word' id='word_1_1' title='bbox 556 224 615 255; x_wconf 87' lang='grc' dir='ltr'>ΕΤ</span> <span class='ocrx_word' id='word_1_2' title='bbox 650 223 917 256; x_wconf 84' lang='lat' dir='ltr'><strong>MIRAOULIS</strong></span> <span class='ocrx_word' id='word_1_3' title='bbox 953 224 990 256; x_wconf 91' lang='lat' dir='ltr'>s.</span> <span class='ocrx_word' id='word_1_4' title='bbox 1019 223 1235 256; x_wconf 69' lang='lat' dir='ltr'>conarer.</span> <span class='ocrx_word' id='word_1_5' title='bbox 1580 218 1663 257; x_wconf 83' lang='lat'>305</span> 
     </span>
    </p>
   </div>
   <div class='ocr_carea' id='block_1_2' title="bbox 124 427 1660 532">
    <p class='ocr_par' dir='ltr' id='par_1_2' title="bbox 124 427 1660 532">
     <span class='ocr_line' id='line_1_2' title="bbox 124 427 1660 462; baseline 0.004 -9"><span class='ocrx_word' id='word_1_6' title='bbox 124 428 210 454; x_wconf 87' lang='lat' dir='ltr'>CAP.</span> <span class='ocrx_word' id='word_1_7' title='bbox 264 427 355 455; x_wconf 86' lang='lat' dir='ltr'><strong>CLX.</strong></span> <span class='ocrx_word' id='word_1_8' title='bbox 426 428 533 459; x_wconf 77' lang='lat' dir='ltr'><strong>QUOD</strong></span> <span class='ocrx_word' id='word_1_9' title='bbox 573 429 752 455; x_wconf 80' lang='lat' dir='ltr'>ANGELos</span> <span class='ocrx_word' id='word_1_10' title='bbox 789 429 857 455; x_wconf 89' lang='lat' dir='ltr'>DEI</span> <span class='ocrx_word' id='word_1_11' title='bbox 908 429 1132 456; x_wconf 80' lang='lat' dir='ltr'>MULTOTIES</span> <span class='ocrx_word' id='word_1_12' title='bbox 1174 429 1303 456; x_wconf 88' lang='lat' dir='ltr'>SECUM</span> <span class='ocrx_word' id='word_1_13' title='bbox 1350 429 1660 462; x_wconf 74' lang='lat' dir='ltr'>COLLOQUENTES</span> 
     </span>
     <span class='ocr_line' id='line_1_3' title="bbox 400 482 1375 532; baseline 0.003 -11"><span class='ocrx_word' id='word_1_14' title='bbox 400 496 577 532; x_wconf 77' lang='lat' dir='ltr'>VIDERIT,</span> <span class='ocrx_word' id='word_1_15' title='bbox 600 497 649 522; x_wconf 91' lang='lat' dir='ltr'>AC</span> <span class='ocrx_word' id='word_1_16' title='bbox 670 497 847 522; x_wconf 84' lang='lat' dir='ltr'>COETIBUS</span> <span class='ocrx_word' id='word_1_17' title='bbox 868 496 1051 523; x_wconf 89' lang='lat' dir='ltr'>ILLORUM</span> <span class='ocrx_word' id='word_1_18' title='bbox 1072 482 1375 524; x_wconf 76' lang='lat' dir='ltr'>INTERFUERIT.¹</span> 
     </span>
    </p>
   </div>
   <div class='ocr_carea' id='block_1_3' title="bbox 107 594 1656 1994">
    <p class='ocr_par' dir='ltr' id='par_1_3' title="bbox 107 594 1656 1994">
     <span class='ocr_line' id='line_1_4' title="bbox 180 594 1656 654; baseline 0.001 -16"><span class='ocrx_word' id='word_1_19' title='bbox 180 594 310 649; x_wconf 75' lang='lat'>§287.</span> <span class='ocrx_word' id='word_1_20' title='bbox 336 596 584 639; x_wconf 69' lang='lat' dir='ltr'>INTERJECTO</span> <span class='ocrx_word' id='word_1_21' title='bbox 599 597 866 653; x_wconf 87' lang='lat' dir='ltr'>postmodum</span> <span class='ocrx_word' id='word_1_22' title='bbox 887 613 1012 640; x_wconf 87' lang='lat' dir='ltr'>morae</span> <span class='ocrx_word' id='word_1_23' title='bbox 1034 596 1209 654; x_wconf 83' lang='lat' dir='ltr'>alicujus</span> <span class='ocrx_word' id='word_1_24' title='bbox 1224 598 1370 653; x_wconf 88' lang='lat' dir='ltr'>spatio,</span> <span class='ocrx_word' id='word_1_25' title='bbox 1389 599 1491 654; x_wconf 84' lang='lat' dir='ltr'>coepi</span> <span class='ocrx_word' id='word_1_26' title='bbox 1505 599 1656 640; x_wconf 85' lang='lat' dir='ltr'>iterum</span> 
     </span>
     <span class='ocr_line' id='line_1_5' title="bbox 120 663 1656 720; baseline 0.002 -16"><span class='ocrx_word' id='word_1_27' title='bbox 120 663 171 704; x_wconf 90' lang='lat' dir='ltr'>de</span> <span class='ocrx_word' id='word_1_28' title='bbox 193 669 430 705; x_wconf 85' lang='lat' dir='ltr'>sanctorum</span> <span class='ocrx_word' id='word_1_29' title='bbox 466 665 689 707; x_wconf 89' lang='lat' dir='ltr'>virtutibus</span> <span class='ocrx_word' id='word_1_30' title='bbox 720 665 840 720; x_wconf 85' lang='lat' dir='ltr'>plura</span> <span class='ocrx_word' id='word_1_31' title='bbox 872 665 1080 715; x_wconf 73' lang='lat' dir='ltr'>disserere,</span> <span class='ocrx_word' id='word_1_32' title='bbox 1108 670 1149 706; x_wconf 93' lang='lat' dir='ltr'>et</span> <span class='ocrx_word' id='word_1_33' title='bbox 1171 665 1451 707; x_wconf 87' lang='lat' dir='ltr'>interserendo</span> <span class='ocrx_word' id='word_1_34' title='bbox 1476 666 1656 720; x_wconf 84' lang='lat' dir='ltr'>permix-</span> 
     </span>
     <span class='ocr_line' id='line_1_6' title="bbox 120 730 1656 788; baseline 0.002 -17"><span class='ocrx_word' id='word_1_35' title='bbox 120 731 195 772; x_wconf 91' lang='lat' dir='ltr'>tim</span> <span class='ocrx_word' id='word_1_36' title='bbox 211 730 261 772; x_wconf 89' lang='lat' dir='ltr'>de</span> <span class='ocrx_word' id='word_1_37' title='bbox 279 731 435 773; x_wconf 80' lang='lat' dir='ltr'>visione</span> <span class='ocrx_word' id='word_1_38' title='bbox 445 732 703 788; x_wconf 79' lang='lat' dir='ltr'>Angelorum</span> <span class='ocrx_word' id='word_1_39' title='bbox 723 737 795 773; x_wconf 88' lang='lat' dir='ltr'>aut</span> <span class='ocrx_word' id='word_1_40' title='bbox 815 732 1027 787; x_wconf 87' lang='lat' dir='ltr'>colloquio,</span> <span class='ocrx_word' id='word_1_41' title='bbox 1040 733 1187 787; x_wconf 90' lang='lat' dir='ltr'>quibus</span> <span class='ocrx_word' id='word_1_42' title='bbox 1203 733 1356 774; x_wconf 87' lang='lat' dir='ltr'>electos</span> <span class='ocrx_word' id='word_1_43' title='bbox 1370 732 1450 774; x_wconf 88' lang='lat' dir='ltr'>Dei</span> <span class='ocrx_word' id='word_1_44' title='bbox 1467 733 1656 787; x_wconf 87' lang='lat' dir='ltr'>frequen-</span> 
     </span>
     <span class='ocr_line' id='line_1_7' title="bbox 119 798 1655 855; baseline 0.001 -17"><span class='ocrx_word' id='word_1_45' title='bbox 119 803 183 838; x_wconf 90' lang='lat' dir='ltr'>ter</span> <span class='ocrx_word' id='word_1_46' title='bbox 234 798 408 840; x_wconf 90' lang='lat' dir='ltr'>invisere</span> <span class='ocrx_word' id='word_1_47' title='bbox 465 807 775 849; x_wconf 89' lang='lat' dir='ltr'>consueverant,</span> <span class='ocrx_word' id='word_1_48' title='bbox 822 815 874 840; x_wconf 87' lang='lat' dir='ltr'>ex</span> <span class='ocrx_word' id='word_1_49' title='bbox 918 799 1142 855; x_wconf 77' lang='lat' dir='ltr'>Scripturas</span> <span class='ocrx_word' id='word_1_50' title='bbox 1187 800 1425 841; x_wconf 89' lang='lat' dir='ltr'>testimonio</span> <span class='ocrx_word' id='word_1_51' title='bbox 1476 800 1655 854; x_wconf 86' lang='lat' dir='ltr'>plurima</span> 
     </span>
     <span class='ocr_line' id='line_1_8' title="bbox 120 865 1654 922; baseline 0.001 -17"><span class='ocrx_word' id='word_1_52' title='bbox 120 865 338 919; x_wconf 88' lang='lat' dir='ltr'>explicare.</span> <span class='ocrx_word' id='word_1_53' title='bbox 426 866 586 919; x_wconf 73' lang='lat' dir='ltr'>Quibus</span> <span class='ocrx_word' id='word_1_54' title='bbox 620 866 720 908; x_wconf 94' lang='lat' dir='ltr'>dum</span> <span class='ocrx_word' id='word_1_55' title='bbox 750 867 868 908; x_wconf 91' lang='lat' dir='ltr'>illum</span> <span class='ocrx_word' id='word_1_56' title='bbox 908 867 1186 908; x_wconf 61' lang='lat' dir='ltr'>collaetantem</span> <span class='ocrx_word' id='word_1_57' title='bbox 1223 882 1270 908; x_wconf 93' lang='lat' dir='ltr'>ac</span> <span class='ocrx_word' id='word_1_58' title='bbox 1296 867 1654 922; x_wconf 76' lang='lat' dir='ltr'>congratulantem</span> 
     </span>
     <span class='ocr_line' id='line_1_9' title="bbox 120 932 1653 989; baseline 0.002 -17"><span class='ocrx_word' id='word_1_59' title='bbox 120 933 312 986; x_wconf 86' lang='lat' dir='ltr'>comperi,</span> <span class='ocrx_word' id='word_1_60' title='bbox 358 932 391 974; x_wconf 88' lang='lat' dir='ltr'>si</span> <span class='ocrx_word' id='word_1_61' title='bbox 431 948 614 988; x_wconf 88' lang='lat' dir='ltr'>unquam</span> <span class='ocrx_word' id='word_1_62' title='bbox 660 934 734 975; x_wconf 90' lang='lat' dir='ltr'>tali</span> <span class='ocrx_word' id='word_1_63' title='bbox 766 934 924 989; x_wconf 90' lang='lat' dir='ltr'>potitus</span> <span class='ocrx_word' id='word_1_64' title='bbox 957 934 1102 975; x_wconf 79' lang='lat' dir='ltr'>fuisset</span> <span class='ocrx_word' id='word_1_65' title='bbox 1136 934 1415 976; x_wconf 76' lang='lat' dir='ltr'>consolatione</span> <span class='ocrx_word' id='word_1_66' title='bbox 1447 934 1653 988; x_wconf 87' lang='lat' dir='ltr'>inquisivi.</span> 
     </span>
     <span class='ocr_line' id='line_1_10' title="bbox 120 998 1656 1056; baseline 0.003 -17"><span class='ocrx_word' id='word_1_67' title='bbox 120 998 200 1051; x_wconf 72' lang='lat' dir='ltr'>Qui</span> <span class='ocrx_word' id='word_1_68' title='bbox 232 1000 496 1054; x_wconf 85' lang='lat' dir='ltr'>respondens,</span> <span class='ocrx_word' id='word_1_69' title='bbox 520 1000 594 1050; x_wconf 89' lang='lat' dir='ltr'>ait,</span> <span class='ocrx_word' id='word_1_70' title='bbox 660 1005 685 1025; x_wconf 82' lang='lat'><strong>“</strong></span> <span class='ocrx_word' id='word_1_71' title='bbox 701 1000 759 1042; x_wconf 89' lang='lat' dir='ltr'>Et</span> <span class='ocrx_word' id='word_1_72' title='bbox 796 1016 887 1055; x_wconf 85' lang='lat' dir='ltr'>ego,</span> <span class='ocrx_word' id='word_1_73' title='bbox 928 999 998 1050; x_wconf 90' lang='lat' dir='ltr'>fili,</span> <span class='ocrx_word' id='word_1_74' title='bbox 1038 1001 1205 1056; x_wconf 84' lang='lat' dir='ltr'>spiritus</span> <span class='ocrx_word' id='word_1_75' title='bbox 1244 1000 1470 1055; x_wconf 85' lang='lat' dir='ltr'>Angelicos</span> <span class='ocrx_word' id='word_1_76' title='bbox 1506 1002 1656 1056; x_wconf 77' lang='lat' dir='ltr'>saepius</span> 
     </span>
     <span class='ocr_line' id='line_1_11' title="bbox 115 1065 1651 1123; baseline 0.002 -17"><span class='ocrx_word' id='word_1_77' title='bbox 115 1065 214 1116; x_wconf 89' lang='lat' dir='ltr'>vidi,</span> <span class='ocrx_word' id='word_1_78' title='bbox 244 1080 291 1107; x_wconf 84' lang='lat' dir='ltr'>ac</span> <span class='ocrx_word' id='word_1_79' title='bbox 318 1081 412 1107; x_wconf 88' lang='lat' dir='ltr'>cum</span> <span class='ocrx_word' id='word_1_80' title='bbox 447 1066 545 1122; x_wconf 88' lang='lat' dir='ltr'>ipsis</span> <span class='ocrx_word' id='word_1_81' title='bbox 582 1066 817 1122; x_wconf 85' lang='lat' dir='ltr'>frequenter</span> <span class='ocrx_word' id='word_1_82' title='bbox 852 1067 964 1122; x_wconf 91' lang='lat' dir='ltr'>loqui</span> <span class='ocrx_word' id='word_1_83' title='bbox 996 1068 1218 1123; x_wconf 80' lang='lat' dir='ltr'>promerui,</span> <span class='ocrx_word' id='word_1_84' title='bbox 1247 1069 1460 1122; x_wconf 87' lang='lat' dir='ltr'>multaque</span> <span class='ocrx_word' id='word_1_85' title='bbox 1492 1069 1651 1118; x_wconf 85' lang='lat' dir='ltr'>solatia,</span> 
     </span>
     <span class='ocr_line' id='line_1_12' title="bbox 114 1132 1655 1190; baseline 0.002 -17"><span class='ocrx_word' id='word_1_86' title='bbox 114 1132 282 1183; x_wconf 85' lang='lat' dir='ltr'>auxilia,</span> <span class='ocrx_word' id='word_1_87' title='bbox 307 1133 476 1175; x_wconf 87' lang='lat' dir='ltr'>consilia</span> <span class='ocrx_word' id='word_1_88' title='bbox 496 1138 620 1188; x_wconf 86' lang='lat' dir='ltr'>atque</span> <span class='ocrx_word' id='word_1_89' title='bbox 643 1134 840 1182; x_wconf 88' lang='lat' dir='ltr'>subsidia,</span> <span class='ocrx_word' id='word_1_90' title='bbox 866 1135 918 1175; x_wconf 85' lang='lat' dir='ltr'>ab</span> <span class='ocrx_word' id='word_1_91' title='bbox 950 1135 1007 1176; x_wconf 91' lang='lat' dir='ltr'>eis</span> <span class='ocrx_word' id='word_1_92' title='bbox 1040 1135 1215 1190; x_wconf 81' lang='lat' dir='ltr'>percepi,</span> <span class='ocrx_word' id='word_1_93' title='bbox 1255 1149 1429 1188; x_wconf 89' lang='lat' dir='ltr'>quorum</span> <span class='ocrx_word' id='word_1_94' title='bbox 1458 1139 1547 1176; x_wconf 83' lang='lat' dir='ltr'>tam</span> <span class='ocrx_word' id='word_1_95' title='bbox 1570 1151 1655 1176; x_wconf 84' lang='lat' dir='ltr'>cre-</span> 
     </span>
     <span class='ocr_line' id='line_1_13' title="bbox 115 1200 1653 1257; baseline 0.002 -17"><span class='ocrx_word' id='word_1_96' title='bbox 115 1200 232 1241; x_wconf 89' lang='lat' dir='ltr'>bram</span> <span class='ocrx_word' id='word_1_97' title='bbox 256 1200 536 1242; x_wconf 80' lang='lat' dir='ltr'>visitationem</span> <span class='ocrx_word' id='word_1_98' title='bbox 552 1206 645 1256; x_wconf 89' lang='lat' dir='ltr'>post</span> <span class='ocrx_word' id='word_1_99' title='bbox 662 1200 785 1257; x_wconf 84' lang='lat' dir='ltr'>hujus</span> <span class='ocrx_word' id='word_1_100' title='bbox 803 1201 1064 1256; x_wconf 74' lang='lat' dir='ltr'>aegritudinis</span> <span class='ocrx_word' id='word_1_101' title='bbox 1079 1201 1408 1255; x_wconf 86' lang='lat' dir='ltr'>inquietudinem</span> <span class='ocrx_word' id='word_1_102' title='bbox 1429 1201 1653 1256; x_wconf 89' lang='lat' dir='ltr'>plurimum</span> 
     </span>
     <span class='ocr_line' id='line_1_14' title="bbox 114 1266 1653 1323; baseline 0.002 -16"><span class='ocrx_word' id='word_1_103' title='bbox 114 1266 261 1316; x_wconf 77' lang='lat' dir='ltr'>amisi3</span> <span class='ocrx_word' id='word_1_104' title='bbox 296 1268 392 1322; x_wconf 89' lang='lat' dir='ltr'>quia</span> <span class='ocrx_word' id='word_1_105' title='bbox 422 1268 573 1323; x_wconf 84' lang='lat' dir='ltr'>saepius</span> <span class='ocrx_word' id='word_1_106' title='bbox 603 1284 725 1320; x_wconf 91' lang='lat' dir='ltr'>nunc,</span> <span class='ocrx_word' id='word_1_107' title='bbox 760 1273 932 1323; x_wconf 81' lang='lat' dir='ltr'>cogente</span> <span class='ocrx_word' id='word_1_108' title='bbox 964 1268 1166 1318; x_wconf 86' lang='lat' dir='ltr'>molestia,</span> <span class='ocrx_word' id='word_1_109' title='bbox 1205 1269 1428 1323; x_wconf 88' lang='lat' dir='ltr'>compellor</span> <span class='ocrx_word' id='word_1_110' title='bbox 1464 1269 1518 1309; x_wconf 89' lang='lat' dir='ltr'>ad</span> <span class='ocrx_word' id='word_1_111' title='bbox 1548 1274 1653 1310; x_wconf 89' lang='lat' dir='ltr'>tem-</span> 
     </span>
     <span class='ocr_line' id='line_1_15' title="bbox 112 1334 1652 1391; baseline 0.002 -17"><span class='ocrx_word' id='word_1_112' title='bbox 112 1334 269 1388; x_wconf 88' lang='lat' dir='ltr'>poralia</span> <span class='ocrx_word' id='word_1_113' title='bbox 305 1336 502 1385; x_wconf 88' lang='lat' dir='ltr'>converti,</span> <span class='ocrx_word' id='word_1_114' title='bbox 538 1350 586 1376; x_wconf 89' lang='lat' dir='ltr'>ac</span> <span class='ocrx_word' id='word_1_115' title='bbox 630 1351 736 1377; x_wconf 91' lang='lat' dir='ltr'>vana</span> <span class='ocrx_word' id='word_1_116' title='bbox 772 1350 941 1390; x_wconf 79' lang='lat' dir='ltr'>quaeque</span> <span class='ocrx_word' id='word_1_117' title='bbox 983 1336 1149 1390; x_wconf 87' lang='lat' dir='ltr'>profari.</span> <span class='ocrx_word' id='word_1_118' title='bbox 1222 1335 1317 1376; x_wconf 89' lang='lat' dir='ltr'>Non</span> <span class='ocrx_word' id='word_1_119' title='bbox 1350 1335 1458 1376; x_wconf 89' lang='lat' dir='ltr'>enim</span> <span class='ocrx_word' id='word_1_120' title='bbox 1498 1334 1652 1391; x_wconf 89' lang='lat' dir='ltr'>Angeli</span> 
     </span>
     <span class='ocr_line' id='line_1_16' title="bbox 112 1400 1655 1458; baseline 0.002 -17"><span class='ocrx_word' id='word_1_121' title='bbox 112 1400 348 1443; x_wconf 87' lang='lat' dir='ltr'>hominibus</span> <span class='ocrx_word' id='word_1_122' title='bbox 369 1407 624 1451; x_wconf 88' lang='lat' dir='ltr'>assuescunt,</span> <span class='ocrx_word' id='word_1_123' title='bbox 650 1403 715 1445; x_wconf 90' lang='lat' dir='ltr'>vel</span> <span class='ocrx_word' id='word_1_124' title='bbox 752 1417 894 1444; x_wconf 89' lang='lat' dir='ltr'>sensus</span> <span class='ocrx_word' id='word_1_125' title='bbox 926 1402 1090 1444; x_wconf 89' lang='lat' dir='ltr'>illorum</span> <span class='ocrx_word' id='word_1_126' title='bbox 1112 1402 1285 1444; x_wconf 88' lang='lat' dir='ltr'>terrenis</span> <span class='ocrx_word' id='word_1_127' title='bbox 1309 1403 1485 1458; x_wconf 90' lang='lat' dir='ltr'>negotiis</span> <span class='ocrx_word' id='word_1_128' title='bbox 1517 1403 1655 1458; x_wconf 91' lang='lat' dir='ltr'>impli-</span> 
     </span>
     <span class='ocr_line' id='line_1_17' title="bbox 112 1468 1653 1524; baseline 0.002 -16"><span class='ocrx_word' id='word_1_129' title='bbox 112 1473 226 1510; x_wconf 88' lang='lat' dir='ltr'>catos</span> <span class='ocrx_word' id='word_1_130' title='bbox 266 1468 511 1524; x_wconf 73' lang='lat' dir='ltr'>aspiciunt.”</span> <span class='ocrx_word' id='word_1_131' title='bbox 574 1469 770 1522; x_wconf 65' lang='lat' dir='ltr'>Quaerens</span> <span class='ocrx_word' id='word_1_132' title='bbox 812 1485 909 1511; x_wconf 91' lang='lat' dir='ltr'>vero</span> <span class='ocrx_word' id='word_1_133' title='bbox 949 1485 1041 1524; x_wconf 85' lang='lat' dir='ltr'>quae</span> <span class='ocrx_word' id='word_1_134' title='bbox 1083 1484 1224 1511; x_wconf 89' lang='lat' dir='ltr'>eorum</span> <span class='ocrx_word' id='word_1_135' title='bbox 1266 1475 1373 1511; x_wconf 89' lang='lat' dir='ltr'>esset</span> <span class='ocrx_word' id='word_1_136' title='bbox 1414 1470 1546 1511; x_wconf 86' lang='lat' dir='ltr'>forma</span> <span class='ocrx_word' id='word_1_137' title='bbox 1588 1470 1653 1512; x_wconf 89' lang='lat' dir='ltr'>vel</span> 
     </span>
     <span class='ocr_line' id='line_1_18' title="bbox 112 1535 1649 1592; baseline 0.002 -17"><span class='ocrx_word' id='word_1_138' title='bbox 112 1535 280 1589; x_wconf 88' lang='lat' dir='ltr'>species,</span> <span class='ocrx_word' id='word_1_139' title='bbox 317 1535 424 1577; x_wconf 80' lang='lat' dir='ltr'>dixit</span> <span class='ocrx_word' id='word_1_140' title='bbox 458 1536 567 1591; x_wconf 86' lang='lat' dir='ltr'>quod</span> <span class='ocrx_word' id='word_1_141' title='bbox 605 1537 700 1578; x_wconf 90' lang='lat' dir='ltr'>talis</span> <span class='ocrx_word' id='word_1_142' title='bbox 731 1537 783 1578; x_wconf 86' lang='lat' dir='ltr'>ab</span> <span class='ocrx_word' id='word_1_143' title='bbox 804 1537 987 1578; x_wconf 88' lang='lat' dir='ltr'>humana</span> <span class='ocrx_word' id='word_1_144' title='bbox 1018 1537 1198 1578; x_wconf 84' lang='lat' dir='ltr'>scientiae</span> <span class='ocrx_word' id='word_1_145' title='bbox 1234 1536 1510 1592; x_wconf 82' lang='lat' dir='ltr'>intelligentia</span> <span class='ocrx_word' id='word_1_146' title='bbox 1541 1553 1649 1579; x_wconf 88' lang='lat' dir='ltr'>com-</span> 
     </span>
     <span class='ocr_line' id='line_1_19' title="bbox 111 1602 1651 1659; baseline 0.003 -17"><span class='ocrx_word' id='word_1_147' title='bbox 111 1602 310 1656; x_wconf 88' lang='lat' dir='ltr'>prehendi</span> <span class='ocrx_word' id='word_1_148' title='bbox 324 1618 406 1643; x_wconf 91' lang='lat' dir='ltr'>non</span> <span class='ocrx_word' id='word_1_149' title='bbox 427 1604 630 1658; x_wconf 89' lang='lat' dir='ltr'>potuisset</span> <span class='ocrx_word' id='word_1_150' title='bbox 656 1603 831 1659; x_wconf 67' lang='lat' dir='ltr'>effigies,</span> <span class='ocrx_word' id='word_1_151' title='bbox 858 1603 1006 1645; x_wconf 90' lang='lat' dir='ltr'>deinde</span> <span class='ocrx_word' id='word_1_152' title='bbox 1025 1603 1279 1659; x_wconf 79' lang='lat' dir='ltr'>investigans</span> <span class='ocrx_word' id='word_1_153' title='bbox 1300 1603 1524 1658; x_wconf 64' lang='grc' dir='ltr'>2(1110111οε10</span> <span class='ocrx_word' id='word_1_154' title='bbox 1547 1605 1651 1647; x_wconf 88' lang='lat' dir='ltr'>tales</span> 
     </span>
     <span class='ocr_line' id='line_1_20' title="bbox 111 1669 1648 1726; baseline 0.002 -17"><span class='ocrx_word' id='word_1_155' title='bbox 111 1669 279 1723; x_wconf 90' lang='lat' dir='ltr'>spiritus</span> <span class='ocrx_word' id='word_1_156' title='bbox 321 1669 504 1720; x_wconf 88' lang='lat' dir='ltr'>vidisset,</span> <span class='ocrx_word' id='word_1_157' title='bbox 547 1671 760 1725; x_wconf 81' lang='lat' dir='ltr'>respondit</span> <span class='ocrx_word' id='word_1_158' title='bbox 813 1670 924 1725; x_wconf 89' lang='lat' dir='ltr'>quod</span> <span class='ocrx_word' id='word_1_159' title='bbox 964 1686 1095 1726; x_wconf 87' lang='lat' dir='ltr'>nuper</span> <span class='ocrx_word' id='word_1_160' title='bbox 1145 1669 1382 1726; x_wconf 82' lang='lat' dir='ltr'>hujusmodi</span> <span class='ocrx_word' id='word_1_161' title='bbox 1427 1671 1648 1725; x_wconf 88' lang='lat' dir='ltr'>spirituum</span> 
     </span>
     <span class='ocr_line' id='line_1_21' title="bbox 110 1736 1648 1792; baseline 0.001 -16"><span class='ocrx_word' id='word_1_162' title='bbox 110 1736 325 1777; x_wconf 79' lang='lat' dir='ltr'>consortiis</span> <span class='ocrx_word' id='word_1_163' title='bbox 364 1736 631 1779; x_wconf 83' lang='lat' dir='ltr'>interfuisset.</span> <span class='ocrx_word' id='word_1_164' title='bbox 694 1738 759 1778; x_wconf 91' lang='lat' dir='ltr'>De</span> <span class='ocrx_word' id='word_1_165' title='bbox 798 1738 1019 1779; x_wconf 88' lang='lat' dir='ltr'>verborum</span> <span class='ocrx_word' id='word_1_166' title='bbox 1052 1752 1141 1792; x_wconf 83' lang='lat' dir='ltr'>quae</span> <span class='ocrx_word' id='word_1_167' title='bbox 1173 1738 1209 1779; x_wconf 93' lang='lat' dir='ltr'>ei</span> <span class='ocrx_word' id='word_1_168' title='bbox 1245 1737 1426 1778; x_wconf 82' lang='lat' dir='ltr'>dixerint</span> <span class='ocrx_word' id='word_1_169' title='bbox 1464 1753 1648 1792; x_wconf 86' lang='lat' dir='ltr'>quaerens</span> 
     </span>
     <span class='ocr_line' id='line_1_22' title="bbox 109 1801 1649 1860; baseline 0.002 -17"><span class='ocrx_word' id='word_1_170' title='bbox 109 1802 233 1843; x_wconf 88' lang='lat' dir='ltr'>modo</span> <span class='ocrx_word' id='word_1_171' title='bbox 276 1803 340 1844; x_wconf 90' lang='lat' dir='ltr'>vel</span> <span class='ocrx_word' id='word_1_172' title='bbox 382 1801 542 1853; x_wconf 84' lang='lat' dir='ltr'>ordine,</span> <span class='ocrx_word' id='word_1_173' title='bbox 579 1804 699 1854; x_wconf 82' lang='lat' dir='ltr'>dixit,</span> <span class='ocrx_word' id='word_1_174' title='bbox 737 1804 847 1859; x_wconf 91' lang='lat' dir='ltr'>quod</span> <span class='ocrx_word' id='word_1_175' title='bbox 879 1805 981 1846; x_wconf 91' lang='lat' dir='ltr'>nulli</span> <span class='ocrx_word' id='word_1_176' title='bbox 1016 1805 1231 1846; x_wconf 90' lang='lat' dir='ltr'>hominum</span> <span class='ocrx_word' id='word_1_177' title='bbox 1265 1805 1468 1860; x_wconf 87' lang='lat' dir='ltr'>potuisset</span> <span class='ocrx_word' id='word_1_178' title='bbox 1502 1806 1649 1846; x_wconf 88' lang='lat' dir='ltr'>talium</span> 
     </span>
     <span class='ocr_line' id='line_1_23' title="bbox 111 1871 1648 1926; baseline 0.002 -16"><span class='ocrx_word' id='word_1_179' title='bbox 111 1876 363 1911; x_wconf 77' lang='lat' dir='ltr'>secretorum</span> <span class='ocrx_word' id='word_1_180' title='bbox 385 1871 543 1926; x_wconf 86' lang='lat' dir='ltr'>aperire</span> <span class='ocrx_word' id='word_1_181' title='bbox 565 1871 865 1926; x_wconf 79' lang='lat' dir='ltr'>cognitionem3</span> <span class='ocrx_word' id='word_1_182' title='bbox 903 1876 1011 1913; x_wconf 76' lang='lat' dir='ltr'>“nec</span> <span class='ocrx_word' id='word_1_183' title='bbox 1036 1872 1114 1913; x_wconf 89' lang='lat' dir='ltr'>tibi</span> <span class='ocrx_word' id='word_1_184' title='bbox 1147 1871 1197 1912; x_wconf 90' lang='lat' dir='ltr'>de</span> <span class='ocrx_word' id='word_1_185' title='bbox 1218 1871 1282 1913; x_wconf 89' lang='lat' dir='ltr'>his</span> <span class='ocrx_word' id='word_1_186' title='bbox 1314 1871 1491 1926; x_wconf 88' lang='lat' dir='ltr'>amplius</span> <span class='ocrx_word' id='word_1_187' title='bbox 1513 1872 1648 1913; x_wconf 89' lang='lat' dir='ltr'>dicere</span> 
     </span>
     <span class='ocr_line' id='line_1_24' title="bbox 107 1936 1417 1994; baseline 0.001 -16"><span class='ocrx_word' id='word_1_188' title='bbox 107 1936 236 1989; x_wconf 80' lang='lat' dir='ltr'>valeo,</span> <span class='ocrx_word' id='word_1_189' title='bbox 252 1937 348 1992; x_wconf 87' lang='lat' dir='ltr'>quia</span> <span class='ocrx_word' id='word_1_190' title='bbox 369 1952 418 1979; x_wconf 91' lang='lat' dir='ltr'>ea</span> <span class='ocrx_word' id='word_1_191' title='bbox 437 1937 673 1980; x_wconf 91' lang='lat' dir='ltr'>hominibus</span> <span class='ocrx_word' id='word_1_192' title='bbox 695 1938 833 1994; x_wconf 90' lang='lat' dir='ltr'>detegi</span> <span class='ocrx_word' id='word_1_193' title='bbox 855 1943 928 1979; x_wconf 87' lang='lat' dir='ltr'>aut</span> <span class='ocrx_word' id='word_1_194' title='bbox 948 1938 1154 1993; x_wconf 85' lang='lat' dir='ltr'>propalari</span> <span class='ocrx_word' id='word_1_195' title='bbox 1176 1938 1417 1979; x_wconf 73' lang='lat' dir='ltr'>³formido.&#39;&#39;</span> 
     </span>
    </p>
   </div>
   <div class='ocr_carea' id='block_1_4' title="bbox 104 2048 1646 2609">
    <p class='ocr_par' dir='ltr' id='par_1_4' title="bbox 155 2048 840 2095">
     <span class='ocr_line' id='line_1_25' title="bbox 155 2048 840 2095; baseline 0.003 -13"><span class='ocrx_word' id='word_1_196' title='bbox 155 2048 166 2069; x_wconf 82' lang='lat'>¹</span> <span class='ocrx_word' id='word_1_197' title='bbox 193 2048 233 2082; x_wconf 92' lang='lat' dir='ltr'>In</span> <span class='ocrx_word' id='word_1_198' title='bbox 251 2048 308 2082; x_wconf 87' lang='lat' dir='ltr'>the</span> <span class='ocrx_word' id='word_1_199' title='bbox 327 2048 423 2083; x_wconf 82' lang='lat' dir='ltr'>Harl.</span> <span class='ocrx_word' id='word_1_200' title='bbox 443 2049 518 2084; x_wconf 82' lang='lat' dir='ltr'>MS.</span> <span class='ocrx_word' id='word_1_201' title='bbox 539 2049 676 2095; x_wconf 82' lang='lat' dir='ltr'>chapter</span> <span class='ocrx_word' id='word_1_202' title='bbox 696 2049 840 2085; x_wconf 84' lang='lat' dir='ltr'>CXLV.</span> 
     </span>
    </p>

    <p class='ocr_par' dir='ltr' id='par_1_5' title="bbox 154 2095 638 2142">
     <span class='ocr_line' id='line_1_26' title="bbox 154 2095 638 2142; baseline 0.004 -14"><span class='ocrx_word' id='word_1_203' title='bbox 154 2099 167 2117; x_wconf 76' lang='lat'>2</span> <span class='ocrx_word' id='word_1_204' title='bbox 188 2095 382 2142; x_wconf 63' lang='lat' dir='ltr'>Quomodo]</span> <span class='ocrx_word' id='word_1_205' title='bbox 412 2096 568 2140; x_wconf 82' lang='lat' dir='ltr'>Quando,</span> <span class='ocrx_word' id='word_1_206' title='bbox 589 2097 638 2130; x_wconf 92' lang='lat' dir='ltr'>H.</span> 
     </span>
    </p>

    <p class='ocr_par' dir='ltr' id='par_1_6' title="bbox 104 2141 1646 2609">
     <span class='ocr_line' id='line_1_27' title="bbox 153 2141 1646 2189; baseline 0.002 -14"><span class='ocrx_word' id='word_1_207' title='bbox 153 2141 166 2162; x_wconf 79' lang='lat'>³</span> <span class='ocrx_word' id='word_1_208' title='bbox 186 2142 370 2188; x_wconf 67' lang='lat' dir='ltr'>Formido]</span> <span class='ocrx_word' id='word_1_209' title='bbox 399 2144 420 2161; x_wconf 80' lang='lat'>“</span> <span class='ocrx_word' id='word_1_210' title='bbox 436 2143 618 2188; x_wconf 77' lang='lat' dir='ltr'>Inter-jecto</span> <span class='ocrx_word' id='word_1_211' title='bbox 644 2142 788 2187; x_wconf 84' lang='lat' dir='ltr'>alicujus</span> <span class='ocrx_word' id='word_1_212' title='bbox 813 2154 918 2177; x_wconf 85' lang='lat' dir='ltr'>morae</span> <span class='ocrx_word' id='word_1_213' title='bbox 944 2144 1063 2189; x_wconf 80' lang='lat' dir='ltr'>spatio,</span> <span class='ocrx_word' id='word_1_214' title='bbox 1083 2155 1161 2177; x_wconf 89' lang='lat' dir='ltr'>cum</span> <span class='ocrx_word' id='word_1_215' title='bbox 1179 2143 1209 2177; x_wconf 91' lang='lat' dir='ltr'>ei</span> <span class='ocrx_word' id='word_1_216' title='bbox 1229 2144 1270 2177; x_wconf 91' lang='lat' dir='ltr'>de</span> <span class='ocrx_word' id='word_1_217' title='bbox 1287 2144 1497 2189; x_wconf 80' lang='lat' dir='ltr'>Angelorum</span> <span class='ocrx_word' id='word_1_218' title='bbox 1516 2144 1646 2178; x_wconf 85' lang='lat' dir='ltr'>visione</span> 
     </span>
     <span class='ocr_line' id='line_1_28' title="bbox 105 2188 1645 2237; baseline 0.002 -15"><span class='ocrx_word' id='word_1_219' title='bbox 105 2188 157 2222; x_wconf 89' lang='lat' dir='ltr'>vel</span> <span class='ocrx_word' id='word_1_220' title='bbox 176 2188 379 2223; x_wconf 82' lang='lat' dir='ltr'>allocutione</span> <span class='ocrx_word' id='word_1_221' title='bbox 397 2189 615 2235; x_wconf 85' lang='lat' dir='ltr'>colloquerer,</span> <span class='ocrx_word' id='word_1_222' title='bbox 630 2190 769 2235; x_wconf 75' lang='lat' dir='ltr'>quaesivi</span> <span class='ocrx_word' id='word_1_223' title='bbox 787 2202 830 2224; x_wconf 86' lang='lat' dir='ltr'>an</span> <span class='ocrx_word' id='word_1_224' title='bbox 847 2190 967 2224; x_wconf 87' lang='lat' dir='ltr'>fuisset</span> <span class='ocrx_word' id='word_1_225' title='bbox 981 2190 1162 2236; x_wconf 82' lang='lat' dir='ltr'>aliquando</span> <span class='ocrx_word' id='word_1_226' title='bbox 1179 2191 1239 2224; x_wconf 81' lang='lat' dir='ltr'>tali</span> <span class='ocrx_word' id='word_1_227' title='bbox 1258 2191 1488 2225; x_wconf 86' lang='lat' dir='ltr'>consolatione</span> <span class='ocrx_word' id='word_1_228' title='bbox 1505 2192 1645 2237; x_wconf 88' lang='lat' dir='ltr'>potitus.</span> 
     </span>
     <span class='ocr_line' id='line_1_29' title="bbox 107 2235 1646 2283; baseline 0.002 -15"><span class='ocrx_word' id='word_1_229' title='bbox 107 2235 174 2278; x_wconf 87' lang='lat' dir='ltr'>Qui</span> <span class='ocrx_word' id='word_1_230' title='bbox 193 2236 410 2281; x_wconf 78' lang='lat' dir='ltr'>respondens,</span> <span class='ocrx_word' id='word_1_231' title='bbox 429 2239 438 2255; x_wconf 88' lang='lat'>‘</span> <span class='ocrx_word' id='word_1_232' title='bbox 454 2237 551 2281; x_wconf 82' lang='lat' dir='ltr'>Ego‚&#39;</span> <span class='ocrx_word' id='word_1_233' title='bbox 567 2237 625 2281; x_wconf 84' lang='lat' dir='ltr'>ait,</span> <span class='ocrx_word' id='word_1_234' title='bbox 645 2239 653 2255; x_wconf 70' lang='lat'><em>⁶</em></span> <span class='ocrx_word' id='word_1_235' title='bbox 667 2237 728 2281; x_wconf 89' lang='lat' dir='ltr'>fili,</span> <span class='ocrx_word' id='word_1_236' title='bbox 747 2237 886 2283; x_wconf 87' lang='lat' dir='ltr'>spiritus</span> <span class='ocrx_word' id='word_1_237' title='bbox 905 2237 1089 2282; x_wconf 84' lang='lat' dir='ltr'>Angelicos</span> <span class='ocrx_word' id='word_1_238' title='bbox 1107 2249 1195 2283; x_wconf 84' lang='lat' dir='ltr'>saepe</span> <span class='ocrx_word' id='word_1_239' title='bbox 1213 2237 1293 2281; x_wconf 84' lang='lat' dir='ltr'>vidi,</span> <span class='ocrx_word' id='word_1_240' title='bbox 1313 2244 1346 2271; x_wconf 90' lang='lat' dir='ltr'>et</span> <span class='ocrx_word' id='word_1_241' title='bbox 1364 2249 1441 2271; x_wconf 89' lang='lat' dir='ltr'>cum</span> <span class='ocrx_word' id='word_1_242' title='bbox 1460 2238 1527 2272; x_wconf 88' lang='lat' dir='ltr'>illis</span> <span class='ocrx_word' id='word_1_243' title='bbox 1547 2238 1646 2272; x_wconf 83' lang='lat' dir='ltr'>verba</span> 
     </span>
     <span class='ocr_line' id='line_1_30' title="bbox 106 2282 1645 2330; baseline 0.002 -15"><span class='ocrx_word' id='word_1_244' title='bbox 106 2283 274 2324; x_wconf 87' lang='lat' dir='ltr'>conserui,</span> <span class='ocrx_word' id='word_1_245' title='bbox 292 2288 325 2316; x_wconf 89' lang='lat' dir='ltr'>et</span> <span class='ocrx_word' id='word_1_246' title='bbox 343 2283 384 2316; x_wconf 77' lang='lat' dir='ltr'>ab</span> <span class='ocrx_word' id='word_1_247' title='bbox 410 2282 477 2316; x_wconf 91' lang='lat' dir='ltr'>illis</span> <span class='ocrx_word' id='word_1_248' title='bbox 502 2283 694 2328; x_wconf 84' lang='lat' dir='ltr'>frequenter</span> <span class='ocrx_word' id='word_1_249' title='bbox 720 2284 899 2327; x_wconf 80' lang='lat' dir='ltr'>auxilium,</span> <span class='ocrx_word' id='word_1_250' title='bbox 919 2284 1112 2326; x_wconf 83' lang='lat' dir='ltr'>consilium,</span> <span class='ocrx_word' id='word_1_251' title='bbox 1130 2284 1357 2330; x_wconf 83' lang='lat' dir='ltr'>solatiumque</span> <span class='ocrx_word' id='word_1_252' title='bbox 1383 2285 1529 2330; x_wconf 87' lang='lat' dir='ltr'>percepi.</span> <span class='ocrx_word' id='word_1_253' title='bbox 1579 2285 1645 2319; x_wconf 83' lang='lat' dir='ltr'>Sed</span> 
     </span>
     <span class='ocr_line' id='line_1_31' title="bbox 105 2329 1645 2377; baseline 0.002 -15"><span class='ocrx_word' id='word_1_254' title='bbox 105 2340 221 2362; x_wconf 86' lang='lat' dir='ltr'>eorum</span> <span class='ocrx_word' id='word_1_255' title='bbox 239 2335 308 2362; x_wconf 89' lang='lat' dir='ltr'>tam</span> <span class='ocrx_word' id='word_1_256' title='bbox 327 2329 477 2363; x_wconf 81' lang='lat' dir='ltr'>crebram</span> <span class='ocrx_word' id='word_1_257' title='bbox 496 2329 761 2377; x_wconf 86' lang='lat' dir='ltr'>visitatione[m]</span> <span class='ocrx_word' id='word_1_258' title='bbox 784 2336 861 2376; x_wconf 85' lang='lat' dir='ltr'>post</span> <span class='ocrx_word' id='word_1_259' title='bbox 878 2330 980 2374; x_wconf 82' lang='lat' dir='ltr'>hujus</span> <span class='ocrx_word' id='word_1_260' title='bbox 998 2331 1278 2376; x_wconf 82' lang='lat' dir='ltr'>inquietationem</span> <span class='ocrx_word' id='word_1_261' title='bbox 1294 2331 1502 2365; x_wconf 89' lang='lat' dir='ltr'>infirmitatis</span> <span class='ocrx_word' id='word_1_262' title='bbox 1520 2332 1618 2365; x_wconf 84' lang='lat' dir='ltr'>amisi</span> <span class='ocrx_word' id='word_1_263' title='bbox 1637 2345 1645 2373; x_wconf 92' lang='lat'>;</span> 
     </span>
     <span class='ocr_line' id='line_1_32' title="bbox 105 2376 1644 2424; baseline 0.003 -16"><span class='ocrx_word' id='word_1_264' title='bbox 105 2376 195 2420; x_wconf 84' lang='lat' dir='ltr'>quia,</span> <span class='ocrx_word' id='word_1_265' title='bbox 222 2382 362 2420; x_wconf 84' lang='lat' dir='ltr'>cogente</span> <span class='ocrx_word' id='word_1_266' title='bbox 387 2376 554 2420; x_wconf 82' lang='lat' dir='ltr'>molestia,</span> <span class='ocrx_word' id='word_1_267' title='bbox 573 2377 756 2422; x_wconf 86' lang='lat' dir='ltr'>compellor</span> <span class='ocrx_word' id='word_1_268' title='bbox 774 2383 807 2410; x_wconf 90' lang='lat' dir='ltr'>et</span> <span class='ocrx_word' id='word_1_269' title='bbox 826 2389 910 2410; x_wconf 84' lang='lat' dir='ltr'>vana</span> <span class='ocrx_word' id='word_1_270' title='bbox 934 2378 1056 2422; x_wconf 83' lang='lat' dir='ltr'>profari</span> <span class='ocrx_word' id='word_1_271' title='bbox 1083 2384 1116 2411; x_wconf 87' lang='lat' dir='ltr'>et</span> <span class='ocrx_word' id='word_1_272' title='bbox 1135 2378 1176 2411; x_wconf 90' lang='lat' dir='ltr'>de</span> <span class='ocrx_word' id='word_1_273' title='bbox 1193 2378 1436 2424; x_wconf 84' lang='lat' dir='ltr'>temporalibus</span> <span class='ocrx_word' id='word_1_274' title='bbox 1462 2379 1644 2413; x_wconf 56' lang='lat' dir='ltr'>meditari?</span> 
     </span>
     <span class='ocr_line' id='line_1_33' title="bbox 106 2422 1644 2469; baseline 0.003 -14"><span class='ocrx_word' id='word_1_275' title='bbox 106 2422 193 2455; x_wconf 86' lang='lat' dir='ltr'>Cum</span> <span class='ocrx_word' id='word_1_276' title='bbox 210 2434 285 2455; x_wconf 79' lang='lat' dir='ltr'>vero</span> <span class='ocrx_word' id='word_1_277' title='bbox 299 2423 559 2467; x_wconf 81' lang='lat' dir='ltr'>interrogassem</span> <span class='ocrx_word' id='word_1_278' title='bbox 577 2423 684 2468; x_wconf 85' lang='lat' dir='ltr'>qualis</span> <span class='ocrx_word' id='word_1_279' title='bbox 699 2429 787 2457; x_wconf 87' lang='lat' dir='ltr'>esset</span> <span class='ocrx_word' id='word_1_280' title='bbox 802 2435 917 2457; x_wconf 89' lang='lat' dir='ltr'>eorum</span> <span class='ocrx_word' id='word_1_281' title='bbox 935 2424 1052 2468; x_wconf 86' lang='lat' dir='ltr'>forma,</span> <span class='ocrx_word' id='word_1_282' title='bbox 1067 2424 1119 2458; x_wconf 89' lang='lat' dir='ltr'>vel</span> <span class='ocrx_word' id='word_1_283' title='bbox 1138 2436 1213 2469; x_wconf 81' lang='lat' dir='ltr'>quae</span> <span class='ocrx_word' id='word_1_284' title='bbox 1233 2425 1279 2458; x_wconf 88' lang='lat' dir='ltr'>illi</span> <span class='ocrx_word' id='word_1_285' title='bbox 1300 2425 1448 2459; x_wconf 80' lang='lat' dir='ltr'>dixerint</span> <span class='ocrx_word' id='word_1_286' title='bbox 1466 2426 1577 2469; x_wconf 66' lang='lat' dir='ltr'>verba,</span> <span class='ocrx_word' id='word_1_287' title='bbox 1592 2426 1644 2459; x_wconf 75' lang='lat' dir='ltr'>vel</span> 
     </span>
     <span class='ocr_line' id='line_1_34' title="bbox 106 2469 1644 2517; baseline 0.003 -16"><span class='ocrx_word' id='word_1_288' title='bbox 106 2469 239 2514; x_wconf 85' lang='lat' dir='ltr'>quando</span> <span class='ocrx_word' id='word_1_289' title='bbox 269 2469 407 2503; x_wconf 83' lang='lat' dir='ltr'>vidisset</span> <span class='ocrx_word' id='word_1_290' title='bbox 438 2469 579 2514; x_wconf 88' lang='lat' dir='ltr'>aliquos,</span> <span class='ocrx_word' id='word_1_291' title='bbox 602 2469 690 2503; x_wconf 86' lang='lat' dir='ltr'>dixit</span> <span class='ocrx_word' id='word_1_292' title='bbox 715 2482 832 2504; x_wconf 89' lang='lat' dir='ltr'>eorum</span> <span class='ocrx_word' id='word_1_293' title='bbox 858 2471 1006 2516; x_wconf 87' lang='lat' dir='ltr'>speciem</span> <span class='ocrx_word' id='word_1_294' title='bbox 1031 2483 1099 2504; x_wconf 93' lang='lat' dir='ltr'>non</span> <span class='ocrx_word' id='word_1_295' title='bbox 1123 2484 1222 2516; x_wconf 85' lang='lat' dir='ltr'>posse</span> <span class='ocrx_word' id='word_1_296' title='bbox 1247 2472 1395 2505; x_wconf 85' lang='lat' dir='ltr'>hominis</span> <span class='ocrx_word' id='word_1_297' title='bbox 1421 2472 1644 2517; x_wconf 81' lang='lat' dir='ltr'>intelligentia</span> 
     </span>
     <span class='ocr_line' id='line_1_35' title="bbox 104 2515 1643 2565; baseline 0.002 -16"><span class='ocrx_word' id='word_1_298' title='bbox 104 2515 355 2560; x_wconf 81' lang='lat' dir='ltr'>comprehendi,</span> <span class='ocrx_word' id='word_1_299' title='bbox 368 2516 428 2549; x_wconf 88' lang='lat' dir='ltr'>sed</span> <span class='ocrx_word' id='word_1_300' title='bbox 439 2528 544 2562; x_wconf 88' lang='lat' dir='ltr'>nuper</span> <span class='ocrx_word' id='word_1_301' title='bbox 556 2516 690 2550; x_wconf 89' lang='lat' dir='ltr'>illorum</span> <span class='ocrx_word' id='word_1_302' title='bbox 703 2517 896 2551; x_wconf 85' lang='lat' dir='ltr'>interfuisse</span> <span class='ocrx_word' id='word_1_303' title='bbox 908 2517 1061 2562; x_wconf 82' lang='lat' dir='ltr'>collegio,</span> <span class='ocrx_word' id='word_1_304' title='bbox 1076 2524 1108 2552; x_wconf 89' lang='lat' dir='ltr'>et</span> <span class='ocrx_word' id='word_1_305' title='bbox 1120 2518 1184 2553; x_wconf 87' lang='lat' dir='ltr'>sibi</span> <span class='ocrx_word' id='word_1_306' title='bbox 1199 2518 1356 2564; x_wconf 84' lang='lat' dir='ltr'>cuiquam</span> <span class='ocrx_word' id='word_1_307' title='bbox 1372 2519 1500 2565; x_wconf 83' lang='lat' dir='ltr'>aperire</span> <span class='ocrx_word' id='word_1_308' title='bbox 1515 2526 1643 2553; x_wconf 83' lang='lat' dir='ltr'>secreta</span> 
     </span>
     <span class='ocr_line' id='line_1_36' title="bbox 105 2562 1017 2609; baseline 0.003 -14"><span class='ocrx_word' id='word_1_309' title='bbox 105 2574 180 2608; x_wconf 82' lang='lat' dir='ltr'>quae</span> <span class='ocrx_word' id='word_1_310' title='bbox 199 2562 354 2597; x_wconf 80' lang='lat' dir='ltr'>dixerant</span> <span class='ocrx_word' id='word_1_311' title='bbox 372 2575 438 2596; x_wconf 90' lang='lat' dir='ltr'>non</span> <span class='ocrx_word' id='word_1_312' title='bbox 455 2563 595 2598; x_wconf 82' lang='lat' dir='ltr'>licere.⁷&#39;</span> <span class='ocrx_word' id='word_1_313' title='bbox 621 2564 733 2598; x_wconf 88' lang='lat' dir='ltr'>Anon.</span> <span class='ocrx_word' id='word_1_314' title='bbox 754 2563 849 2598; x_wconf 83' lang='lat' dir='ltr'>Harl.</span> <span class='ocrx_word' id='word_1_315' title='bbox 867 2564 1017 2609; x_wconf 81' lang='lat' dir='ltr'>Legend.</span> 
     </span>
    </p>
   </div>
  </div>
 </body>
</html>
