1839 3186
174 178 257 219 186
696 186 928 218 LIBELLUS
963 185 1027 217 DE
1063 184 1178 217 VITA

171 291 270 332 dum
303 290 524 342 recederet,
557 290 678 346 petiit
710 295 758 332 ut
787 291 954 345 aliquod
989 306 1128 332 secum
1156 290 1207 331 de
1229 289 1351 331 rebus
1381 288 1508 344 ipsius
1546 288 1623 331 sibi
1653 289 1707 331 ob

169 357 279 400 illius
313 358 556 399 memoriam
578 358 667 399 dari
696 358 918 400 debuisset.
989 357 1052 399 At
1083 358 1180 411 quia
1202 357 1289 412 ipse
1316 356 1418 397 nihil
1443 356 1589 397 habuit
1624 360 1705 397 ter·-

169 440 280 465 renae
302 425 544 466 substantiae
561 425 671 479 quod
694 425 815 466 alicui
832 424 1034 480 potuisset
1056 439 1237 479 erogare,
1260 423 1315 464 ad
1336 423 1472 478 ipsum
1492 419 1702 464 modicum

166 505 317 533 munus
353 491 463 546 quod
485 491 631 532 habuit
668 491 912 546 postulanti,
938 491 1075 532 animo
1100 491 1429 546 congratulante,
1461 489 1701 530 contribuit.

169 557 329 599 Panem
357 559 485 613 igitur
508 558 687 612 aliquem
720 558 852 599 latum
884 573 1006 612 quem
1035 558 1086 599 de
1113 573 1246 599 avena
1278 557 1436 598 factum
1465 556 1626 606 habuit,
1651 555 1703 597 de

165 625 350 679 sportula
376 624 625 680 productum
656 624 715 665 illi
746 624 934 675 tradidit,
970 639 1091 677 quem
1114 629 1155 665 et
1176 624 1262 678 ipse
1288 639 1382 664 eum
1404 621 1490 679 ejus
1510 622 1703 664 benedic-

164 691 276 732 tione
299 691 399 734 satis
419 696 635 747 gratanter
655 691 829 746 accepit.
892 690 1156 745 Veniensque
1187 691 1230 732 in
1256 691 1465 745 regionem
1484 705 1614 740 suam,
1640 689 1700 730 in-

164 756 425 800 firmantibus
456 758 683 812 quibusque
719 757 958 812 petentibus
988 757 1041 798 ab
1070 757 1158 812 ipso
1192 772 1266 812 pro
1300 756 1465 799 Christo
1499 756 1588 797 dari
1622 756 1700 798 sibi

161 839 282 878 opem
303 824 497 878 aliquam,
529 839 679 879 panem
712 824 860 878 ipsum,
898 839 1020 877 quem
1046 829 1216 865 eatenus
1243 827 1570 874 conservaverat,
1605 838 1696 878 pro-

162 890 257 931 ferri
279 890 322 931 in
343 891 527 932 medium
561 890 852 946 praecipiebat3
894 905 1017 944 quem
1055 890 1097 931 in
1124 890 1289 931 nomine
1315 889 1485 931 Domini
1506 889 1537 930 J
1540 905 1624 940 esu,
1657 894 1699 931 et

160 957 266 999 servi
290 957 364 998 Sui
387 958 569 1007 Godrici,
592 957 883 1012 languentibus
902 956 1125 1008 distribuit,
1153 961 1195 999 et
1217 972 1387 998 exorsus
1410 956 1531 1006 dixit,
1555 956 1698 1009 “Quia

160 1023 211 1064 de
233 1039 361 1065 manu
395 1024 502 1066 servi
525 1024 695 1065 Domini
716 1024 774 1064 nil
795 1023 909 1064 aliud
930 1039 1054 1078 quam
1089 1038 1239 1079 panem
1275 1024 1401 1065 istum
1425 1023 1601 1078 percepi,
1623 1038 1698 1065 vos

159 1090 210 1131 de
231 1090 320 1145 ipso
343 1089 517 1147 alicujus
537 1090 751 1145 particulae
773 1090 1004 1145 portionem
1026 1090 1237 1145 percipite,
1261 1105 1341 1144 quo
1363 1090 1562 1131 virtutem
1586 1090 1696 1131 illius

157 1156 199 1197 in
224 1157 340 1199 vobis
360 1159 643 1212 experimento
662 1157 936 1212 probabiliore
958 1157 1123 1212 possitis
1144 1157 1405 1212 agnoscere.''
1476 1156 1544 1196 Sic
1568 1156 1696 1211 igitur

156 1223 242 1278 ipse
266 1224 395 1265 abbas
416 1225 597 1266 veridica
617 1224 815 1265 relatione
845 1223 994 1275 lnobis,
1022 1223 1338 1265 advenientibus
1359 1222 1565 1273 coamicis,
1598 1238 1694 1264 con-

157 1290 292 1331 suevit
328 1306 507 1332 asserere
533 1291 768 1345 quindecim
790 1290 991 1345 ssaegrotos
1023 1290 1186 1332 diversa
1209 1290 1445 1331 laborantes
1465 1289 1694 1330 valitudine

156 1363 392 1411 compertus
429 1363 491 1399 est
528 1373 602 1412 per
622 1372 737 1399 esum
768 1358 885 1412 panis
914 1357 1023 1399 illius
1055 1357 1226 1398 sanitati
1262 1356 1446 1412 pristinae
1479 1356 1695 1397 restitutos

154 1423 278 1465 fuisse
296 1441 306 1472 3
340 1429 465 1478 atque
487 1424 635 1479 singuli
654 1423 801 1478 quique
828 1423 991 1464 illorum
1012 1424 1080 1477 qui
1101 1424 1163 1464 ita
1179 1423 1511 1478 ³languaverant,
1529 1423 1691 1464 insana-

153 1490 225 1531 bili
247 1505 416 1545 prorsus
438 1489 693 1532 infirmitatis
713 1505 863 1545 genere
886 1490 1111 1531 laborando
1134 1490 1188 1531 ad
1208 1494 1387 1530 mortem
1408 1489 1541 1544 ipsam
1563 1504 1691 1543 usque

154 1572 257 1611 pene
291 1557 553 1606 defeeerant;
588 1572 762 1611 quorum
801 1555 1056 1598 infirmitatis
1085 1572 1238 1611 genera
1269 1556 1433 1597 diversa
1464 1556 1691 1596 innodatis-

154 1623 304 1664 simum
337 1624 374 1664 ei
407 1630 495 1665 erat
518 1639 736 1678 exponere,
767 1624 883 1665 nobis
903 1638 999 1665 vero
1030 1623 1240 1665 oneratius
1263 1622 1476 1679 prolixiori
1497 1637 1691 1678 prosecu-

154 1691 265 1731 tione
287 1696 437 1732 euncta
457 1690 727 1732 4describere.

152 1981 237 2006 CAP.
265 1981 422 2006 LXXXV.
492 1981 660 2011 QUANTA
692 1981 872 2010 DENIQUE
902 1981 1089 2006 CORPORIS
1119 1981 1360 2006 DEBILITATE
1390 1981 1584 2008 DETRITUS
1614 1983 1686 2018 SIT,

210 2048 258 2072 ΕΤ
288 2047 482 2077 QUOMODO
525 2048 577 2072 EA
619 2048 710 2077 QUAE
742 2047 939 2073 EXTERIUS
972 2048 1229 2083 AGEBANTUR,
1263 2048 1315 2073 ΑΒ
1346 2047 1394 2072 ΕΟ
1425 2047 1690 2075 VIDEBANTUR

212 2115 259 2139 ET
289 2114 605 2140 CONSIDENTIBUS
637 2114 689 2139 AB
725 2115 773 2139 ΕΟ
804 2097 1163 2139 DETEGEBANTUR.5

213 2213 234 2267 ᾗ
261 2211 358 2257 178.
397 2213 571 2253 MAGNAE
598 2212 773 2267 denique
809 2212 946 2254 aetatis
975 2212 1087 2254 senio
1116 2220 1411 2268 succrescente,
1442 2217 1564 2272 coepit
1586 2232 1685 2272 pau-

154 2280 272 2321 latim
293 2279 356 2321 vir
375 2279 455 2320 Dei
479 2280 585 2321 vires
613 2279 844 2334 corporales
880 2280 1100 2328 amittere3
1134 2285 1177 2321 at
1208 2285 1349 2323 tamen
1385 2283 1686 2338 aliquantulum

204 2379 211 2397 ¹
236 2377 368 2424 Nobis]
397 2378 509 2412 Nobis
528 2384 571 2421 et,
593 2379 642 2412 H.
1057 2378 1070 2397 ²
1086 2378 1274 2426 AEgrotos.]
1302 2381 1400 2426 See§
1421 2383 1499 2416 129.

199 2426 213 2446 ³
233 2425 522 2469 Languavermzt]
548 2424 774 2468 Languerant,
796 2424 844 2459 H.

199 2472 210 2491 ⁴
231 2471 453 2516 Des-cribrare]
488 2471 561 2504 The
596 2470 691 2504 Harl.
718 2481 928 2515 anonymous
960 2469 1083 2515 legend
1112 2470 1191 2504 thus
1222 2479 1371 2507 narrates
1404 2475 1472 2509 this
1507 2475 1658 2509 incident
1675 2488 1682 2510 :

152 2518 334 2560 “Quidam
352 2517 456 2551 abbas
475 2517 616 2550 Griseus
635 2516 812 2550 discedens
830 2516 871 2549 ab
890 2528 929 2549 eo
946 2517 1044 2561 petiit
1062 2517 1125 2550 sibi
1152 2517 1280 2562 aliquid
1307 2519 1377 2552 dari
1395 2521 1484 2565 quod
1509 2527 1623 2566 posset
1641 2522 1683 2555 ad

152 2565 259 2610 ipsius
275 2564 399 2597 habere
417 2563 633 2604 memoriam;
659 2563 716 2607 qui
731 2562 815 2595 nihil
833 2562 926 2596 aliud
943 2563 1070 2596 habens
1084 2575 1154 2608 prae
1167 2565 1335 2608 manibus,
1350 2578 1471 2611 panem
1485 2568 1683 2601 avenacium

152 2611 246 2644 dedit
269 2611 312 2644 ei.
375 2610 438 2643 Ille
466 2621 587 2655 panem
614 2615 784 2654 gratanter
810 2609 964 2653 accepit3
990 2615 1023 2642 et
1051 2621 1127 2642 cum
1147 2611 1292 2644 venisset
1319 2612 1353 2644 in
1380 2613 1550 2658 regionem
1575 2626 1683 2658 suam,

153 2658 251 2702 aegris
279 2657 375 2690 illum
402 2657 456 2701 pic
487 2656 669 2699 distribuit,
699 2655 835 2689 dicens:
872 2657 880 2673 ‘
896 2655 936 2688 In
966 2656 1103 2688 nomine
1134 2656 1271 2690 Domini
1301 2658 1397 2701 Jesu,
1425 2665 1458 2692 et
1483 2661 1568 2693 servi
1600 2660 1686 2704 Ejus

153 2704 304 2744 Godriei,
317 2704 505 2749 portionem
523 2703 624 2745 hujus
643 2702 740 2747 panis
757 2702 900 2746 accipite
918 2714 925 2743 ;
952 2707 989 2734 ut
1004 2701 1161 2734 virtutem
1176 2703 1282 2747 ipsius
1297 2704 1329 2737 in
1347 2705 1439 2738 vobis
1453 2707 1686 2751 experimento

154 2751 291 2795 possitis
309 2749 515 2794 agnoscere.⁷
567 2749 690 2782 Postea
707 2760 784 2781 vero
802 2748 899 2780 nobis
917 2748 1020 2780 abbas
1047 2747 1103 2780 ille
1121 2750 1277 2793 narravit,
1297 2751 1489 2795 quindecim
1508 2753 1684 2798 languidos

156 2796 296 2829 diversis
314 2796 505 2829 morborum
523 2795 703 2839 generibus
723 2794 952 2828 insanabiliter
970 2794 1171 2839 laborantes,
1189 2796 1246 2840 qui
1265 2808 1371 2842 usque
1385 2798 1427 2831 ad
1440 2805 1583 2833 mortem
1600 2811 1685 2845 pene

155 2842 357 2885 defecerant,
376 2842 434 2875 illo
453 2854 537 2887 pane
556 2841 726 2875 sanatos.''

198 2890 209 2907 ⁵
238 2889 276 2922 ln
295 2888 351 2922 the
371 2888 468 2922 Harl.
489 2888 564 2922 MS.
585 2888 723 2933 chapter
743 2887 881 2921 XCIII.
