1839 3186
516 220 575 250 ET
611 219 879 252 MIRACULIS
916 220 951 252 s.
978 220 1196 251 GODRlcr.
1568 211 1619 249 81

93 328 133 362 et
156 324 194 364 in
220 325 343 365 ollam
379 327 622 381 composuit,
647 332 687 366 et
711 327 863 380 absque
899 327 1031 366 omnis
1053 325 1160 375 salis,
1187 326 1248 367 vel
1281 326 1511 381 leguminis,
1535 329 1620 369 sive

90 389 222 444 adipis
261 392 539 432 commixtura
580 393 777 440 decoxit3
816 392 1007 445 factaque
1040 392 1112 432 tali
1151 398 1329 443 coctura,
1360 409 1432 447 per
1467 394 1619 434 hebdo-

89 456 233 497 madas
272 472 389 499 senas
430 459 495 500 vel
527 463 747 512 quaternas
780 474 870 499 eam
909 473 990 498 non
1031 459 1217 512 contigit,
1264 460 1336 499 sed
1377 460 1618 512 diutissime,

90 536 299 577 quousque
319 524 492 575 foeteret,
517 540 753 567 exarescere
788 531 829 566 et
863 525 1102 579 refrigerare
1120 525 1321 579 permisit.
1394 526 1499 567 Cum
1522 542 1618 567 vero

88 602 172 641 prae
218 590 361 631 foetore
416 592 637 646 squaleret,
680 598 721 633 et
765 592 893 633 nimia
933 596 1139 633 vetustate
1189 593 1468 641 emarcuisset,
1519 599 1619 633 tunc

89 654 256 697 demum
300 658 342 698 in
382 659 564 700 minutas
605 659 709 713 pilas
751 663 792 699 et
832 658 1031 699 rotundas
1075 672 1143 698 eas
1178 660 1420 713 composuit,
1456 666 1496 699 et
1538 660 1621 700 suis

86 721 228 763 usibus
249 725 532 773 conservavit;
568 726 748 779 itemque
784 725 888 780 pilas
919 740 1019 779 quas
1048 724 1239 766 effecerat
1271 725 1313 765 in
1336 741 1443 779 aqua
1473 726 1618 766 eadem

87 789 300 841 squalente
342 792 581 848 reponebat,
616 807 692 832 nec
719 792 939 846 aliquando
976 806 1045 833 eas
1077 791 1119 831 in
1152 806 1259 845 aqua
1290 793 1517 833 recentiore
1553 792 1618 834 vel

85 853 318 910 limpidiore
360 858 558 899 diluebat.
620 858 775 899 Postea
812 874 908 900 vero
946 858 1042 899 talis
1083 864 1259 898 cocturae
1293 860 1510 899 materiam
1544 874 1618 913 pro

87 921 195 962 olere
213 924 277 964 vel
299 924 505 979 legumine
527 925 687 974 habuit,
710 932 751 966 et
774 925 937 979 quando
959 925 1088 965 nimia
1108 924 1173 965 vel
1193 926 1359 979 gravior
1378 930 1617 980 perurgeret

85 987 235 1039 inedia,
269 1006 360 1031 eam
391 991 605 1031 comedere
637 992 863 1033 consuevit.
927 992 1112 1045 Eratque
1149 1006 1202 1031 ex
1240 992 1382 1032 foetore
1419 992 1616 1032 diuturno

84 1054 206 1096 nimis
233 1057 420 1110 squalida
451 1062 492 1097 et
531 1057 764 1108 faeculenta,
800 1063 945 1112 utpote
979 1073 1032 1098 ex
1065 1072 1217 1111 aquoso
1254 1058 1425 1099 humore
1461 1058 1617 1099 diutius

84 1125 221 1163 stante
252 1123 317 1164 vel
353 1124 553 1178 adoperto
590 1124 702 1165 intus
734 1125 799 1165 vel
832 1125 1019 1179 superius
1050 1129 1090 1164 et
1124 1123 1292 1165 inferius
1332 1130 1422 1165 tota
1441 1125 1613 1172 viscosa,

84 1194 248 1239 canuta,
270 1189 434 1244 hispida
461 1196 585 1244 atque
608 1191 764 1232 villosa.
827 1190 955 1247 Cujus
989 1190 1160 1231 canities
1196 1190 1237 1230 in
1278 1190 1492 1244 superficie
1526 1196 1616 1231 tota

82 1253 211 1306 pilosa
245 1257 420 1307 exstitit,
451 1272 574 1310 quam
602 1272 654 1298 ex
683 1258 879 1299 marcoris
912 1258 1102 1312 longaeva
1135 1256 1354 1298 sterilitate
1392 1258 1614 1297 contraxit.

85 1319 180 1361 Hoc
201 1323 367 1376 quidem
404 1338 507 1378 opus
533 1329 690 1365 naturae
714 1329 788 1373 est,
811 1330 858 1365 ut
889 1324 932 1365 id
960 1324 1070 1378 quod
1107 1338 1215 1377 aqua
1251 1329 1388 1365 stante
1413 1325 1615 1364 occulitur

82 1392 199 1428 motu
235 1389 439 1443 frequenti
483 1390 631 1444 saepius
671 1391 938 1431 immutatum
984 1406 1066 1431 non
1103 1395 1179 1431 est.
1268 1390 1448 1430 Tamdiu
1488 1391 1615 1445 igitur

82 1452 317 1509 hujusmodi
372 1462 549 1497 coeturae
583 1457 792 1511 legumina
837 1457 1075 1508 custodivit,
1115 1471 1325 1511 quousque
1371 1472 1463 1498 esus
1505 1456 1614 1497 illius

82 1519 319 1563 alimoniam
342 1524 543 1563 vermium
562 1523 612 1563 de
634 1538 682 1564 ea
703 1524 928 1564 multitudo
950 1523 1177 1565 scaturiens
1198 1523 1364 1577 penitus
1385 1521 1614 1578 abjurando

84 1585 316 1642 denegavit,
347 1595 446 1630 tunc
468 1605 608 1631 rursus
643 1590 768 1630 aliam
799 1590 944 1631 eodem
979 1605 1128 1645 genere
1165 1590 1241 1630 sibi
1276 1590 1537 1644 composuit,
1573 1593 1613 1630 et

82 1655 320 1710 praescripto
342 1656 484 1697 ordine
510 1656 561 1697 de
579 1656 650 1698 illa
666 1657 855 1698 similiter
879 1656 1038 1698 efficere
1063 1655 1074 1676 ¹
1091 1656 1341 1711 procuravit.

83 1945 171 1970 CAP.
195 1946 314 1971 XXXI.
382 1948 433 1972 DE
455 1949 578 1977 QUALI
600 1950 738 1975 MENSA
760 1949 870 1975 CIBOS
895 1949 1132 1982 SUMPSERIT‚
1155 1948 1231 1973 VEL
1267 1948 1434 1976 QUANTA
1458 1946 1611 1971 DISSEN—

82 2011 214 2037 '1¹10le
237 2014 482 2040 ALTERCATIO
505 2016 628 2041 INTER.
649 2017 841 2041 SPIRITUM
874 2017 923 2041 ET
944 2016 1112 2042 CARNEM
1143 2014 1291 2040 SAEPHJS
1322 2014 1480 2039 EXORTA
1507 2013 1577 2037 SIT·
1598 1996 1611 2016 Q

146 2115 166 2168 ᾗ
194 2113 259 2157 71.
295 2115 473 2167 Quorffls
490 2110 605 2157 ³oi·ta
625 2116 734 2157 fame
754 2115 896 2157 esuriit
918 2114 1071 2156 talibus
1088 2114 1362 2156 condimentis
1384 2114 1613 2155 diutissime

81 2194 178 2220 usus
200 2186 274 2231 est,
304 2196 380 2222 nec
417 2183 508 2223 aliis
529 2183 705 2232 ferculis,
730 2182 919 2232 cocturiS,
955 2195 1026 2222 seu
1063 2180 1219 2221 deliciis
1254 2185 1512 2222 sustentatus
1534 2184 1609 2220 est.

86 2245 134 2285 In
159 2247 303 2288 diebus
327 2248 406 2289 illis
431 2263 611 2297 caseum,
634 2250 714 2290 mel
728 2254 800 2289 aut
816 2249 1016 2303 butyrum
1040 2261 1120 2287 non
1144 2248 1336 2296 comedit,
1357 2262 1431 2287 nec
1456 2245 1611 2300 aliquid

81 2312 193 2353 aliud
214 2314 323 2368 quod
344 2315 488 2356 mortis
523 2330 662 2370 poenas
699 2314 969 2362 sustinuerit,
1005 2313 1078 2355 sed
1113 2313 1186 2355 tali
1218 2314 1355 2354 edulio
1378 2317 1610 2362 contentus,

126 2458 136 2478 ¹
157 2458 389 2505 Procuravit]
410 2460 430 2477 “
442 2459 603 2503 Agrestes
622 2458 724 2491 etiam
743 2463 776 2490 et
794 2457 964 2490 silvestres
981 2455 1102 2488 herbas
1121 2455 1269 2500 collegit,
1288 2467 1370 2500 quas
1385 2461 1484 2488 acuto
1502 2453 1615 2498 lapide

80 2502 212 2548 lignove
231 2505 404 2549 dissecuit,
432 2505 526 2549 (quia
543 2504 669 2537 ferrum
686 2516 725 2537 eo
743 2510 894 2548 tempore
912 2513 978 2535 non
996 2501 1153 2544 habebat,
1179 2508 1300 2547 praeter
1317 2501 1478 2535 rusticani
1505 2499 1614 2544 operis

79 2550 330 2596 instrumenta,)
358 2557 390 2584 et
416 2551 463 2584 ita
487 2551 647 2583 contritas
673 2550 707 2583 in
733 2561 831 2594 aqua,
857 2549 930 2582 sine
955 2548 1035 2581 salis
1060 2547 1284 2590 admixtione,
1313 2548 1463 2581 decoxit.
1516 2546 1615 2578 Hanc

80 2596 311 2631 decoctionem
328 2609 387 2643 per
404 2608 465 2631 sex
484 2597 535 2629 vel
554 2602 696 2641 quatuor
713 2596 920 2641 septimanas
945 2594 1040 2639 quasi
1066 2594 1260 2638 refrigerare
1284 2594 1450 2639 permisit,
1478 2598 1511 2625 et
1536 2598 1617 2624 tunc

81 2642 217 2676 demum
235 2644 269 2676 in
287 2644 373 2688 pilas
391 2643 553 2688 quasdam
571 2654 689 2688 parvas
708 2641 935 2686 rotundasque
960 2641 1162 2685 composuit.
1212 2640 1304 2673 Pilas
1332 2651 1408 2673 vero
1433 2639 1467 2671 in
1497 2637 1612 2670 eadem

80 2700 165 2734 aqua
187 2691 259 2733 jam
284 2690 425 2723 foetente
447 2690 607 2734 reposuit,
635 2688 741 2722 donec
765 2700 820 2721 eas
842 2688 917 2720 loco
945 2686 1127 2731 leguminis
1155 2692 1213 2720 aut
1240 2686 1350 2729 oleris,
1377 2684 1476 2718 famis
1504 2682 1617 2716 inedia

79 2742 231 2780 cogente,
249 2735 451 2769 comederet.
503 2735 709 2778 Hujusmodi
736 2739 907 2767 cocturam
933 2744 972 2766 eo
998 2743 1104 2777 usque
1129 2732 1283 2765 servabat
1309 2731 1398 2776 quod
1423 2741 1509 2773 eam,
1528 2729 1616 2762 natis

80 2781 158 2814 inde
176 2782 380 2823 vermiculis,
406 2781 616 2815 abhorrebat.
669 2781 765 2814 Tunc
791 2779 903 2823 aliam,
928 2778 1046 2812 eadem
1072 2784 1142 2812 arte
1168 2790 1261 2821 usus,
1288 2777 1411 2820 effecit,
1438 2781 1471 2809 et
1497 2775 1614 2808 eodem

81 2827 196 2860 ordine
213 2827 440 2872 procuravit.”
465 2828 578 2861 Anon.
598 2827 693 2860 Harl.
713 2827 789 2860 MS.

125 2874 138 2892 ²
157 2873 195 2906 In
214 2874 271 2906 the
293 2873 386 2908 Harl.
404 2873 480 2906 MS.
499 2873 637 2917 chapter
656 2872 817 2906 XXXII.

125 2920 137 2940 ³
159 2919 245 2953 Orta
266 2946 272 2952 .
294 2946 301 2952 .
321 2946 327 2953 .
343 2919 521 2953 diutissime
539 2919 552 2964 ]
581 2919 663 2952 Orta
679 2919 769 2952 fame
786 2917 911 2952 talibus
929 2916 1154 2950 condimentis
1173 2915 1375 2958 diutissime,
1398 2914 1445 2950 H.

1396 2993 1420 3017 G
