1839 3186
199 166 283 205 480
720 173 955 206 LIBELLUS
992 174 1055 208 DE
1091 174 1206 205 VITA

199 278 368 334 quidam
390 278 618 320 dominium
643 279 856 334 possidens
878 279 1029 320 villulae
1050 294 1139 333 quae
1162 278 1314 320 dicitur
1336 278 1589 336 Hessepelle,
1611 275 1729 333 gravi

198 346 342 386 morbo
357 351 570 400 correptus
593 345 640 386 ¹a
655 346 762 387 festo
778 345 975 386 Omnium
991 345 1238 386 Sanctorum
1252 361 1379 400 usque
1396 345 1450 386 ad
1463 346 1728 387 nativitatem

200 412 345 453 Sancti
376 411 407 452 J
411 412 585 453 ohannis
615 411 818 467 Baptistae
848 412 1068 467 languidus
1099 413 1206 453 lecto
1239 411 1447 462 decubuit,
1479 418 1520 454 et
1547 428 1621 467 per
1642 413 1730 453 dies

199 478 338 519 dolore
360 484 568 519 crescente
590 484 631 519 et
653 478 896 533 aegritudine
918 494 990 533 per
1006 483 1231 533 augmenta
1253 479 1401 519 diurna
1422 479 1632 528 saeviente,
1650 479 1729 520 sibi

199 549 241 586 et
277 545 466 585 omnibus
503 544 770 599 desperabilis
806 545 981 586 exstitit.
1045 544 1178 586 Omne
1215 545 1418 599 siquidem
1459 560 1605 600 corpus
1641 543 1728 600 ejus
1765 553 1770 556 '

198 616 361 652 tumore
382 611 613 652 incredibili
635 611 965 659 extendebatur3
1000 616 1041 651 et
1064 611 1097 652 si
1119 610 1217 665 quid
1238 611 1280 652 in
1302 626 1393 652 esus
1409 611 1724 666 percipiebatur,

199 677 442 733 indignante
466 678 695 725 stomacho,
717 681 809 731 post
831 677 1094 719 intervallum
1115 677 1325 719 modicum
1344 676 1618 732 rejiciebatur.
1668 677 1727 718 Et

198 749 399 799 praeterea
425 748 557 798 guttae
579 743 763 784 erratiles
791 759 863 798 per
886 748 1054 785 artuum
1082 744 1345 799 compagines
1372 744 1623 785 incessanter
1645 744 1728 785 dis-

200 810 434 860 currebant,
459 815 500 850 et
528 810 732 864 singultus
760 809 884 851 tussis
916 810 1096 852 siccioris
1124 810 1277 851 frustra
1307 810 1622 865 sanguinolenta
1653 825 1727 865 pro

200 876 330 918 saliva
351 875 497 931 ejicere
526 881 836 927 consueverant,
859 876 968 917 unde
997 892 1038 918 se
1060 876 1114 918 ad
1138 877 1239 918 nihil
1263 877 1445 918 habilem
1471 876 1632 926 habuit,
1656 875 1728 930 sed

200 942 333 984 omnis
353 942 486 984 virtus
506 943 699 984 movendi
721 958 763 984 se
783 957 834 984 ex
857 942 1030 984 aliorum
1047 958 1123 999 ope
1145 948 1187 984 et
1207 943 1397 984 manibus
1419 943 1455 984 ei
1476 942 1568 984 fuit.
1609 942 1640 983 J
1642 958 1728 984 am-

201 1025 278 1063 que
300 1009 387 1050 sola
415 1024 525 1050 mors
552 1010 723 1064 patebat
745 1009 787 1050 in
800 1008 955 1065 januis,
979 1025 1068 1064 quae
1098 1016 1139 1051 et
1161 1011 1197 1052 ei
1218 1010 1261 1051 in
1290 1010 1479 1065 proximo
1513 1009 1728 1050 imminere

200 1076 522 1131 promittebatur
543 1091 568 1116 a
588 1076 773 1118 medicis.
836 1075 1024 1130 Denique
1046 1076 1196 1118 feretro
1218 1077 1458 1131 composito,
1482 1091 1524 1118 se
1547 1075 1597 1117 de
1618 1075 1727 1117 intro

200 1142 297 1197 poni
327 1142 551 1198 praecepit3
587 1147 628 1183 et
659 1143 773 1197 equis
806 1142 921 1196 quasi
950 1143 1003 1196 ad
1040 1159 1205 1184 currum
1241 1143 1476 1197 subpositis,
1506 1142 1560 1183 ad
1596 1142 1729 1197 sepul-

201 1209 346 1250 chrum
380 1209 455 1250 viri
489 1209 569 1250 Dei
605 1224 647 1250 se
683 1209 839 1264 portari
874 1209 1000 1257 fecit;
1034 1210 1144 1250 unde
1177 1209 1368 1251 manibus
1402 1208 1729 1250 ministrantium

201 1275 347 1325 elatus,
372 1290 487 1317 secus
516 1277 705 1317 tumbam
734 1274 821 1330 ejus
849 1280 910 1317 est
932 1276 1150 1330 repositus.
1213 1276 1294 1328 Qui
1324 1281 1544 1330 postquam
1574 1275 1728 1316 multas

201 1341 258 1382 ibi
290 1343 497 1384 orationes
526 1342 742 1392 effuderat,
756 1341 847 1397 jam
875 1342 1037 1384 lassatis
1058 1342 1212 1384 viribus
1243 1342 1371 1396 quieti
1401 1342 1588 1383 membra
1613 1341 1729 1382 laxa-

200 1413 347 1457 verat,
382 1414 424 1450 et
446 1424 552 1459 ecee,
576 1409 627 1450 de
661 1423 804 1450 somno
835 1424 1083 1464 consurgens
1109 1424 1150 1450 se
1179 1408 1440 1450 sanissimum
1468 1408 1662 1463 repperit,
1685 1412 1727 1448 et

200 1489 299 1515 mox
322 1490 363 1516 se
386 1476 545 1531 erigens
574 1480 615 1517 et
637 1475 915 1530 progrediens,
940 1475 990 1516 de
1019 1475 1150 1517 salute
1181 1475 1281 1516 data
1311 1474 1388 1516 sibi
1419 1479 1507 1516 tam
1537 1474 1659 1515 celeri
1686 1479 1728 1515 et

200 1541 391 1583 omnibus
411 1542 626 1596 inopinata
642 1541 733 1582 Deo
750 1546 791 1582 et
810 1541 964 1582 Sancto
983 1541 1067 1583 Suo
1087 1541 1243 1597 gratias
1262 1541 1510 1596 multiplices
1531 1540 1726 1591 reddidit,

201 1622 403 1662 sanusque
425 1608 479 1649 ad
499 1608 665 1663 propria
684 1607 824 1657 rediit,
847 1613 971 1662 atque
1002 1608 1143 1649 feretri
1164 1608 1399 1649 vehiculum
1430 1623 1509 1661 quo
1532 1607 1729 1649 devectus

199 1674 348 1724 fuerat,
368 1674 424 1715 ibi
446 1674 487 1715 in
509 1676 616 1716 tanti
637 1674 921 1716 testimonium
942 1675 1130 1715 miraculi
1152 1674 1381 1728 dereliquit.
1425 1673 1547 1726 Quod
1568 1673 1619 1714 ab
1641 1673 1729 1728 ipso

202 1740 412 1781 Richardo
436 1746 476 1782 et
498 1741 640 1783 multis
660 1740 763 1791 aliis,
785 1740 854 1795 qui
876 1756 970 1782 eum
990 1741 1181 1783 viderant
1198 1745 1239 1781 et
1260 1739 1473 1795 languenti
1494 1739 1726 1789 astiterant,

200 1821 283 1847 non
305 1822 376 1861 pro
398 1807 545 1849 minori
565 1807 756 1849 habitum
778 1811 840 1849 est
860 1808 1059 1849 miraculo
1083 1821 1207 1862 quam
1228 1807 1261 1849 si
1283 1807 1498 1862 eripuisset
1516 1811 1728 1847 mortuum

202 1872 253 1914 de
275 1874 503 1928 sepulchro.

241 2037 381 2063 CCXXV.
413 2037 466 2062 DE
496 2038 642 2064 SPONSA
675 2039 896 2068 QUINDENIS
927 2039 1051 2064 ANNIS
1082 2039 1204 2073 CAECA,
1238 2039 1330 2068 QUAE
1361 2039 1455 2064 TREs
1486 2037 1611 2063 FILIOS
1642 2037 1685 2061 IN

221 2104 308 2130 IPSA
340 2104 543 2129 CAECITATE
574 2105 756 2140 PEPERIT,
789 2106 838 2130 ET
869 2106 925 2130 IBI
956 2105 1079 2131 FILIOS
1110 2105 1258 2130 VIDENS
1289 2105 1338 2129 ΕΤ
1368 2104 1495 2131 VISUM
1526 2104 1706 2129 RECEPIT.

262 2188 404 2242 §Glak
440 2188 673 2228 MULIEREM
716 2188 792 2228 sibi
833 2193 1137 2243 competentem
1178 2189 1346 2242 quidam
1385 2187 1448 2229 vir
1484 2187 1535 2228 de
1577 2185 1727 2228 Riche-

201 2253 517 2309 mundeschyre,
554 2254 596 2295 in
634 2254 801 2309 Gilling,
838 2269 951 2295 more
987 2255 1163 2309 nuptiali
1202 2255 1493 2310 copulaverat;
1528 2268 1617 2308 quae
1655 2267 1728 2307 per

202 2334 331 2360 annos
370 2320 526 2373 aliquot
563 2320 662 2361 satis
698 2321 889 2375 operibus
921 2321 1111 2362 foecunda
1146 2326 1187 2362 et
1224 2321 1408 2362 omnium
1448 2320 1727 2361 membrorum

205 2385 357 2427 virtute
379 2385 644 2440 integerrima
665 2401 758 2427 cum
782 2387 867 2428 viro
889 2402 961 2428 suo
983 2392 1278 2442 permanserat.
1332 2387 1443 2439 Quos
1465 2385 1561 2441 quia
1582 2383 1727 2426 Domi-

202 2466 279 2492 nus
312 2451 417 2492 forte
450 2453 651 2507 castigare
681 2452 823 2502 voluit,
852 2453 973 2494 unius
1008 2454 1151 2494 morbo
1186 2458 1408 2507 utrumque
1444 2451 1655 2507 corripuit,
1685 2455 1726 2491 et

202 2517 363 2558 mulieri
391 2517 598 2572 praedictae
631 2518 860 2559 caecitatem
888 2518 1084 2567 incussit,
1118 2535 1215 2560 nam
1242 2519 1305 2561 vir
1334 2519 1495 2560 mulieri
1529 2532 1646 2572 aeque
1678 2520 1726 2557 ut

202 2583 279 2624 sibi
308 2583 533 2634 condoluit,
557 2584 652 2638 quia
680 2599 773 2625 caro
801 2584 983 2626 mulieris
1004 2585 1079 2626 viri
1105 2585 1334 2627 subsidium
1361 2584 1453 2635 fuit,
1469 2583 1596 2640 juxta
1615 2582 1726 2623 2Do-

201 2649 302 2690 mini
324 2654 575 2704 praeceptum
595 2668 605 2699 3
641 2650 736 2704 quia
758 2650 889 2692 virum
912 2655 952 2691 et
975 2650 1196 2701 foeminam,
1213 2651 1255 2691 in
1276 2666 1402 2692 unam
1424 2665 1589 2691 carnem
1610 2649 1724 2698 duos,

201 2742 333 2786 monks,
352 2743 427 2776 who
451 2743 646 2777 afterwards
672 2743 795 2777 settled
819 2749 852 2776 at
877 2743 1041 2776 Finchale
1069 2744 1195 2777 certain
1219 2743 1316 2777 lands
1339 2750 1372 2777 at
1397 2743 1557 2777 Heswell.
1608 2742 1725 2786 Priory

202 2789 240 2821 of
254 2788 427 2832 Finchalc,
447 2801 480 2833 p.
501 2792 554 2823 12.
607 2789 691 2823 This
708 2801 776 2822 was
793 2789 957 2834 probably
973 2790 1031 2823 the
1048 2789 1235 2823 individua]
1252 2789 1447 2823 mentioned
1465 2790 1499 2822 in
1517 2789 1575 2822 the
1593 2793 1678 2822 text.

252 2835 259 2854 ¹
286 2834 418 2878 Ajbsto
439 2835 593 2869 Omnium
613 2836 645 2870 S.
696 2836 784 2869 That
802 2836 841 2879 is,
860 2836 945 2868 from
967 2839 1017 2869 lst
1034 2836 1230 2870 November
1248 2842 1282 2869 to
1300 2836 1382 2869 24th
1400 2836 1501 2870 June.

248 2881 261 2899 ²
289 2880 429 2914 Domini
441 2835 666 2928 pra’ceptum]
695 2882 818 2915 Matth.
841 2884 892 2925 19,
912 2884 943 2916 5.
