1839 3186
186 179 269 219 300
713 184 948 217 LIBELLUS
980 184 1045 216 DE
1079 185 1196 216 VITA

182 292 373 342 reditate,
408 287 682 332 contentionis
709 288 880 330 diutinae
912 288 1035 331 finem
1064 289 1271 338 faciebat3
1305 293 1445 342 atque,
1466 291 1513 329 ut
1544 286 1606 329 vir
1636 286 1717 327 Dei

183 357 384 400 occultius
428 356 763 412 praesignaverat,
800 355 938 397 omnia
972 356 1030 398 sie
1071 371 1209 398 coram
1256 355 1445 398 omnibus
1484 353 1719 410 provenisse

186 426 197 448 ¹
206 424 430 482 gaudebat.

243 710 331 736 CAP.
356 709 492 735 CLVIII.
524 708 726 738 QUALITER
747 709 876 734 FLATU
905 708 1033 734 ILLIUS
1052 709 1192 735 TUMOR
1216 708 1361 734 GRAVIS
1383 708 1647 744 ABSCESSERIT,
1672 708 1720 732 ET

481 775 683 804 QUALITER
707 773 799 801 POST
820 775 1128 801 COMMUNIONEM
1150 758 1439 801 CANTAVERIT.“⁷

254 875 272 928 §
292 876 388 917 283.
426 874 587 915 TAcTus
609 872 849 915 infirmitate
885 874 1129 930 gravissima
1165 875 1207 917 in
1244 874 1367 916 3cella
1389 873 1464 915 viri
1488 872 1568 915 Dei
1588 872 1717 914 frater

187 942 355 997 quidam
391 940 610 996 languidus
647 940 853 992 accubuit,
886 942 955 995 qui
987 942 1023 983 ei
1064 941 1282 996 aegrotanti
1324 945 1485 983 sacrata
1518 939 1719 995 mysteria

188 1009 393 1050 celebrare
417 1007 642 1048 consuevit.
704 1007 834 1048 Tibiae
856 1008 1050 1049 nimirum
1075 1007 1161 1064 ejus
1182 1008 1235 1049 ad
1250 1008 1381 1049 talum
1403 1006 1571 1048 inferius
1591 1020 1719 1061 usque

188 1075 305 1131 gravi
340 1074 439 1116 satis
470 1074 608 1115 dolore
633 1074 929 1125 intumuerant,
953 1075 1013 1116 ita
1037 1075 1147 1129 quod
1179 1075 1284 1130 pede
1306 1074 1470 1116 sinistro
1491 1077 1719 1128 grossante,

190 1157 263 1198 pro
303 1156 522 1183 nervorum
558 1140 842 1196 indignatione
881 1142 953 1182 vix
986 1142 1164 1197 vestigia
1214 1141 1298 1182 solo
1340 1146 1461 1182 tenus
1497 1139 1720 1181 adhaesisse

191 1208 398 1250 valebant.
460 1206 566 1249 Cum
610 1207 737 1262 igitur
768 1208 840 1249 vix
876 1207 926 1248 de
959 1208 1110 1249 lectulo
1147 1208 1348 1263 potuisset
1385 1221 1618 1262 exsurgere,
1659 1206 1722 1248 vir

195 1275 275 1316 Dei
309 1275 425 1316 illum
460 1273 537 1315 4’οΧ
570 1274 734 1315 1101111110
775 1289 938 1324 vocans,
976 1274 1171 1329 praeeepit
1206 1274 1322 1316 illum
1360 1273 1544 1315 eominus
1585 1288 1722 1314 eoram

194 1341 401 1390 accedere,
426 1340 626 1395 dixitque,
664 1345 689 1362 “¹
704 1340 854 1389 Video,
876 1341 1004 1382 frater
1036 1341 1106 1391 mi,
1138 1342 1233 1395 quia
1266 1356 1318 1382 ex
1349 1355 1517 1381 rancore
1550 1339 1724 1381 tumoris

194 1409 360 1464 gravius
372 1406 604 1458 infirmaris,
620 1412 742 1462 atque
756 1422 781 1448 a
798 1407 878 1448 Dei
894 1412 934 1448 et
948 1407 1028 1448 mei
1043 1408 1210 1449 servitio
1223 1407 1487 1462 adimplendo
1500 1407 1725 1463 plurimum

194 1474 444 1530 impediaris.
517 1474 652 1527 Quare
692 1474 757 1515 die
792 1473 972 1515 crastina
1006 1474 1152 1516 tibiam
1190 1473 1467 1515 infirmantem
1501 1488 1637 1515 coram
1658 1488 1724 1514 me

196 1541 404 1597 proferes3
436 1555 484 1581 ae
519 1556 584 1582 me
622 1556 743 1596 super
782 1540 896 1581 illam
940 1546 1179 1596 exspuente,
1217 1556 1241 1582 a
1283 1545 1445 1582 tumore
1486 1541 1555 1581 illo
1601 1540 1725 1581 noxio

197 1610 373 1651 salutem
406 1607 646 1662 percipies.''
731 1607 858 1648 Mane
894 1607 1019 1657 facte,
1049 1607 1216 1649 veniens
1250 1607 1317 1648 ille
1350 1607 1497 1648 tibiam
1532 1607 1727 1662 languore

197 1675 315 1732 gravi
354 1674 562 1715 dolentem
597 1674 796 1729 protulit3
849 1674 914 1714 cui
951 1689 1020 1715 ore
1061 1689 1134 1715 suo
1175 1673 1386 1716 insufflans
1426 1674 1563 1723 tertio,
1601 1688 1727 1714 mann

197 1742 358 1798 prolata
388 1741 501 1782 illam
530 1740 757 1782 benedixit.
819 1739 980 1781 Eadem
1011 1740 1138 1796 igitur
1162 1740 1227 1782 die
1249 1740 1381 1782 omnis
1410 1740 1524 1781 dolor
1545 1740 1611 1782 ille
1634 1755 1728 1781 eum

199 1814 362 1850 tumore
390 1807 556 1858 resedit,
586 1813 710 1862 atque
746 1806 907 1862 pristini
944 1807 1089 1849 coloris
1119 1807 1309 1849 habitum
1347 1807 1526 1862 perfecte
1560 1806 1729 1861 recepit.

204 1875 469 1916 Mirabantur
490 1889 630 1916 omnes
654 1874 724 1928 qui
752 1873 915 1929 pristini
952 1873 1102 1916 doloris
1124 1879 1165 1915 et
1198 1875 1373 1915 tumoris
1407 1873 1728 1929 grossitudinem

199 1957 247 1983 ae
267 1942 459 1983 ruborem
479 1941 681 1991 viderant,
713 1945 755 1981 et
777 1939 845 1995 qui
866 1945 954 1982 tam
979 1941 1151 1983 celerem
1172 1940 1376 1982 medelam
1405 1940 1463 1982 illi
1496 1939 1730 1996 provenisse

201 2012 508 2064 perspexerant.

271 2075 404 2130 §284.
438 2073 502 2115 Eo
535 2078 719 2129 tempore
755 2073 923 2128 quidam
953 2072 1191 2129 peregrinus
1226 2073 1276 2115 de
1314 2073 1601 2116 Hierosolimis
1634 2073 1730 2114 illuc

251 2197 261 2217 ¹
284 2194 487 2241 Gaudebat]
517 2194 611 2228 Thus
641 2194 795 2228 narrated
821 2194 855 2227 in
873 2193 930 2227 the
957 2205 1168 2239 anonymons
1196 2193 1359 2227 Harleian
1383 2194 1528 2240 legend:
1555 2193 1729 2227 “Nobilis

204 2243 325 2277 mulier
351 2242 392 2275 de
416 2242 599 2286 longinquo
616 2241 717 2284 venit,
744 2247 781 2274 ut
807 2240 868 2273 viri
893 2240 1000 2273 sancti
1031 2240 1191 2274 amieitiae
1214 2241 1423 2285 jungeretur.
1475 2241 1560 2283 Quae
1585 2241 1729 2284 benigne

205 2295 372 2335 suscepta,
391 2294 424 2322 et
441 2294 620 2332 antequam
639 2287 809 2320 recederet
827 2287 868 2320 de
886 2287 991 2332 ipsius
1008 2298 1154 2332 paupere
1171 2299 1289 2320 mensa
1307 2287 1397 2321 refici
1417 2294 1468 2321 051
1485 2293 1612 2321 coacta.
1664 2286 1728 2320 Illa

206 2343 334 2370 secreto
353 2347 429 2369 eum
447 2334 595 2368 lacrimis
609 2340 792 2378 conquesta
810 2339 861 2366 est
879 2334 908 2366 ei
927 2333 1016 2377 quod
1034 2333 1075 2367 (10
1091 2334 1159 2367 viro
1177 2345 1249 2375 5110,
1268 2334 1325 2378 qui
1344 2334 1623 2377 transfretaverat,
1643 2334 1729 2366 intra

205 2383 380 2417 biennium
398 2381 483 2415 nihil
508 2381 650 2414 rumoris
675 2380 826 2421 au<livit3
853 2380 976 2424 etipsa
1003 2391 1055 2413 res
1080 2392 1157 2413 suas
1183 2380 1353 2425 acquirere
1372 2380 1424 2413 vel
1442 2381 1527 2414 tueri
1553 2392 1611 2425 pro
1630 2380 1729 2424 fragi-

205 2430 300 2463 litate
318 2429 478 2463 foeminea
505 2439 572 2460 non
598 2426 741 2460 valebat.
792 2426 930 2460 Obierat
959 2432 1072 2459 autem
1101 2427 1255 2472 proxime
1281 2427 1417 2471 quidam
1444 2427 1492 2460 vir
1516 2426 1671 2460 militaris
1697 2431 1730 2459 et

206 2476 474 2520 consanguineus
494 2474 656 2516 mulieris,
675 2474 728 2516 cuj
735 2485 771 2506 115
788 2472 956 2518 possessio
973 2473 1016 2505 ad
1034 2474 1140 2518 ipsam
1160 2473 1277 2506 debuit
1290 2474 1366 2517 jure
1392 2473 1533 2507 devolvi.
1583 2473 1639 2506 Ad
1656 2473 1729 2506 haec

206 2523 263 2557 ille
289 2523 358 2556 ait:
386 2521 491 2555 ‘Noli
516 2521 618 2554 tantis
644 2519 814 2552 doloribus
840 2519 991 2560 eruciari,
1018 2520 1096 2564 quia
1120 2526 1214 2552 tuam
1241 2519 1462 2553 hereditatem
1489 2520 1628 2563 noviter,
1656 2519 1730 2552 Deo

202 2571 355 2614 juvante,
373 2568 526 2614 recipies.
576 2567 649 2611 Ego
666 2566 728 2599 tibi
754 2565 897 2599 militem
922 2565 1143 2599 fortissimum
1171 2566 1357 2610 destinabo,
1376 2567 1472 2610 cujus
1490 2566 1618 2599 auxilio
1635 2577 1730 2599 recu-

206 2616 339 2662 perabis
356 2615 480 2648 amissa
497 2627 505 2656 ;
531 2619 564 2647 et
581 2613 637 2646 ille
655 2612 717 2646 tibi
743 2624 841 2657 super
865 2618 1003 2657 pontem
1020 2612 1171 2646 fortassis
1189 2613 1362 2646 occurret.’
1411 2612 1537 2646 Mulier
1560 2612 1733 2646 laetifieata

208 2662 374 2705 discessit,
393 2667 426 2695 et
444 2667 561 2695 octavo
580 2660 633 2693 die
660 2659 867 2692 Dunelmum
893 2670 952 2703 pro
978 2658 1036 2691 illa
1060 2658 1247 2692 hereditate
1276 2659 1447 2704 litigatura
1464 2659 1626 2704 pervenit.
1677 2658 1730 2692 Ibi

209 2709 317 2742 virum
343 2720 441 2742 51111111
467 2708 501 2740 111
526 2707 638 2740 medio
663 2706 774 2751 pontis
800 2705 936 2738 obvium
966 2704 1094 2748 habuit,
1120 2717 1220 2750 quem
1246 2705 1318 2751 ipsa
1343 2706 1470 2739 dudum
1485 2705 1537 2739 vel
1561 2705 1730 2750 perditum

209 2767 283 2789 esse
301 2754 444 2789 credidit
463 2754 513 2787 vel
531 2753 740 2787 defunctum.
791 2751 894 2785 Miles
920 2751 977 2784 ille
994 2750 1090 2785 fortis
1109 2759 1141 2785 et
1159 2758 1325 2796 strenuus,
1344 2764 1446 2785 causa
1470 2752 1586 2785 uxoris
1603 2751 1730 2795 audita,

210 2802 329 2836 eodem
348 2801 401 2834 die
420 2800 509 2845 quod
527 2800 584 2833 illa
601 2799 748 2845 petebat,
766 2798 908 2843 acecpit,
927 2804 959 2831 et
977 2798 1183 2832 contentioni
1204 2798 1343 2833 diutinae
1360 2799 1463 2832 finem
1481 2798 1596 2832 fecit.”

256 2849 269 2867 ²
294 2848 334 2881 In
352 2848 408 2881 the
428 2847 523 2880 Harl.
540 2846 615 2879 MS.
633 2845 770 2891 chapter
789 2844 958 2879 CXLIII.

255 2896 270 2916 ³
289 2893 413 2940 Cellm]
442 2893 585 2936 Oellula,
606 2892 653 2927 H.
1095 2892 1106 2912 ‘⁴
1127 2891 1182 2925 Eoe
1200 2891 1353 2938 nomina]
1383 2891 1546 2937 Compare
1566 2889 1584 2936 ᾗ
1606 2893 1682 2925 196.
