1839 3186
228 170 310 210 360
746 177 976 209 LIBELLUs
1012 177 1075 208 DE
1111 177 1226 208 VITA

228 400 315 425 CAP.
339 400 458 425 xvni.
495 399 686 429 QUOMODO
708 399 789 425 UNO
810 399 1004 424 TEMPORIS
1035 399 1232 424 ΜοΜΕΝΤο
1267 397 1523 432 TERRESTRlA,
1545 397 1756 432 COELESTIA,

298 467 347 491 ET
382 467 631 491 INFERNALIA
668 466 1004 497 PENETRAvssmr;
1039 465 1088 489 ET
1120 466 1218 494 Qum
1240 465 1283 489 IN
1315 465 1494 490 SINGULIS
1525 465 1630 490 Lools
1662 464 1758 489 isrls

290 534 340 558 DE
382 534 538 558 SPIRITU
575 533 746 558 ‚JUVENIS
782 532 992 557 CUJUSDAM
1029 531 1193 557 FACTUM
1236 532 1394 567 FUERIT,
1437 532 1485 556 ET
1516 531 1678 556 VIDERIT
1709 530 1758 555 ET

290 583 551 625 DETEXERIT.1

292 685 314 739 «ἓ
340 687 436 726 340.
469 683 538 724 AT
563 684 754 724 humanae
786 681 881 723 vitae
905 681 1161 722 moderatrix
1187 696 1364 735 superna
1394 680 1474 721 Dei
1500 678 1760 734 providentia

231 751 273 792 in
294 751 425 805 primo
447 756 541 805 post
561 750 649 790 haec
669 749 719 789 de
743 749 861 789 exitu
883 749 1114 788 animarum
1137 748 1172 788 ei
1194 748 1374 788 revelare
1393 747 1564 801 dignata
1582 751 1644 786 est
1666 760 1760 786 oon-

233 817 400 865 similia3
436 832 524 870 quae
548 832 595 857 eo
618 815 794 870 amplius
815 814 927 855 fuere
948 814 1150 864 miranda,
1175 829 1254 868 quo
1275 814 1317 854 in
1338 814 1457 868 longe
1479 812 1647 853 remotis
1671 826 1762 866 par-

232 883 344 924 tibus
366 883 524 933 effecta,
560 881 648 937 ejus
669 881 796 922 oeulis
818 880 951 921 cordis
972 886 1141 935 patuere
1164 880 1270 921 sieut
1292 879 1604 934 praesentialiter
1625 893 1763 919 eoram

234 965 281 990 eo
313 950 513 991 exhibita.
550 948 729 1001 Quidam
751 947 990 988 elericorum
1006 947 1047 987 in
1063 947 1198 988 seculo
1222 946 1408 1001 magistri
1429 946 1595 986 functus
1616 943 1762 994 officio,

231 1016 421 1056 habitum
457 1016 681 1057 secularem
715 1014 916 1068 deposuit,
941 1019 981 1054 et
1017 1014 1059 1054 in
1096 1012 1471 1053 westmonasterio
1506 1011 1765 1052 monachalia

234 1083 478 1123 indumenta
513 1081 723 1137 pereepit3
761 1096 895 1134 quem,
919 1080 1015 1133 quia
1045 1079 1267 1134 plurimum
1299 1079 1340 1119 in
1361 1078 1609 1119 monasterio
1640 1092 1764 1132 penes

233 1148 645 1203 supereminentiores
666 1148 816 1202 potuit,
839 1146 966 1187 frater
988 1144 1075 1200 ejus
1100 1146 1273 1186 carnalis
1294 1146 1549 1194 subsecutus,
1568 1144 1764 1185 fratribus

234 1216 406 1256 coenobii
427 1215 570 1255 famuli
608 1213 739 1255 officio
776 1214 818 1254 in
848 1213 995 1253 habitu
1035 1212 1206 1254 seculari
1239 1212 1478 1265 aliquandiu
1498 1210 1764 1252 ministravit.

234 1281 338 1323 Post
355 1281 657 1336 aliquantulum
680 1280 890 1334 temporis,
915 1278 1081 1334 juvenis
1102 1279 1212 1319 idem
1235 1279 1285 1319 de
1307 1278 1452 1318 itinere
1476 1277 1652 1326 veniens,
1673 1277 1763 1317 illu-

230 1348 371 1390 viones
394 1348 541 1389 coenosi
558 1347 736 1402 pulveris
758 1347 863 1400 equi,
885 1346 927 1386 in
944 1361 1023 1399 quo
1043 1345 1262 1394 insederat,
1285 1345 1501 1385 abluturus
1516 1344 1570 1384 ad
1593 1344 1768 1384 Tamen-

234 1430 320 1456 sem
355 1414 527 1456 fluvium
558 1413 799 1463 desoendit3
852 1412 923 1453 sed
960 1427 1012 1452 ex
1043 1412 1264 1466 improviso
1295 1411 1455 1465 longius
1486 1409 1764 1465 progrediens,

232 1482 338 1522 forte
373 1481 502 1522 sabuli
528 1480 705 1522 viventis
728 1479 943 1533 voragines
973 1478 1218 1532 illaqueatus
1249 1477 1431 1527 incurrit,
1456 1477 1603 1530 quibus
1637 1492 1765 1530 usque

234 1548 287 1588 ad
308 1548 420 1589 sellae
439 1547 648 1602 superiora
667 1546 879 1595 dimersus,
896 1545 992 1598 quia
1013 1545 1088 1586 sibi
1109 1560 1184 1585 nee
1206 1559 1309 1598 equo
1331 1544 1410 1584 alio
1431 1543 1554 1584 modo
1575 1543 1766 1584 auxiliari

232 1629 315 1655 non
362 1615 511 1669 potuit,
546 1613 589 1653 in
623 1612 769 1653 mediis
800 1612 1044 1667 voraginum
1077 1611 1350 1665 vortsiginibus
1403 1610 1580 1660 desiluit,
1618 1609 1764 1663 quibus

232 1681 368 1722 subito
410 1696 537 1734 usque
568 1680 760 1720 humeros
793 1694 918 1733 prope
949 1677 1175 1718 admodum
1218 1677 1484 1731 interceptus,
1535 1676 1596 1717 sui
1639 1675 1766 1730 ipsius

232 1747 434 1788 levamine
448 1747 539 1802 jam
561 1745 806 1787 omnimodis
822 1750 883 1785 est
904 1745 1089 1799 privatus
1107 1761 1117 1791 ;
1145 1759 1241 1784 nam
1258 1759 1336 1797 quo
1355 1743 1531 1798 amplius
1552 1743 1686 1783 enisus
1708 1746 1769 1783 est

233 1828 464 1868 exsurgere,
486 1829 533 1854 eo
557 1812 813 1867 profundiori
846 1811 1047 1852 dimersus
1070 1816 1130 1851 est
1152 1810 1358 1865 voragine.
1421 1809 1608 1863 Denique
1632 1807 1765 1849 flumi-

232 1880 295 1921 nis
335 1880 514 1935 impetus
557 1879 736 1920 naturali
778 1893 920 1918 cursus
956 1878 1017 1918 sui
1057 1877 1224 1917 tramite
1266 1876 1386 1931 coepit
1422 1881 1590 1930 repente
1630 1875 1764 1916 aerius

233 1947 451 1987 crescendo
473 1960 697 1994 accurrere,
722 1950 762 1985 et
798 1944 1059 1984 allambendo
1084 1944 1277 1984 miserum
1299 1943 1353 1983 ad
1374 1957 1415 1983 se
1445 1942 1646 1997 paulatim
1677 1941 1764 1982 alli-

233 2028 335 2053 cere.
399 2013 532 2065 Quem
558 2012 724 2052 demum
747 2011 797 2050 de
823 2011 912 2050 loco
949 2010 1017 2050 illo
1040 2010 1238 2051 violenter
1260 2009 1421 2058 evulsit,
1458 2014 1498 2049 et
1534 2008 1588 2048 ad
1612 2008 1762 2048 ostium

231 2077 410 2120 fluminis
434 2094 570 2120 secum
591 2078 754 2118 trahere
777 2076 912 2130 eoepit.
961 2076 1077 2116 Tune
1102 2075 1244 2117 videns
1265 2075 1341 2116 sibi
1361 2075 1506 2115 mortis
1540 2074 1767 2128 perieulum

231 2145 456 2193 imminere,
491 2145 611 2198 eoepit
643 2143 864 2184 instantius
902 2142 1042 2182 Beata}
1076 2142 1225 2181 Mariae
1265 2140 1493 2195 patrocinia
1522 2140 1762 2195 postulare3

233 2211 341 2264 quod
364 2212 551 2251 videntes
576 2211 683 2250 cirea
703 2210 813 2263 ripas
842 2208 992 2248 littoris
1025 2213 1195 2256 stantes,
1218 2208 1352 2247 lembo
1375 2206 1510 2247 conati
1543 2212 1637 2247 sunt
1663 2206 1765 2261 peri-

231 2277 392 2318 clitanti
426 2277 627 2317 auxilium
652 2276 768 2324 ferre,
784 2290 858 2314 neo
880 2279 1083 2328 poterant,
1111 2275 1205 2327 quia
1224 2273 1367 2314 rabido
1392 2272 1571 2314 fluminis
1591 2271 1765 2327 impetui

230 2359 395 2398 prorsus
428 2343 615 2384 resistere
647 2357 727 2382 non
764 2340 985 2388 audebant,
1017 2346 1060 2381 at
1091 2355 1162 2394 per
1184 2345 1352 2394 pontem
1382 2338 1473 2394 jam
1494 2339 1764 2380 transiturum

231 2425 477 2464 praevenere,
501 2409 637 2462 sieque
680 2408 1046 2448 instrumentorum
1087 2421 1253 2447 suorum
1291 2406 1491 2446 machinis
1525 2405 1640 2446 illum
1672 2403 1762 2460 jam

232 2475 474 2516 defunctum
500 2489 661 2516 sursum
678 2474 731 2514 ad
755 2488 796 2514 se
819 2478 1051 2513 extraxere.

290 2542 380 2593 Quo
420 2542 639 2596 sepulturae
663 2540 828 2587 tradito,
852 2539 979 2579 frater
1001 2537 1087 2593 ejus
1119 2538 1160 2578 in
1182 2539 1429 2579 monasterio
1461 2537 1617 2592 positus
1639 2552 1762 2591 supra

230 2608 399 2649 modum
424 2608 620 2654 indoluit;
647 2611 687 2647 et
710 2606 805 2659 quia
822 2605 916 2645 talis
938 2605 1074 2645 exitus
1096 2603 1174 2644 fine
1191 2609 1277 2644 tam
1299 2604 1508 2658 inopinate
1531 2608 1762 2658 praeventus

230 2674 407 2723 exstitit,
431 2674 580 2714 nullius
605 2673 770 2713 omnino
793 2686 914 2725 super
944 2672 1007 2712 his
1028 2671 1347 2711 consolationem
1369 2670 1547 2724 recipere
1569 2669 1717 2724 potuit.

298 2742 319 2794 ᾗ
355 2743 450 2781 341.
500 2739 690 2780 Audiens
726 2738 853 2792 igitur
892 2737 988 2790 quia
1024 2737 1085 2777 vir
1119 2736 1286 2776 Domini
1325 2736 1527 2776 Godricus
1559 2735 1760 2775 heremita

231 2806 436 2860 qnondam
472 2806 548 2847 sibi
582 2810 704 2846 notus
743 2805 859 2844 bonae
892 2803 1091 2857 opinionis
1127 2802 1286 2842 athleta
1318 2802 1454 2853 fuerit,
1481 2806 1522 2842 et
1558 2801 1759 2856 spirituali

570 2884 578 2903 ¹
608 2883 690 2916 This
709 2883 846 2927 chapter
865 2882 893 2915 is
912 2887 966 2915 not
987 2880 1089 2914 found
1109 2880 1141 2914 in
1161 2880 1216 2913 the
1236 2879 1330 2913 Harl.
1350 2880 1424 2912 MS.
