1839 3186
180 212 262 253 196
690 216 921 248 Lissnttus
957 215 1021 246 DE
1057 215 1174 247 VITA

180 322 344 364 mentiri
381 336 459 362 non
500 319 675 361 timuisti
693 319 734 360 Ψ
800 319 994 360 Minister
1016 334 1111 361 vero
1142 318 1264 360 1tunc
1299 318 1552 367 erubescens,
1592 316 1708 358 stulti

181 404 305 431 ausus
326 389 387 430 sui
408 387 570 429 veniam
593 386 726 441 petiit⁷
749 391 791 427 et
815 386 933 426 fratri
954 386 1012 426 illi
1040 385 1178 427 omnia
1198 386 1380 426 seriatim
1403 384 1610 425 confessus
1641 398 1710 423 ex-

181 456 332 512 posuit.
394 454 581 510 Agnovit
610 453 736 508 igitur
757 453 883 493 verba
903 452 1188 507 prophetantis
1210 452 1426 493 convenire
1447 451 1488 490 in
1523 449 1713 490 omnibus

182 522 437 565 sermonibus
464 519 728 568 confitentis;
768 524 809 560 et
830 519 1001 560 verbum
1033 519 1113 559 Dei
1151 519 1193 559 in
1229 534 1297 559 ore
1329 517 1434 559 servi
1474 516 1546 557 Sui
1568 531 1711 558 verum

184 605 282 640 esse,
314 589 395 641 Qui
433 587 591 642 Spiritu
628 586 708 627 oris
740 585 813 626 Sui
851 585 1046 640 praecepit
1078 586 1223 625 coelum
1254 590 1295 626 et
1327 589 1492 634 terram,
1527 597 1639 624 mare
1672 588 1713 623 et

185 656 323 698 omnia
344 670 432 710 quae
452 655 493 695 in
513 653 571 695 eis
593 657 701 702 sunt,
727 652 781 693 ad
802 656 935 693 status
956 651 1120 692 initium
1141 651 1391 706 sprot-venire.

186 948 271 973 CAP.
302 948 365 973 XC.
428 946 531 976 QUOT
583 943 889 969 PHANTASMATA
941 943 1159 968 DAEMONUM
1210 942 1472 976 PERTULERIT,
1517 942 1594 967 VEL
1645 942 1718 967 SUB

245 1015 362 1044 QUAM
394 1012 531 1038 VAfflIs
576 1011 715 1037 EORUM
761 1009 981 1035 FIGMENTIS
1029 1010 1088 1035 Els
1133 1009 1352 1044 ILLUSERIT,
1391 1010 1439 1034 ET
1469 1009 1634 1038 QUANTA
1667 1009 1718 1033 DE

247 1081 386 1106 EORUM
419 1077 692 1105 MOLIMINIBUS
724 1076 929 1102 EXPERTUs
961 1076 1036 1102 SIT.
1046 1059 1061 1081 3

249 1179 390 1236 §]87.
425 1180 607 1220 INTEREA
640 1178 702 1219 vir
743 1178 822 1218 Dei
860 1175 1102 1232 gravissimo
1144 1175 1351 1231 languoris
1389 1191 1538 1231 genere
1577 1191 1721 1217 excru-

189 1248 352 1295 ciatur3
388 1252 428 1287 et
449 1245 691 1301 gravissimo
723 1244 861 1285 aetatis
892 1243 1003 1284 senio
1036 1242 1262 1289 confectus,
1294 1242 1428 1283 aliena
1452 1258 1528 1297 ope
1550 1242 1721 1297 erigitur

189 1315 254 1356 vel
277 1318 533 1369 exportatur.
606 1311 754 1352 Hostis
770 1310 897 1365 igitur
913 1309 1106 1363 antiquus
1126 1309 1335 1350 aestimans
1350 1324 1433 1363 pree
1454 1309 1583 1350 nimia
1604 1309 1722 1364 aegri-

191 1380 348 1423 tudinis
378 1378 616 1421 valetudine
652 1393 693 1419 se
722 1392 839 1432 posse
867 1376 947 1417 Dei
975 1376 1178 1417 athletam
1209 1375 1369 1416 facilius
1404 1374 1635 1431 subjugare,
1669 1375 1723 1416 ad

191 1448 375 1502 antiquae
407 1445 598 1488 versutiae
633 1459 715 1485 suae
738 1442 935 1499 figmenta
962 1458 1004 1484 se
1027 1442 1244 1491 convertit,
1282 1447 1323 1483 et
1357 1442 1601 1483 omnimodae
1636 1457 1722 1482 ma-

193 1513 395 1570 lignitatis
414 1527 497 1554 suae
513 1512 719 1554 virulenta
735 1514 968 1551 commenta
983 1509 1180 1550 adversus
1201 1524 1295 1549 eum
1311 1514 1502 1563 patenter
1522 1508 1721 1550 exercuit.

195 1579 433 1635 Aliquando
465 1579 604 1633 itaque
626 1577 667 1618 in
691 1577 774 1618 ursi
797 1575 973 1632 speciem
1003 1591 1044 1617 se
1076 1579 1320 1626 commutat,
1351 1575 1474 1616 modo
1507 1575 1622 1617 bovis
1652 1576 1724 1616 ba-

195 1649 328 1689 latum
361 1645 541 1696 simulat,
565 1643 808 1699 quandoque
835 1642 1015 1696 aquilam
1038 1642 1102 1682 vel
1133 1657 1301 1683 corvum
1323 1647 1603 1696 repraesentat,
1627 1657 1727 1683 non-

195 1728 406 1768 nunquam
427 1727 523 1754 vero
552 1711 588 1752 ei
610 1715 723 1751 totus
753 1725 794 1751 se
816 1709 1031 1750 visibiliter
1054 1708 1282 1763 ingerebat.
1344 1708 1729 1763 Advesperascente

198 1796 305 1836 saepe
328 1778 523 1826 diluculo,
560 1782 607 1819 ut
638 1777 723 1832 ipse
754 1776 969 1826 referebat,
994 1775 1219 1816 multitudo
1241 1779 1360 1815 tanta
1391 1775 1611 1829 spirituum
1641 1790 1727 1816 ma-

197 1849 402 1903 lignorum
425 1845 614 1886 cellulam
646 1858 763 1885 suam
795 1842 1005 1892 introibat,
1030 1841 1139 1896 quod
1174 1841 1384 1895 quantitas
1413 1841 1484 1883 illa
1514 1857 1617 1896 pene
1651 1857 1730 1882 nu-

198 1929 360 1956 merum
397 1911 639 1953 excedebat.
701 1909 835 1950 Erant
874 1924 1015 1950 omnes
1042 1907 1267 1963 nigerrimi,
1310 1913 1471 1949 statura
1505 1908 1729 1963 permodici

200 1981 315 2023 velut
335 1978 574 2021 homunculi
596 1977 665 2031 qui
690 1976 884 2017 dicuntur
907 1974 1189 2030 Semipedales
1210 1975 1274 2016 vel
1292 1973 1503 2029 4Pigmeei.
1558 1975 1634 2016 Isti
1659 1990 1731 2030 per

251 2099 258 2118 ¹
284 2097 405 2144 Tunc]
434 2098 518 2131 This
536 2097 626 2130 word
644 2096 672 2129 is
690 2095 832 2128 omitted
850 2095 884 2128 in
907 2095 952 2128 H.

247 2146 260 2164 ²
280 2143 490 2189 Provemra]
519 2143 603 2176 This
628 2142 779 2175 incident
805 2142 832 2174 is
855 2141 933 2174 thus
964 2140 1110 2174 detailed
1136 2141 1170 2174 in
1199 2141 1256 2174 the
1283 2153 1493 2186 anonymous
1521 2140 1617 2174 Harl.
1636 2140 1732 2174 MS:

202 2194 223 2212 “
239 2192 325 2225 Cum
344 2191 444 2224 frater
457 2190 513 2234 qui
532 2190 675 2223 Missam
694 2188 917 2221 celebraverat
937 2187 990 2220 die
1008 2187 1188 2220 Dominico
1207 2187 1337 2221 sederet
1355 2199 1466 2221 coram
1485 2199 1535 2231 eo,
1550 2187 1652 2232 coepit
1669 2187 1733 2219 1100

202 2238 303 2273 modo
322 2237 480 2282 conqueri
499 2236 539 2269 de
557 2235 719 2268 ministris
736 2247 742 2268 :
770 2236 779 2252 ⁴
792 2234 975 2267 Molestum
995 2239 1046 2267 est
1063 2234 1145 2267 mihi
1166 2234 1253 2278 quod
1271 2233 1305 2267 hi
1325 2234 1381 2279 (1111
1400 2240 1477 2267 sunt
1495 2234 1529 2267 in
1547 2233 1734 2267 ministerio

203 2297 279 2319 meo
302 2296 354 2317 res
379 2295 472 2316 meas
494 2282 694 2324 distrahunt,
714 2287 746 2314 et
763 2280 846 2313 alias
872 2280 1003 2313 occulte
1029 2280 1285 2314 t1·anS1nittunt.'
1334 2280 1487 2314 Audiens
1514 2280 1576 2314 1100
1600 2280 1656 2313 ille
1674 2279 1731 2324 (1111

204 2337 274 2366 erat
288 2330 477 2376 praecipuus
496 2330 582 2362 inter
599 2328 781 2370 ministros,
797 2326 884 2359 dixit
897 2326 939 2359 ad
958 2327 1092 2359 fratrem
1107 2339 1113 2361 :
1141 2333 1149 2346 ‘
1171 2327 1248 2372 Ipse
1265 2339 1331 2359 non
1350 2327 1397 2360 sic
1415 2327 1563 2371 loquitur
1580 2332 1618 2359 ut
1636 2326 1734 2359 dcce-

205 2378 278 2412 ret.'
329 2377 425 2410 Tunc
452 2376 500 2409 vir
530 2375 593 2408 Dei
620 2385 800 2407 conversus
827 2372 869 2405 ad
897 2373 1056 2407 fratrem:
1093 2373 1197 2406 ‘Non
1226 2373 1336 2416 mihi‚'
1363 2374 1421 2416 ait,
1450 2373 1530 2407 ‘sed
1558 2373 1611 2406 his
1635 2372 1733 2406 crede

204 2436 281 2470 quae
298 2429 335 2457 tu
360 2422 466 2456 oculis
492 2421 711 2466 conspexisti.
762 2419 854 2452 Nam
878 2431 980 2464 prope
1005 2420 1151 2452 nemoris
1175 2420 1305 2453 exitum
1332 2420 1468 2464 quidam
1494 2420 1595 2453 homo
1621 2418 1735 2452 calvus

205 2471 350 2505 occurrit
368 2470 439 2513 tibi,
459 2469 579 2502 sedens
597 2468 631 2500 in
650 2478 735 2511 equo
761 2466 845 2508 rufo,
864 2477 999 2498 saccum
1026 2466 1135 2499 ferens
1158 2466 1359 2509 involutum,
1378 2467 1434 2511 qui
1453 2467 1541 2500 circa
1558 2465 1733 2499 meridiem

203 2518 274 2552 heri
301 2517 366 2550 11110
385 2516 486 2558 venit,
506 2521 538 2548 et
555 2513 655 2559 paulo
679 2519 858 2556 antequam
883 2518 918 2544 tu
938 2512 1078 2555 venires,
1105 2524 1272 2545 annonam
1298 2513 1332 2545 in
1358 2524 1455 2546 sacco
1480 2525 1539 2558 per
1564 2512 1678 2551 istum,
1698 2516 1735 2544 ut

203 2577 257 2598 me
275 2564 447 2597 nesciente
464 2559 685 2640 asportareflt]
702 2558 858 2603 accepit.'
908 2558 1067 2591 Minister
1084 2559 1131 2591 ait
1149 2559 1356 2592 frumentum
1375 2559 1459 2592 illud
1477 2560 1581 2592 fuisse
1599 2558 1641 2591 ad
1660 2557 1734 2591 No-

206 2624 283 2645 vum
306 2609 492 2644 Castellum
518 2619 577 2653 pro
607 2618 643 2640 sa
659 2606 687 2639 is
712 2605 977 2639 commutatione
995 2605 1241 2639 transmissum.
1294 2605 1349 2638 Ad
1366 2616 1466 2649 quem
1485 2605 1534 2638 vir
1555 2605 1618 2638 Dei
1637 2617 1643 2638 z
1670 2607 1678 2623 ‘
1693 2604 1733 2636 In

207 2657 427 2691 Ebbecestria
443 2653 642 2688 mulieribus
659 2652 723 2685 1100
741 2651 876 2694 misisti,
895 2656 928 2683 et
949 2662 1015 2683 non
1034 2651 1203 2684 erubescis
1222 2663 1332 2684 coram
1359 2651 1531 2685 sacerdote
1549 2650 1683 2684 mentiri
1698 2650 1736 2683 ?''

206 2705 302 2737 Tunc
321 2703 377 2736 1110
394 2702 554 2736 confusus
569 2699 700 2733 veniam
718 2698 816 2744 petiit
834 2703 866 2730 et
884 2697 1045 2740 seriatim,
1064 2698 1152 2730 sicut
1167 2698 1215 2730 vir
1232 2703 1368 2731 sanetus
1386 2698 1600 2743 praedixerat,
1615 2702 1736 2730 cuncta

205 2749 385 2784 narravit.⁷’

250 2798 264 2818 3
290 2797 330 2830 In
349 2796 406 2829 the
426 2794 522 2827 Harl.
542 2793 617 2826 MS.
636 2791 773 2836 chapter
793 2790 968 2824 XCVIII.

251 2845 262 2862 ⁴
283 2841 450 2887 Pigmant‚]
478 2840 540 2881 H.;
568 2838 700 2880 Pimzei,
722 2838 763 2871 Β.
815 2836 912 2881 They
929 2848 984 2870 are
1002 2837 1099 2880 again
1118 2836 1328 2879 introduced,
1347 2836 1363 2881 ξ
1385 2839 1462 2871 260.
1513 2837 1575 2869 See
1595 2836 1734 2869 Homeri

206 2889 306 2923 Iliad.
321 2890 368 2923 iii.
389 2891 431 2929 63
458 2887 599 2920 Aristot.
620 2885 711 2919 Hist.
730 2883 878 2917 Animal.
897 2883 943 2916 lib
976 2883 1044 2916 viii.
1064 2894 1093 2916 c.
1115 2884 1168 2915 12.
1188 2888 1269 2916 tom.
1289 2883 1310 2916 i.
1328 2895 1360 2927 p.
1380 2886 1458 2924 692,
1478 2883 1557 2916 edit.
1577 2883 1633 2916 fol.
1652 2884 1735 2916 Aur.

207 2936 273 2970 All.
294 2938 382 2970 1605
398 2948 405 2977 3
433 2933 589 2968 Athenaei
612 2929 841 2976 Deipnosoph.
859 2929 917 2964 lib.
936 2929 982 2963 ix.
1000 2942 1033 2975 p.
1052 2931 1131 2972 393,
1150 2928 1230 2963 edit.
1252 2929 1396 2963 Casaub.
1415 2929 1472 2963 fol.
1492 2929 1600 2973 Lugd.
1624 2930 1709 2964 1657
1726 2943 1733 2970 3
