1839 3186
575 234 633 266 ET
668 233 935 267 MIRAOULIS
971 235 1006 266 s.
1039 234 1252 267 GODRJCL
1598 225 1675 265 261

148 351 272 377 manu
314 337 527 379 hominum
567 338 610 380 in
655 339 951 381 Galuuethiam
991 340 1124 382 redire
1169 339 1252 382 suis
1296 339 1374 396 piis
1417 340 1576 383 meritis
1621 341 1680 382 fa-

146 403 294 444 ciebat.
1116 423 1119 424 ⁷

214 469 318 511 Haee
350 475 392 511 et
427 472 565 514 omnia
595 472 647 513 ab
671 472 861 528 episeopo
888 472 1127 523 Galuuensi,
1151 472 1240 528 ipso
1268 473 1484 524 referente,
1516 473 1677 515 audivi-

145 551 261 584 mus;
300 536 515 592 ipsumque
546 553 688 580 eorum
721 539 905 581 omnium
935 543 1085 581 testem
1107 554 1230 594 quem
1263 544 1305 581 et
1333 540 1551 582 relatorem
1584 540 1675 581 11151-

144 603 321 645 buimus.

140 820 227 845 CAP.
251 821 404 847 CXXXV.
467 823 669 852 QUALITER
704 824 900 850 DIABOLUS
931 823 1004 849 sUB
1035 823 1207 848 HOMINIS
1238 823 1371 848 SPECIE
1401 824 1454 848 AB
1484 823 1532 850 ΕΟ
1563 823 1675 849 ΡΟΜΑ

342 889 523 915 PETIERIT
553 891 602 916 ET
632 891 806 927 ACCEPIT,
840 890 888 915 ET
919 890 1111 920 QUOMODO
1141 891 1184 915 SE
1215 874 1476 915 DETEXERIT.2

202 989 223 1042 ἓ
247 991 343 1031 248.
378 990 488 1032 Vfflo
510 991 590 1032 Dei
613 990 677 1031 die
694 990 872 1044 quadam
893 1005 1016 1044 poma
1032 989 1263 1031 autumnali
1285 995 1469 1044 tempore
1491 989 1533 1030 in
1554 989 1674 1031 horto

141 1057 398 1111 pomorigero
431 1058 654 1113 colligenti,
690 1057 859 1110 quidam
887 1057 1002 1098 velut
1034 1056 1238 1097 311111111111151
1270 1057 1404 1111 specie
1435 1056 1605 1097 indutus
1636 1056 1673 1097 ei

142 1123 347 1177 apparuit,
373 1124 441 1178 qui
463 1130 603 1165 tamen
625 1124 733 1164 eirea
762 1124 954 1164 humeros
981 1123 1073 1178 plus
1098 1138 1221 1177 quam
1243 1123 1366 1163 homo
1389 1122 1607 1172 distentus,
1632 1127 1673 1163 et

140 1189 271 1243 magis
299 1191 487 1245 opinione
516 1206 640 1245 quam
660 1205 781 1232 verus
804 1191 928 1231 homo
954 1204 1162 1245 procerus,
1186 1187 1273 1244 ejus
1304 1204 1420 1244 sepes
1451 1189 1673 1243 perlustra-

140 1255 200 1296 vit
219 1273 229 1303 ς
266 1262 433 1311 eratque
455 1259 569 1312 quasi
592 1257 701 1298 corio
723 1258 923 1298 corticum
954 1256 1057 1297 ilicis
1083 1257 1213 1297 virore
1235 1255 1423 1297 confecto
1445 1260 1672 1306 contectus,

141 1322 214 1362 sed
243 1338 267 1363 a
294 1323 414 1365 dorso
445 1325 497 1365 ab
521 1324 703 1365 humeris
733 1339 861 1378 usque
893 1323 946 1364 ad
977 1338 1106 1373 renes,
1133 1322 1276 1364 eodem
1310 1323 1565 1377 operimento
1591 1322 1670 1364 dis-

142 1394 266 1439 seeto,
289 1390 460 1432 interior
483 1391 670 1439 amictus,
694 1391 763 1445 qui
785 1390 977 1446 apparuit
1000 1390 1112 1431 velut
1134 1389 1250 1431 bovis
1272 1389 1402 1444 pellis,
1426 1389 1610 1430 hirsutus
1629 1394 1671 1430 et

142 1459 256 1497 totus
277 1457 444 1498 villosus
467 1458 559 1499 fuit.
626 1458 711 1498 Hic
734 1458 792 1498 515
813 1457 1041 1498 vociferans
1056 1456 1261 1498 advirum
1283 1455 1364 1497 Dei
1388 1455 1535 1510 saepius
1556 1455 1673 1496 ineli-

141 1536 255 1572 nans,
279 1523 351 1573 ait,
376 1526 400 1545 ‘⁴
417 1524 453 1565 O
475 1524 690 1575 heremita,
713 1524 928 1574 heremita,
946 1523 996 1564 de
1017 1523 1150 1578 pomis
1166 1523 1250 1564 tuis
1269 1523 1386 1564 nobis
1408 1520 1557 1563 dona.''
1608 1522 1670 1563 At

138 1588 225 1629 viro
248 1589 329 1631 Dei
356 1590 511 1632 diutius
541 1591 700 1641 silente,
725 1596 766 1631 et
793 1590 895 1632 nihil
925 1590 1211 1645 respondente,
1236 1590 1358 1644 coepit
1389 1589 1456 1630 ille
1482 1589 1671 1630 funestus

139 1654 284 1696 eadem
306 1657 454 1712 saepius
478 1658 722 1699 inculcando
743 1662 943 1712 repetere,
967 1662 1008 1698 et
1038 1672 1132 1698 eum
1154 1656 1271 1710 quasi
1298 1656 1489 1711 precibus
1519 1655 1670 1710 impor-

140 1722 251 1763 tunis
274 1724 532 1779 perurgendo
552 1724 742 1779 prosequi
765 1729 806 1765 et
828 1723 1017 1778 fatigare.
1088 1722 1278 1776 Denique
1300 1722 1363 1764 vir
1383 1722 1437 1763 ad
1459 1737 1553 1763 eum
1575 1737 1669 1763 eon-

138 1802 290 1839 versus,
306 1790 378 1840 ait,
404 1795 428 1812 ‘⁶
447 1791 623 1832 Frustra
639 1791 746 1846 petis
767 1795 808 1831 et
821 1789 1005 1844 requiris,
1021 1789 1098 1831 nisi
1114 1789 1212 1844 4pro
1228 1789 1400 1830 caritate
1417 1789 1668 1843 rogaveris.”

139 1853 298 1906 Quibus
331 1856 412 1907 ille,
452 1862 477 1879 ‘²
499 1857 582 1898 Pro
617 1858 803 1907 caritate,
827 1872 901 1911 pro
924 1856 1097 1897 caritate
1126 1860 1221 1911 peto
1250 1860 1291 1896 et
1323 1855 1487 1910 postulo
1503 1855 1544 1904 3⁶⁷
1577 1870 1666 1909 quae

135 1926 276 1962 tamen
307 1923 432 1965 verba
467 1925 633 1965 confuse
664 1923 859 1973 insonuit,
889 1928 930 1964 et
952 1923 1067 1977 quasi
1090 1922 1214 1964 verba
1246 1920 1406 1977 ⁵potius
1440 1921 1667 1976 infringens

135 2002 258 2041 quam
280 1989 485 2044 eloquens,
525 1994 549 2012 ⁴⁶
567 1990 757 2041 caritat,”
780 1995 821 2031 et
842 2005 925 2031 non
963 1994 987 2011 “
1002 1987 1263 2039 ea1·itatem,”
1286 2003 1447 2043 semper
1475 1988 1663 2043 protulit.

133 2053 195 2095 At
216 2060 355 2096 tamen
377 2057 563 2099 caritatis
583 2057 728 2098 ardore
750 2071 969 2098 succensus
991 2055 1176 2107 accessit,
1200 2059 1241 2096 et
1273 2054 1572 2109 aliquantulam
1593 2069 1664 2109 po-

178 2166 185 2184 ¹
208 2165 417 2213 Habuimus]
448 2166 520 2200 The
546 2167 712 2200 narrative
738 2167 766 2200 is
783 2166 862 2200 thus
888 2166 1071 2200 continued
1089 2166 1123 2198 in
1141 2165 1198 2198 the
1224 2177 1317 2198 same
1342 2177 1553 2210 anonymous
1572 2165 1662 2199 MS.:

129 2212 435 2247 “Sanctimonialis
460 2213 596 2258 quidem
622 2213 680 2246 illa
700 2214 808 2246 fuerat
826 2220 1010 2258 conquesta
1028 2213 1097 2245 viro
1124 2212 1188 2245 Dei
1207 2212 1297 2256 quod
1322 2212 1353 2245 ei
1377 2224 1478 2256 grave
1501 2212 1662 2245 damnum

128 2259 160 2291 in
180 2259 299 2292 itinere
316 2260 507 2303 accidisset,
525 2259 615 2304 quod
633 2259 674 2292 de
691 2260 885 2293 stramentis
904 2260 979 2304 equi
1007 2259 1070 2302 sui,
1089 2258 1178 2303 quod
1204 2258 1268 2291 sibi
1286 2258 1419 2291 fuerant
1437 2258 1662 2301 commodata,

130 2317 235 2338 unum
257 2306 459 2351 perdiderat,
478 2306 567 2351 qnod
591 2306 790 2339 subsellium
809 2306 996 2351 appellatur
1009 2318 1017 2346 ;
1045 2312 1078 2338 51
1099 2305 1172 2349 ipsa
1189 2305 1349 2338 solvendo
1373 2316 1439 2338 non
1464 2310 1545 2338 crat.
1597 2303 1661 2338 Ille

128 2358 254 2393 autem,
273 2359 310 2385 ut
335 2352 463 2386 solebat
489 2358 628 2386 ventura
656 2364 888 2397 praenoscere:
917 2352 981 2385 ‘In
1007 2351 1098 2395 tuis,'
1117 2352 1175 2394 ait,
1203 2351 1348 2384 ‘finibus
1374 2351 1458 2384 illud
1484 2351 1661 2384 invenies)

128 2397 229 2439 Quod
247 2399 335 2432 sicut
353 2406 422 2432 erat
441 2399 653 2442 vaticinatus,
672 2399 795 2432 evenit.
845 2399 938 2432 Nam
957 2410 1035 2432 511111
1053 2398 1081 2431 15
1102 2397 1196 2444 [MS.
1209 2396 1294 2443 hiis]
1314 2397 1370 2442 qui
1390 2397 1661 2431 commodaverat

127 2443 211 2477 illud
229 2445 390 2490 exigeret,
409 2457 488 2479 ecee
513 2445 650 2490 quidam
669 2445 798 2478 vicinus
823 2451 959 2490 portans
978 2444 1062 2478 illud
1080 2451 1113 2477 et
1131 2444 1246 2477 dicens
1264 2457 1270 2477 :
1298 2448 1307 2463 ⁶
1321 2444 1396 2477 Hoc
1415 2444 1448 2477 in
1466 2455 1542 2477 inea
1560 2443 1660 2476 domo

127 2492 233 2535 reperi
249 2504 258 2533 3
284 2492 342 2525 sed
360 2492 473 2525 nescio
492 2491 581 2525 unde
605 2491 696 2535 illuc,
715 2491 767 2524 vel
792 2492 926 2536 quando
950 2489 1126 2536 pervenit.⁷
1178 2490 1298 2535 Itaque
1316 2490 1406 2535 quod
1424 2491 1512 2524 circa
1531 2490 1660 2523 Dunel-

128 2548 220 2570 mum
239 2538 422 2582 exciderat,
441 2538 475 2571 in
494 2538 669 2572 Galwedia
687 2544 738 2571 est
755 2539 966 2571 inventum.⁷’

172 2584 185 2604 ²
212 2584 284 2617 The
304 2584 399 2618 Harl.
419 2585 494 2618 MS.
512 2585 592 2618 (1055
611 2590 668 2617 1101
685 2585 820 2618 contain
838 2584 905 2618 this
924 2584 1072 2629 chapter.

173 2631 186 2651 3
206 2630 361 2664 Humana
376 2630 506 2677 specie]
535 2631 700 2676 Compare
726 2631 783 2664 the
808 2637 951 2664 account
977 2631 1015 2664 of
1028 2630 1085 2663 the
1111 2641 1318 2675 appearance
1345 2629 1411 2662 and
1436 2629 1528 2661 dress
1550 2628 1588 2661 of
1600 2628 1659 2661 the

126 2677 248 2710 demon
266 2684 299 2710 at
318 2675 336 2722 ᾖ
358 2679 434 2712 153.

175 2725 185 2742 ⁴¹
207 2723 278 2756 Pro
295 2723 464 2770 caritate]
490 2724 554 2757 See
573 2720 612 2768 ἓξ
634 2726 710 2766 154,
729 2726 809 2758 306.

173 2770 186 2788 ⁵
202 2770 321 2803 Potius
338 2769 547 2816 affingens]
576 2770 619 2803 So
637 2770 734 2814 again
753 2770 786 2803 in
805 2770 1000 2814 Reginald's
1024 2769 1175 2803 Libellus
1194 2769 1235 2802 de
1254 2769 1286 2802 S.
1304 2768 1512 2801 Cuthberto:
1538 2769 1557 2785 ⁴⁶
1573 2767 1657 2800 Haec

128 2815 183 2848 ille
204 2815 393 2862 [diabolus]
420 2816 542 2850 deforis
560 2816 712 2859 audiens,
730 2816 882 2849 stridulis
900 2816 1038 2850 vocibus
1060 2815 1270 2849 infremendo
1289 2814 1436 2848 dissiluit
1455 2827 1462 2854 ;
1489 2820 1521 2846 51
1539 2813 1657 2846 barba-

126 2874 199 2895 rum
225 2863 339 2896 nescio
356 2860 436 2907 qnid
456 2862 661 2906 infrendens,
684 2875 855 2907 nunquam
880 2862 1020 2896 ulterius
1038 2863 1079 2896 ad
1098 2874 1174 2896 eum
1197 2861 1377 2895 accessit?
1428 2860 1501 2893 The
1520 2871 1656 2905 expres-

126 2908 199 2941 sion
217 2911 237 2927 “
252 2909 401 2953 frangere
421 2909 556 2951 verba,⁷'
575 2920 692 2942 occurs
710 2909 819 2953 again,
836 2920 868 2954 p.
890 2911 967 2943 133.
