<?xml version="1.0" encoding="UTF-8"?>
<!DOCTYPE html PUBLIC "-//W3C//DTD XHTML 1.0 Transitional//EN"
    "http://www.w3.org/TR/xhtml1/DTD/xhtml1-transitional.dtd">
<html xmlns="http://www.w3.org/1999/xhtml" xml:lang="en" lang="en">
 <head>
  <title>
</title>
<meta http-equiv="Content-Type" content="text/html;charset=utf-8" />
  <meta name='ocr-system' content='tesseract 3.04.00' />
  <meta name='ocr-capabilities' content='ocr_page ocr_carea ocr_par ocr_line ocrx_word'/>
</head>
<body>
  <div class='ocr_page' id='page_1' title='image "./libellusdevitaet00regi_0075.png"; bbox 0 0 1839 3186; ppageno 0'>
   <div class='ocr_carea' id='block_1_1' title="bbox 550 189 1656 229">
    <p class='ocr_par' dir='ltr' id='par_1_1' title="bbox 550 189 1656 229">
     <span class='ocr_line' id='line_1_1' title="bbox 550 189 1656 229; baseline 0.001 -2"><span class='ocrx_word' id='word_1_1' title='bbox 550 197 608 228; x_wconf 86' lang='lat' dir='ltr'>ET</span> <span class='ocrx_word' id='word_1_2' title='bbox 645 196 910 228; x_wconf 73' lang='lat' dir='ltr'>MIRACULIs</span> <span class='ocrx_word' id='word_1_3' title='bbox 946 196 980 228; x_wconf 91' lang='lat' dir='ltr'>s.</span> <span class='ocrx_word' id='word_1_4' title='bbox 1015 197 1230 228; x_wconf 63' lang='lat' dir='ltr'>donarer.</span> <span class='ocrx_word' id='word_1_5' title='bbox 1604 189 1656 229; x_wconf 74' lang='lat'>⁴29</span> 
     </span>
    </p>
   </div>
   <div class='ocr_carea' id='block_1_2' title="bbox 108 300 1659 2619">
    <p class='ocr_par' dir='ltr' id='par_1_2' title="bbox 108 300 1659 2619">
     <span class='ocr_line' id='line_1_2' title="bbox 120 300 1658 356; baseline 0 -13"><span class='ocrx_word' id='word_1_6' title='bbox 120 303 189 343; x_wconf 88' lang='lat' dir='ltr'>nia</span> <span class='ocrx_word' id='word_1_7' title='bbox 224 302 421 352; x_wconf 75' lang='lat' dir='ltr'>exercuit,</span> <span class='ocrx_word' id='word_1_8' title='bbox 457 306 497 342; x_wconf 92' lang='lat' dir='ltr'>et</span> <span class='ocrx_word' id='word_1_9' title='bbox 522 301 708 356; x_wconf 80' lang='lat' dir='ltr'>plurimae</span> <span class='ocrx_word' id='word_1_10' title='bbox 738 300 932 342; x_wconf 87' lang='lat' dir='ltr'>secularis</span> <span class='ocrx_word' id='word_1_11' title='bbox 962 300 1143 342; x_wconf 73' lang='lat' dir='ltr'>scientiae</span> <span class='ocrx_word' id='word_1_12' title='bbox 1172 300 1435 355; x_wconf 71' lang='lat' dir='ltr'>prudentiam</span> <span class='ocrx_word' id='word_1_13' title='bbox 1458 302 1532 343; x_wconf 84' lang='lat' dir='ltr'>sub</span> <span class='ocrx_word' id='word_1_14' title='bbox 1564 302 1658 343; x_wconf 85' lang='lat' dir='ltr'>talis</span> 
     </span>
     <span class='ocr_line' id='line_1_3' title="bbox 121 367 1657 423; baseline -0.001 -13"><span class='ocrx_word' id='word_1_15' title='bbox 121 368 332 410; x_wconf 71' lang='lat' dir='ltr'>industriae</span> <span class='ocrx_word' id='word_1_16' title='bbox 354 368 519 423; x_wconf 89' lang='lat' dir='ltr'>negotio</span> <span class='ocrx_word' id='word_1_17' title='bbox 543 367 700 411; x_wconf 78' lang='lat' dir='ltr'>didicit.</span> <span class='ocrx_word' id='word_1_18' title='bbox 771 367 961 421; x_wconf 88' lang='lat' dir='ltr'>Denique</span> <span class='ocrx_word' id='word_1_19' title='bbox 984 367 1285 408; x_wconf 74' lang='lat' dir='ltr'>adolescentior</span> <span class='ocrx_word' id='word_1_20' title='bbox 1307 372 1430 409; x_wconf 77' lang='lat' dir='ltr'>aetate</span> <span class='ocrx_word' id='word_1_21' title='bbox 1455 373 1496 409; x_wconf 92' lang='lat' dir='ltr'>et</span> <span class='ocrx_word' id='word_1_22' title='bbox 1522 374 1657 410; x_wconf 88' lang='lat' dir='ltr'>matu-</span> 
     </span>
     <span class='ocr_line' id='line_1_4' title="bbox 121 434 1657 490; baseline -0.001 -13"><span class='ocrx_word' id='word_1_23' title='bbox 121 435 214 486; x_wconf 90' lang='lat' dir='ltr'>rior,</span> <span class='ocrx_word' id='word_1_24' title='bbox 252 435 430 490; x_wconf 81' lang='lat' dir='ltr'>graviori</span> <span class='ocrx_word' id='word_1_25' title='bbox 467 435 670 476; x_wconf 81' lang='lat' dir='ltr'>virtutum</span> <span class='ocrx_word' id='word_1_26' title='bbox 702 434 876 475; x_wconf 87' lang='lat' dir='ltr'>honesta</span> <span class='ocrx_word' id='word_1_27' title='bbox 907 434 1230 483; x_wconf 86' lang='lat' dir='ltr'>conversatione,</span> <span class='ocrx_word' id='word_1_28' title='bbox 1259 449 1419 488; x_wconf 77' lang='lat' dir='ltr'>semper</span> <span class='ocrx_word' id='word_1_29' title='bbox 1448 436 1580 490; x_wconf 84' lang='lat' dir='ltr'>magis</span> <span class='ocrx_word' id='word_1_30' title='bbox 1610 450 1657 476; x_wconf 88' lang='lat' dir='ltr'>ac</span> 
     </span>
     <span class='ocr_line' id='line_1_5' title="bbox 119 499 1658 558; baseline 0 -15"><span class='ocrx_word' id='word_1_31' title='bbox 119 502 253 558; x_wconf 87' lang='lat' dir='ltr'>magis</span> <span class='ocrx_word' id='word_1_32' title='bbox 275 502 317 542; x_wconf 91' lang='lat' dir='ltr'>in</span> <span class='ocrx_word' id='word_1_33' title='bbox 351 502 430 542; x_wconf 91' lang='lat' dir='ltr'>Dei</span> <span class='ocrx_word' id='word_1_34' title='bbox 463 502 609 542; x_wconf 90' lang='lat' dir='ltr'>timore</span> <span class='ocrx_word' id='word_1_35' title='bbox 643 499 837 555; x_wconf 88' lang='lat' dir='ltr'>perficere</span> <span class='ocrx_word' id='word_1_36' title='bbox 870 506 911 541; x_wconf 92' lang='lat' dir='ltr'>et</span> <span class='ocrx_word' id='word_1_37' title='bbox 947 500 1143 542; x_wconf 89' lang='lat' dir='ltr'>libentius</span> <span class='ocrx_word' id='word_1_38' title='bbox 1174 515 1317 541; x_wconf 87' lang='lat' dir='ltr'>aurem</span> <span class='ocrx_word' id='word_1_39' title='bbox 1349 501 1484 542; x_wconf 88' lang='lat' dir='ltr'>cordis</span> <span class='ocrx_word' id='word_1_40' title='bbox 1510 502 1658 543; x_wconf 89' lang='lat' dir='ltr'>divinis</span> 
     </span>
     <span class='ocr_line' id='line_1_6' title="bbox 121 566 1658 624; baseline 0 -15"><span class='ocrx_word' id='word_1_41' title='bbox 121 570 241 624; x_wconf 87' lang='lat' dir='ltr'>coepit</span> <span class='ocrx_word' id='word_1_42' title='bbox 275 568 435 618; x_wconf 90' lang='lat' dir='ltr'>studiis,</span> <span class='ocrx_word' id='word_1_43' title='bbox 467 567 635 609; x_wconf 87' lang='lat' dir='ltr'>monitis</span> <span class='ocrx_word' id='word_1_44' title='bbox 667 572 708 608; x_wconf 92' lang='lat' dir='ltr'>et</span> <span class='ocrx_word' id='word_1_45' title='bbox 744 567 938 622; x_wconf 88' lang='lat' dir='ltr'>imperiis,</span> <span class='ocrx_word' id='word_1_46' title='bbox 977 566 1185 608; x_wconf 84' lang='lat' dir='ltr'>inclinare.</span> <span class='ocrx_word' id='word_1_47' title='bbox 1259 567 1342 607; x_wconf 87' lang='lat' dir='ltr'>Per</span> <span class='ocrx_word' id='word_1_48' title='bbox 1373 582 1537 621; x_wconf 77' lang='lat' dir='ltr'>aequora</span> <span class='ocrx_word' id='word_1_49' title='bbox 1567 573 1658 609; x_wconf 88' lang='lat' dir='ltr'>tan-</span> 
     </span>
     <span class='ocr_line' id='line_1_7' title="bbox 121 633 1656 690; baseline 0 -14"><span class='ocrx_word' id='word_1_50' title='bbox 121 635 215 676; x_wconf 90' lang='lat' dir='ltr'>dem</span> <span class='ocrx_word' id='word_1_51' title='bbox 237 635 387 690; x_wconf 79' lang='lat' dir='ltr'>saepius</span> <span class='ocrx_word' id='word_1_52' title='bbox 408 634 571 690; x_wconf 87' lang='lat' dir='ltr'>navigio</span> <span class='ocrx_word' id='word_1_53' title='bbox 592 639 750 683; x_wconf 87' lang='lat' dir='ltr'>vectus,</span> <span class='ocrx_word' id='word_1_54' title='bbox 777 633 989 675; x_wconf 77' lang='lat' dir='ltr'>multoties</span> <span class='ocrx_word' id='word_1_55' title='bbox 1010 634 1135 675; x_wconf 87' lang='lat' dir='ltr'>maris</span> <span class='ocrx_word' id='word_1_56' title='bbox 1160 639 1221 674; x_wconf 88' lang='lat' dir='ltr'>est</span> <span class='ocrx_word' id='word_1_57' title='bbox 1245 633 1425 688; x_wconf 84' lang='lat' dir='ltr'>pericula</span> <span class='ocrx_word' id='word_1_58' title='bbox 1448 641 1656 689; x_wconf 79' lang='lat' dir='ltr'>expertus,</span> 
     </span>
     <span class='ocr_line' id='line_1_8' title="bbox 120 700 1658 757; baseline -0.001 -14"><span class='ocrx_word' id='word_1_59' title='bbox 120 702 216 743; x_wconf 80' lang='lat' dir='ltr'>lleet</span> <span class='ocrx_word' id='word_1_60' title='bbox 248 702 328 743; x_wconf 90' lang='lat' dir='ltr'>Dei</span> <span class='ocrx_word' id='word_1_61' title='bbox 362 701 604 757; x_wconf 82' lang='lat' dir='ltr'>providente</span> <span class='ocrx_word' id='word_1_62' title='bbox 631 701 862 750; x_wconf 88' lang='lat' dir='ltr'>clementia,</span> <span class='ocrx_word' id='word_1_63' title='bbox 888 716 913 741; x_wconf 88' lang='lat' dir='ltr'>a</span> <span class='ocrx_word' id='word_1_64' title='bbox 941 700 1145 755; x_wconf 85' lang='lat' dir='ltr'>naufragii</span> <span class='ocrx_word' id='word_1_65' title='bbox 1168 700 1393 755; x_wconf 77' lang='lat' dir='ltr'>dispendiis</span> <span class='ocrx_word' id='word_1_66' title='bbox 1415 700 1538 742; x_wconf 83' lang='lat' dir='ltr'>fuerit</span> <span class='ocrx_word' id='word_1_67' title='bbox 1560 702 1658 742; x_wconf 91' lang='lat' dir='ltr'>libe-</span> 
     </span>
     <span class='ocr_line' id='line_1_9' title="bbox 120 766 1659 822; baseline -0.001 -12"><span class='ocrx_word' id='word_1_68' title='bbox 120 774 245 810; x_wconf 55' lang='lat' dir='ltr'>ratus,</span> <span class='ocrx_word' id='word_1_69' title='bbox 322 768 402 821; x_wconf 70' lang='lat' dir='ltr'>Qui</span> <span class='ocrx_word' id='word_1_70' title='bbox 441 767 550 809; x_wconf 91' lang='lat' dir='ltr'>enim</span> <span class='ocrx_word' id='word_1_71' title='bbox 582 768 761 808; x_wconf 88' lang='lat' dir='ltr'>Beatum</span> <span class='ocrx_word' id='word_1_72' title='bbox 799 766 992 808; x_wconf 83' lang='lat' dir='ltr'>1Petrum</span> <span class='ocrx_word' id='word_1_73' title='bbox 1027 767 1279 821; x_wconf 87' lang='lat' dir='ltr'>Apostolum</span> <span class='ocrx_word' id='word_1_74' title='bbox 1319 767 1493 822; x_wconf 85' lang='lat' dir='ltr'>desuper</span> <span class='ocrx_word' id='word_1_75' title='bbox 1528 768 1659 809; x_wconf 86' lang='lat' dir='ltr'>maria</span> 
     </span>
     <span class='ocr_line' id='line_1_10' title="bbox 119 833 1656 890; baseline 0 -14"><span class='ocrx_word' id='word_1_76' title='bbox 119 835 388 890; x_wconf 77' lang='lat' dir='ltr'>gradientem,</span> <span class='ocrx_word' id='word_1_77' title='bbox 413 839 736 885; x_wconf 71' lang='lat' dir='ltr'>conservaverat,</span> <span class='ocrx_word' id='word_1_78' title='bbox 766 834 861 888; x_wconf 90' lang='lat' dir='ltr'>Ipse</span> <span class='ocrx_word' id='word_1_79' title='bbox 887 833 1073 875; x_wconf 78' lang='lat' dir='ltr'>dexterae</span> <span class='ocrx_word' id='word_1_80' title='bbox 1103 833 1197 874; x_wconf 79' lang='lat' dir='ltr'>Suae</span> <span class='ocrx_word' id='word_1_81' title='bbox 1228 833 1415 888; x_wconf 88' lang='lat' dir='ltr'>potentia</span> <span class='ocrx_word' id='word_1_82' title='bbox 1446 850 1519 876; x_wconf 89' lang='lat' dir='ltr'>vas</span> <span class='ocrx_word' id='word_1_83' title='bbox 1554 836 1656 876; x_wconf 86' lang='lat' dir='ltr'>elec-</span> 
     </span>
     <span class='ocr_line' id='line_1_11' title="bbox 120 900 1657 955; baseline -0.001 -12"><span class='ocrx_word' id='word_1_84' title='bbox 120 902 243 944; x_wconf 90' lang='lat' dir='ltr'>tionis</span> <span class='ocrx_word' id='word_1_85' title='bbox 272 903 459 943; x_wconf 89' lang='lat' dir='ltr'>futurum</span> <span class='ocrx_word' id='word_1_86' title='bbox 491 901 544 942; x_wconf 87' lang='lat' dir='ltr'>ab</span> <span class='ocrx_word' id='word_1_87' title='bbox 575 901 687 941; x_wconf 89' lang='lat' dir='ltr'>omni</span> <span class='ocrx_word' id='word_1_88' title='bbox 720 900 993 955; x_wconf 79' lang='lat' dir='ltr'>periculorum</span> <span class='ocrx_word' id='word_1_89' title='bbox 1021 900 1246 941; x_wconf 84' lang='lat' dir='ltr'>infortunio</span> <span class='ocrx_word' id='word_1_90' title='bbox 1269 906 1457 955; x_wconf 90' lang='lat' dir='ltr'>ereptum</span> <span class='ocrx_word' id='word_1_91' title='bbox 1494 916 1657 943; x_wconf 86' lang='lat' dir='ltr'>conser-</span> 
     </span>
     <span class='ocr_line' id='line_1_12' title="bbox 121 966 1657 1021; baseline 0 -11"><span class='ocrx_word' id='word_1_92' title='bbox 121 969 258 1010; x_wconf 84' lang='lat' dir='ltr'>vabat.</span> <span class='ocrx_word' id='word_1_93' title='bbox 322 968 403 1018; x_wconf 85' lang='lat' dir='ltr'>Sic,</span> <span class='ocrx_word' id='word_1_94' title='bbox 444 968 500 1009; x_wconf 89' lang='lat' dir='ltr'>sic</span> <span class='ocrx_word' id='word_1_95' title='bbox 536 967 749 1008; x_wconf 89' lang='lat' dir='ltr'>multoties</span> <span class='ocrx_word' id='word_1_96' title='bbox 777 966 1051 1021; x_wconf 83' lang='lat' dir='ltr'>periculorum</span> <span class='ocrx_word' id='word_1_97' title='bbox 1089 967 1261 1008; x_wconf 85' lang='lat' dir='ltr'>edoctus</span> <span class='ocrx_word' id='word_1_98' title='bbox 1297 967 1495 1019; x_wconf 75' lang='lat' dir='ltr'>miserias,</span> <span class='ocrx_word' id='word_1_99' title='bbox 1531 968 1657 1010; x_wconf 83' lang='lat' dir='ltr'>Sanc—</span> 
     </span>
     <span class='ocr_line' id='line_1_13' title="bbox 108 1033 1655 1088; baseline 0 -12"><span class='ocrx_word' id='word_1_100' title='bbox 108 1040 256 1076; x_wconf 81' lang='lat' dir='ltr'>torum</span> <span class='ocrx_word' id='word_1_101' title='bbox 294 1034 374 1076; x_wconf 89' lang='lat' dir='ltr'>Dei</span> <span class='ocrx_word' id='word_1_102' title='bbox 411 1033 683 1088; x_wconf 88' lang='lat' dir='ltr'>quorumdam</span> <span class='ocrx_word' id='word_1_103' title='bbox 715 1033 836 1088; x_wconf 87' lang='lat' dir='ltr'>coepit</span> <span class='ocrx_word' id='word_1_104' title='bbox 873 1033 1085 1074; x_wconf 81' lang='lat' dir='ltr'>ardentius</span> <span class='ocrx_word' id='word_1_105' title='bbox 1127 1033 1352 1074; x_wconf 81' lang='lat' dir='ltr'>excolendo</span> <span class='ocrx_word' id='word_1_106' title='bbox 1382 1034 1655 1088; x_wconf 81' lang='lat' dir='ltr'>frequentare,</span> 
     </span>
     <span class='ocr_line' id='line_1_14' title="bbox 119 1099 1657 1155; baseline 0 -12"><span class='ocrx_word' id='word_1_107' title='bbox 119 1102 316 1151; x_wconf 86' lang='lat' dir='ltr'>venerari,</span> <span class='ocrx_word' id='word_1_108' title='bbox 340 1107 382 1142; x_wconf 91' lang='lat' dir='ltr'>et</span> <span class='ocrx_word' id='word_1_109' title='bbox 409 1100 667 1155; x_wconf 89' lang='lat' dir='ltr'>interpellere</span> <span class='ocrx_word' id='word_1_110' title='bbox 695 1099 949 1150; x_wconf 71' lang='lat' dir='ltr'>2mem0rias,</span> <span class='ocrx_word' id='word_1_111' title='bbox 968 1104 1092 1153; x_wconf 87' lang='lat' dir='ltr'>atque</span> <span class='ocrx_word' id='word_1_112' title='bbox 1118 1099 1197 1141; x_wconf 89' lang='lat' dir='ltr'>illis</span> <span class='ocrx_word' id='word_1_113' title='bbox 1220 1105 1456 1141; x_wconf 83' lang='lat' dir='ltr'>sanctorum</span> <span class='ocrx_word' id='word_1_114' title='bbox 1489 1117 1657 1143; x_wconf 87' lang='lat' dir='ltr'>venera-</span> 
     </span>
     <span class='ocr_line' id='line_1_15' title="bbox 119 1166 1655 1223; baseline 0 -14"><span class='ocrx_word' id='word_1_115' title='bbox 119 1168 277 1209; x_wconf 91' lang='lat' dir='ltr'>tionum</span> <span class='ocrx_word' id='word_1_116' title='bbox 304 1167 517 1223; x_wconf 83' lang='lat' dir='ltr'>praeconiis</span> <span class='ocrx_word' id='word_1_117' title='bbox 542 1182 628 1208; x_wconf 89' lang='lat' dir='ltr'>sese</span> <span class='ocrx_word' id='word_1_118' title='bbox 658 1171 796 1208; x_wconf 88' lang='lat' dir='ltr'>totum</span> <span class='ocrx_word' id='word_1_119' title='bbox 819 1166 1058 1207; x_wconf 86' lang='lat' dir='ltr'>devovendo</span> <span class='ocrx_word' id='word_1_120' title='bbox 1086 1167 1336 1221; x_wconf 85' lang='lat' dir='ltr'>mancipare.</span> <span class='ocrx_word' id='word_1_121' title='bbox 1401 1167 1450 1207; x_wconf 88' lang='lat' dir='ltr'>In</span> <span class='ocrx_word' id='word_1_122' title='bbox 1483 1183 1655 1221; x_wconf 84' lang='lat' dir='ltr'>quorum</span> 
     </span>
     <span class='ocr_line' id='line_1_16' title="bbox 119 1232 1655 1289; baseline 0 -13"><span class='ocrx_word' id='word_1_123' title='bbox 119 1235 375 1276; x_wconf 82' lang='lat' dir='ltr'>invocatione</span> <span class='ocrx_word' id='word_1_124' title='bbox 410 1233 623 1275; x_wconf 89' lang='lat' dir='ltr'>nominum</span> <span class='ocrx_word' id='word_1_125' title='bbox 657 1232 900 1274; x_wconf 85' lang='lat' dir='ltr'>ereberrime</span> <span class='ocrx_word' id='word_1_126' title='bbox 942 1232 1119 1288; x_wconf 85' lang='lat' dir='ltr'>experiri</span> <span class='ocrx_word' id='word_1_127' title='bbox 1159 1233 1316 1274; x_wconf 82' lang='lat' dir='ltr'>solebat</span> <span class='ocrx_word' id='word_1_128' title='bbox 1354 1233 1548 1289; x_wconf 85' lang='lat' dir='ltr'>suffragia</span> <span class='ocrx_word' id='word_1_129' title='bbox 1579 1235 1655 1277; x_wconf 89' lang='lat' dir='ltr'>sibi</span> 
     </span>
     <span class='ocr_line' id='line_1_17' title="bbox 119 1299 1657 1357; baseline 0.001 -15"><span class='ocrx_word' id='word_1_130' title='bbox 119 1307 323 1357; x_wconf 83' lang='lat' dir='ltr'>promptae</span> <span class='ocrx_word' id='word_1_131' title='bbox 358 1301 646 1342; x_wconf 82' lang='lat' dir='ltr'>consolationis</span> <span class='ocrx_word' id='word_1_132' title='bbox 683 1300 839 1341; x_wconf 88' lang='lat' dir='ltr'>adesse.</span> <span class='ocrx_word' id='word_1_133' title='bbox 923 1299 1108 1352; x_wconf 70' lang='lat' dir='ltr'>Quorum</span> <span class='ocrx_word' id='word_1_134' title='bbox 1148 1300 1346 1340; x_wconf 91' lang='lat' dir='ltr'>nonnulla</span> <span class='ocrx_word' id='word_1_135' title='bbox 1382 1315 1407 1340; x_wconf 92' lang='lat' dir='ltr'>a</span> <span class='ocrx_word' id='word_1_136' title='bbox 1447 1301 1657 1343; x_wconf 83' lang='lat' dir='ltr'>sodalibus</span> 
     </span>
     <span class='ocr_line' id='line_1_18' title="bbox 119 1366 1656 1423; baseline 0.001 -14"><span class='ocrx_word' id='word_1_137' title='bbox 119 1383 256 1409; x_wconf 84' lang='lat' dir='ltr'>secum</span> <span class='ocrx_word' id='word_1_138' title='bbox 279 1368 426 1423; x_wconf 86' lang='lat' dir='ltr'>saepius</span> <span class='ocrx_word' id='word_1_139' title='bbox 447 1367 488 1407; x_wconf 92' lang='lat' dir='ltr'>in</span> <span class='ocrx_word' id='word_1_140' title='bbox 509 1367 824 1408; x_wconf 87' lang='lat' dir='ltr'>tribulationum</span> <span class='ocrx_word' id='word_1_141' title='bbox 849 1366 1029 1421; x_wconf 90' lang='lat' dir='ltr'>periculo</span> <span class='ocrx_word' id='word_1_142' title='bbox 1050 1366 1195 1421; x_wconf 90' lang='lat' dir='ltr'>positis</span> <span class='ocrx_word' id='word_1_143' title='bbox 1218 1366 1376 1417; x_wconf 88' lang='lat' dir='ltr'>didicit,</span> <span class='ocrx_word' id='word_1_144' title='bbox 1401 1372 1441 1408; x_wconf 92' lang='lat' dir='ltr'>et</span> <span class='ocrx_word' id='word_1_145' title='bbox 1463 1368 1656 1422; x_wconf 80' lang='lat' dir='ltr'>quaedam</span> 
     </span>
     <span class='ocr_line' id='line_1_19' title="bbox 119 1432 1656 1489; baseline 0 -13"><span class='ocrx_word' id='word_1_146' title='bbox 119 1450 170 1476; x_wconf 82' lang='lat' dir='ltr'>ex</span> <span class='ocrx_word' id='word_1_147' title='bbox 215 1434 487 1489; x_wconf 88' lang='lat' dir='ltr'>quorumdam</span> <span class='ocrx_word' id='word_1_148' title='bbox 525 1432 636 1474; x_wconf 89' lang='lat' dir='ltr'>fideli</span> <span class='ocrx_word' id='word_1_149' title='bbox 676 1433 887 1483; x_wconf 81' lang='lat' dir='ltr'>relatione,</span> <span class='ocrx_word' id='word_1_150' title='bbox 933 1433 1130 1474; x_wconf 86' lang='lat' dir='ltr'>nonnulla</span> <span class='ocrx_word' id='word_1_151' title='bbox 1171 1448 1267 1474; x_wconf 92' lang='lat' dir='ltr'>vero</span> <span class='ocrx_word' id='word_1_152' title='bbox 1324 1449 1377 1475; x_wconf 80' lang='lat' dir='ltr'>ex</span> <span class='ocrx_word' id='word_1_153' title='bbox 1418 1440 1656 1476; x_wconf 87' lang='lat' dir='ltr'>sanctorum</span> 
     </span>
     <span class='ocr_line' id='line_1_20' title="bbox 118 1499 1655 1555; baseline 0.001 -13"><span class='ocrx_word' id='word_1_154' title='bbox 118 1502 299 1542; x_wconf 89' lang='lat' dir='ltr'>locorum</span> <span class='ocrx_word' id='word_1_155' title='bbox 331 1500 688 1555; x_wconf 80' lang='lat' dir='ltr'>3frequentissimo</span> <span class='ocrx_word' id='word_1_156' title='bbox 721 1501 808 1541; x_wconf 91' lang='lat' dir='ltr'>visu</span> <span class='ocrx_word' id='word_1_157' title='bbox 853 1499 973 1541; x_wconf 88' lang='lat' dir='ltr'>simul</span> <span class='ocrx_word' id='word_1_158' title='bbox 1006 1504 1047 1540; x_wconf 89' lang='lat' dir='ltr'>et</span> <span class='ocrx_word' id='word_1_159' title='bbox 1078 1499 1325 1550; x_wconf 86' lang='lat' dir='ltr'>visitatione,</span> <span class='ocrx_word' id='word_1_160' title='bbox 1359 1501 1655 1543; x_wconf 88' lang='lat' dir='ltr'>consuetudine</span> 
     </span>
     <span class='ocr_line' id='line_1_21' title="bbox 119 1566 1653 1623; baseline 0.001 -15"><span class='ocrx_word' id='word_1_161' title='bbox 119 1568 329 1619; x_wconf 81' lang='lat' dir='ltr'>edocente,</span> <span class='ocrx_word' id='word_1_162' title='bbox 353 1567 531 1622; x_wconf 79' lang='lat' dir='ltr'>collegit.</span> <span class='ocrx_word' id='word_1_163' title='bbox 596 1566 783 1608; x_wconf 87' lang='lat' dir='ltr'>Tandem</span> <span class='ocrx_word' id='word_1_164' title='bbox 822 1581 982 1621; x_wconf 89' lang='lat' dir='ltr'>semper</span> <span class='ocrx_word' id='word_1_165' title='bbox 1012 1566 1161 1607; x_wconf 84' lang='lat' dir='ltr'>altiora</span> <span class='ocrx_word' id='word_1_166' title='bbox 1183 1571 1382 1621; x_wconf 86' lang='lat' dir='ltr'>appetens</span> <span class='ocrx_word' id='word_1_167' title='bbox 1413 1572 1454 1608; x_wconf 92' lang='lat' dir='ltr'>et</span> <span class='ocrx_word' id='word_1_168' title='bbox 1488 1568 1542 1609; x_wconf 87' lang='lat' dir='ltr'>ad</span> <span class='ocrx_word' id='word_1_169' title='bbox 1565 1584 1653 1623; x_wconf 90' lang='lat' dir='ltr'>pro-</span> 
     </span>
     <span class='ocr_line' id='line_1_22' title="bbox 119 1633 1655 1688; baseline 0 -13"><span class='ocrx_word' id='word_1_170' title='bbox 119 1635 300 1676; x_wconf 86' lang='lat' dir='ltr'>vectiora</span> <span class='ocrx_word' id='word_1_171' title='bbox 332 1634 466 1675; x_wconf 89' lang='lat' dir='ltr'>cordis</span> <span class='ocrx_word' id='word_1_172' title='bbox 507 1633 708 1675; x_wconf 88' lang='lat' dir='ltr'>desiderio</span> <span class='ocrx_word' id='word_1_173' title='bbox 740 1634 960 1688; x_wconf 87' lang='lat' dir='ltr'>suspirans,</span> <span class='ocrx_word' id='word_1_174' title='bbox 1000 1633 1049 1674; x_wconf 91' lang='lat' dir='ltr'>de</span> <span class='ocrx_word' id='word_1_175' title='bbox 1082 1633 1207 1674; x_wconf 90' lang='lat' dir='ltr'>nimio</span> <span class='ocrx_word' id='word_1_176' title='bbox 1239 1633 1378 1674; x_wconf 88' lang='lat' dir='ltr'>labore</span> <span class='ocrx_word' id='word_1_177' title='bbox 1415 1634 1655 1676; x_wconf 88' lang='lat' dir='ltr'>sollicitudi-</span> 
     </span>
     <span class='ocr_line' id='line_1_23' title="bbox 119 1699 1654 1755; baseline 0.001 -14"><span class='ocrx_word' id='word_1_178' title='bbox 119 1716 230 1751; x_wconf 90' lang='lat' dir='ltr'>num,</span> <span class='ocrx_word' id='word_1_179' title='bbox 274 1700 509 1742; x_wconf 89' lang='lat' dir='ltr'>multimodi</span> <span class='ocrx_word' id='word_1_180' title='bbox 546 1705 764 1755; x_wconf 87' lang='lat' dir='ltr'>provectus</span> <span class='ocrx_word' id='word_1_181' title='bbox 805 1699 999 1741; x_wconf 89' lang='lat' dir='ltr'>secularis</span> <span class='ocrx_word' id='word_1_182' title='bbox 1039 1700 1200 1754; x_wconf 87' lang='lat' dir='ltr'>assequi</span> <span class='ocrx_word' id='word_1_183' title='bbox 1240 1700 1466 1754; x_wconf 88' lang='lat' dir='ltr'>promeruit</span> <span class='ocrx_word' id='word_1_184' title='bbox 1500 1702 1654 1742; x_wconf 90' lang='lat' dir='ltr'>emolu-</span> 
     </span>
     <span class='ocr_line' id='line_1_24' title="bbox 119 1764 1654 1822; baseline 0.001 -14"><span class='ocrx_word' id='word_1_185' title='bbox 119 1772 319 1808; x_wconf 89' lang='lat' dir='ltr'>mentum.</span> <span class='ocrx_word' id='word_1_186' title='bbox 391 1767 500 1807; x_wconf 91' lang='lat' dir='ltr'>Nam</span> <span class='ocrx_word' id='word_1_187' title='bbox 531 1771 572 1807; x_wconf 90' lang='lat' dir='ltr'>et</span> <span class='ocrx_word' id='word_1_188' title='bbox 603 1766 726 1806; x_wconf 90' lang='lat' dir='ltr'>modo</span> <span class='ocrx_word' id='word_1_189' title='bbox 753 1766 993 1807; x_wconf 89' lang='lat' dir='ltr'>mercatoris</span> <span class='ocrx_word' id='word_1_190' title='bbox 1023 1764 1154 1806; x_wconf 80' lang='lat' dir='ltr'>officio</span> <span class='ocrx_word' id='word_1_191' title='bbox 1186 1766 1384 1821; x_wconf 87' lang='lat' dir='ltr'>fungitur,</span> <span class='ocrx_word' id='word_1_192' title='bbox 1410 1768 1654 1822; x_wconf 81' lang='lat' dir='ltr'>quandoque</span> 
     </span>
     <span class='ocr_line' id='line_1_25' title="bbox 119 1832 1655 1889; baseline 0.001 -15"><span class='ocrx_word' id='word_1_193' title='bbox 119 1849 215 1875; x_wconf 87' lang='lat' dir='ltr'>vero</span> <span class='ocrx_word' id='word_1_194' title='bbox 246 1833 426 1874; x_wconf 88' lang='lat' dir='ltr'>naucleri</span> <span class='ocrx_word' id='word_1_195' title='bbox 458 1832 655 1888; x_wconf 82' lang='lat' dir='ltr'>regimine</span> <span class='ocrx_word' id='word_1_196' title='bbox 686 1832 913 1873; x_wconf 87' lang='lat' dir='ltr'>fruebatur.</span> <span class='ocrx_word' id='word_1_197' title='bbox 984 1832 1089 1872; x_wconf 84' lang='lat' dir='ltr'>Erat</span> <span class='ocrx_word' id='word_1_198' title='bbox 1126 1832 1321 1873; x_wconf 88' lang='lat' dir='ltr'>nimirum</span> <span class='ocrx_word' id='word_1_199' title='bbox 1352 1834 1545 1876; x_wconf 89' lang='lat' dir='ltr'>robustus</span> <span class='ocrx_word' id='word_1_200' title='bbox 1581 1850 1655 1889; x_wconf 88' lang='lat' dir='ltr'>per</span> 
     </span>
     <span class='ocr_line' id='line_1_26' title="bbox 120 1898 1654 1955; baseline 0.001 -15"><span class='ocrx_word' id='word_1_201' title='bbox 120 1899 257 1941; x_wconf 90' lang='lat' dir='ltr'>omnia</span> <span class='ocrx_word' id='word_1_202' title='bbox 289 1905 330 1941; x_wconf 92' lang='lat' dir='ltr'>et</span> <span class='ocrx_word' id='word_1_203' title='bbox 361 1900 520 1954; x_wconf 85' lang='lat' dir='ltr'>integer</span> <span class='ocrx_word' id='word_1_204' title='bbox 554 1899 722 1949; x_wconf 90' lang='lat' dir='ltr'>viribus,</span> <span class='ocrx_word' id='word_1_205' title='bbox 756 1903 796 1939; x_wconf 90' lang='lat' dir='ltr'>et</span> <span class='ocrx_word' id='word_1_206' title='bbox 833 1898 934 1939; x_wconf 90' lang='lat' dir='ltr'>nulli</span> <span class='ocrx_word' id='word_1_207' title='bbox 970 1903 1275 1940; x_wconf 79' lang='lat' dir='ltr'>coaetaneorum</span> <span class='ocrx_word' id='word_1_208' title='bbox 1313 1914 1479 1941; x_wconf 90' lang='lat' dir='ltr'>suorum</span> <span class='ocrx_word' id='word_1_209' title='bbox 1515 1900 1654 1955; x_wconf 85' lang='lat' dir='ltr'>dispar</span> 
     </span>
     <span class='ocr_line' id='line_1_27' title="bbox 119 1965 1655 2022; baseline 0.001 -15"><span class='ocrx_word' id='word_1_210' title='bbox 119 1967 184 2007; x_wconf 88' lang='lat' dir='ltr'>vel</span> <span class='ocrx_word' id='word_1_211' title='bbox 220 1966 386 2007; x_wconf 88' lang='lat' dir='ltr'>inferior</span> <span class='ocrx_word' id='word_1_212' title='bbox 417 1967 459 2007; x_wconf 93' lang='lat' dir='ltr'>in</span> <span class='ocrx_word' id='word_1_213' title='bbox 490 1965 697 2019; x_wconf 88' lang='lat' dir='ltr'>aliquibus</span> <span class='ocrx_word' id='word_1_214' title='bbox 723 1980 899 2015; x_wconf 91' lang='lat' dir='ltr'>morum,</span> <span class='ocrx_word' id='word_1_215' title='bbox 932 1980 1115 2020; x_wconf 87' lang='lat' dir='ltr'>operum,</span> <span class='ocrx_word' id='word_1_216' title='bbox 1143 1966 1227 2007; x_wconf 89' lang='lat' dir='ltr'>sive</span> <span class='ocrx_word' id='word_1_217' title='bbox 1260 1966 1493 2018; x_wconf 85' lang='lat' dir='ltr'>effectuum,</span> <span class='ocrx_word' id='word_1_218' title='bbox 1517 1968 1655 2022; x_wconf 84' lang='lat' dir='ltr'>probis</span> 
     </span>
     <span class='ocr_line' id='line_1_28' title="bbox 119 2031 1652 2088; baseline 0.001 -15"><span class='ocrx_word' id='word_1_219' title='bbox 119 2033 496 2074; x_wconf 82' lang='lat' dir='ltr'>exercitationibus.</span> <span class='ocrx_word' id='word_1_220' title='bbox 558 2031 626 2073; x_wconf 85' lang='lat' dir='ltr'>Sic</span> <span class='ocrx_word' id='word_1_221' title='bbox 648 2032 871 2073; x_wconf 88' lang='lat' dir='ltr'>secularem</span> <span class='ocrx_word' id='word_1_222' title='bbox 901 2032 1221 2073; x_wconf 83' lang='lat' dir='ltr'>conversationis</span> <span class='ocrx_word' id='word_1_223' title='bbox 1242 2033 1462 2074; x_wconf 77' lang='lat' dir='ltr'>mundanae</span> <span class='ocrx_word' id='word_1_224' title='bbox 1485 2049 1652 2088; x_wconf 87' lang='lat' dir='ltr'>operam</span> 
     </span>
     <span class='ocr_line' id='line_1_29' title="bbox 119 2098 1653 2154; baseline 0.001 -14"><span class='ocrx_word' id='word_1_225' title='bbox 119 2114 356 2154; x_wconf 82' lang='lat' dir='ltr'>exsequens,</span> <span class='ocrx_word' id='word_1_226' title='bbox 381 2105 422 2140; x_wconf 89' lang='lat' dir='ltr'>et</span> <span class='ocrx_word' id='word_1_227' title='bbox 450 2098 714 2140; x_wconf 90' lang='lat' dir='ltr'>nihilominus</span> <span class='ocrx_word' id='word_1_228' title='bbox 744 2103 885 2140; x_wconf 87' lang='lat' dir='ltr'>tamen</span> <span class='ocrx_word' id='word_1_229' title='bbox 917 2114 1005 2152; x_wconf 82' lang='lat' dir='ltr'>quae</span> <span class='ocrx_word' id='word_1_230' title='bbox 1038 2098 1119 2139; x_wconf 91' lang='lat' dir='ltr'>Dei</span> <span class='ocrx_word' id='word_1_231' title='bbox 1154 2104 1269 2140; x_wconf 86' lang='lat' dir='ltr'>erant</span> <span class='ocrx_word' id='word_1_232' title='bbox 1296 2114 1369 2154; x_wconf 87' lang='lat' dir='ltr'>pro</span> <span class='ocrx_word' id='word_1_233' title='bbox 1408 2100 1534 2140; x_wconf 89' lang='lat' dir='ltr'>animi</span> <span class='ocrx_word' id='word_1_234' title='bbox 1556 2107 1653 2142; x_wconf 90' lang='lat' dir='ltr'>voto</span> 
     </span>
     <span class='ocr_line' id='line_1_30' title="bbox 118 2164 1654 2221; baseline 0.001 -14"><span class='ocrx_word' id='word_1_235' title='bbox 118 2181 277 2221; x_wconf 86' lang='lat' dir='ltr'>semper</span> <span class='ocrx_word' id='word_1_236' title='bbox 304 2165 486 2207; x_wconf 84' lang='lat' dir='ltr'>studiose</span> <span class='ocrx_word' id='word_1_237' title='bbox 514 2180 757 2220; x_wconf 91' lang='lat' dir='ltr'>proponens.</span> <span class='ocrx_word' id='word_1_238' title='bbox 821 2164 947 2205; x_wconf 89' lang='lat' dir='ltr'>Unde</span> <span class='ocrx_word' id='word_1_239' title='bbox 969 2170 1010 2205; x_wconf 88' lang='lat' dir='ltr'>et</span> <span class='ocrx_word' id='word_1_240' title='bbox 1032 2165 1241 2206; x_wconf 85' lang='lat' dir='ltr'>mercandi</span> <span class='ocrx_word' id='word_1_241' title='bbox 1263 2166 1398 2220; x_wconf 85' lang='lat' dir='ltr'>gratia</span> <span class='ocrx_word' id='word_1_242' title='bbox 1419 2166 1654 2221; x_wconf 86' lang='lat' dir='ltr'>frequenter</span> 
     </span>
     <span class='ocr_line' id='line_1_31' title="bbox 118 2231 1652 2289; baseline 0.001 -16"><span class='ocrx_word' id='word_1_243' title='bbox 118 2232 160 2273; x_wconf 89' lang='lat' dir='ltr'>in</span> <span class='ocrx_word' id='word_1_244' title='bbox 185 2232 360 2273; x_wconf 89' lang='lat' dir='ltr'>Daciam</span> <span class='ocrx_word' id='word_1_245' title='bbox 392 2232 492 2282; x_wconf 85' lang='lat' dir='ltr'>ibat,</span> <span class='ocrx_word' id='word_1_246' title='bbox 533 2237 574 2273; x_wconf 90' lang='lat' dir='ltr'>et</span> <span class='ocrx_word' id='word_1_247' title='bbox 606 2231 822 2286; x_wconf 88' lang='lat' dir='ltr'>aliquoties</span> <span class='ocrx_word' id='word_1_248' title='bbox 854 2231 895 2271; x_wconf 91' lang='lat' dir='ltr'>in</span> <span class='ocrx_word' id='word_1_249' title='bbox 928 2231 1171 2272; x_wconf 87' lang='lat' dir='ltr'>Flandriam</span> <span class='ocrx_word' id='word_1_250' title='bbox 1202 2232 1355 2287; x_wconf 89' lang='lat' dir='ltr'>navigii</span> <span class='ocrx_word' id='word_1_251' title='bbox 1387 2233 1541 2289; x_wconf 88' lang='lat' dir='ltr'>remige</span> <span class='ocrx_word' id='word_1_252' title='bbox 1563 2249 1652 2288; x_wconf 88' lang='lat' dir='ltr'>per-</span> 
     </span>
     <span class='ocr_line' id='line_1_32' title="bbox 118 2296 1651 2353; baseline 0.001 -13"><span class='ocrx_word' id='word_1_253' title='bbox 118 2299 312 2346; x_wconf 87' lang='lat' dir='ltr'>volabat;</span> <span class='ocrx_word' id='word_1_254' title='bbox 354 2304 394 2339; x_wconf 92' lang='lat' dir='ltr'>et</span> <span class='ocrx_word' id='word_1_255' title='bbox 426 2298 525 2339; x_wconf 88' lang='lat' dir='ltr'>dmn</span> <span class='ocrx_word' id='word_1_256' title='bbox 555 2298 814 2353; x_wconf 87' lang='lat' dir='ltr'>oportunitas</span> <span class='ocrx_word' id='word_1_257' title='bbox 840 2296 1034 2352; x_wconf 80' lang='lat' dir='ltr'>juvabat,</span> <span class='ocrx_word' id='word_1_258' title='bbox 1067 2298 1210 2339; x_wconf 88' lang='lat' dir='ltr'>littora</span> <span class='ocrx_word' id='word_1_259' title='bbox 1244 2299 1403 2340; x_wconf 88' lang='lat' dir='ltr'>marina</span> <span class='ocrx_word' id='word_1_260' title='bbox 1440 2300 1651 2350; x_wconf 81' lang='lat' dir='ltr'>circuiens,</span> 
     </span>
     <span class='ocr_line' id='line_1_33' title="bbox 118 2363 1653 2420; baseline 0.001 -15"><span class='ocrx_word' id='word_1_261' title='bbox 118 2365 329 2406; x_wconf 88' lang='lat' dir='ltr'>multoties</span> <span class='ocrx_word' id='word_1_262' title='bbox 357 2365 411 2405; x_wconf 90' lang='lat' dir='ltr'>ad</span> <span class='ocrx_word' id='word_1_263' title='bbox 446 2364 664 2406; x_wconf 81' lang='lat' dir='ltr'>Scotorum</span> <span class='ocrx_word' id='word_1_264' title='bbox 686 2363 786 2406; x_wconf 88' lang='lat' dir='ltr'>fines</span> <span class='ocrx_word' id='word_1_265' title='bbox 810 2364 1067 2405; x_wconf 86' lang='lat' dir='ltr'>deveniebat.</span> <span class='ocrx_word' id='word_1_266' title='bbox 1131 2365 1181 2405; x_wconf 90' lang='lat' dir='ltr'>In</span> <span class='ocrx_word' id='word_1_267' title='bbox 1206 2366 1353 2418; x_wconf 86' lang='lat' dir='ltr'>quibus</span> <span class='ocrx_word' id='word_1_268' title='bbox 1375 2366 1545 2420; x_wconf 86' lang='lat' dir='ltr'>singulis</span> <span class='ocrx_word' id='word_1_269' title='bbox 1572 2372 1653 2407; x_wconf 89' lang='lat' dir='ltr'>ter-</span> 
     </span>
     <span class='ocr_line' id='line_1_34' title="bbox 117 2430 1653 2486; baseline 0.001 -14"><span class='ocrx_word' id='word_1_270' title='bbox 117 2446 257 2472; x_wconf 88' lang='lat' dir='ltr'>rarum</span> <span class='ocrx_word' id='word_1_271' title='bbox 277 2430 426 2472; x_wconf 88' lang='lat' dir='ltr'>finibus</span> <span class='ocrx_word' id='word_1_272' title='bbox 461 2431 598 2485; x_wconf 85' lang='lat' dir='ltr'>aliqua</span> <span class='ocrx_word' id='word_1_273' title='bbox 618 2446 725 2481; x_wconf 87' lang='lat' dir='ltr'>rara,</span> <span class='ocrx_word' id='word_1_274' title='bbox 749 2437 790 2472; x_wconf 87' lang='lat' dir='ltr'>et</span> <span class='ocrx_word' id='word_1_275' title='bbox 822 2431 914 2472; x_wconf 89' lang='lat' dir='ltr'>ideo</span> <span class='ocrx_word' id='word_1_276' title='bbox 935 2431 1189 2485; x_wconf 73' lang='lat' dir='ltr'>pretiosiora,</span> <span class='ocrx_word' id='word_1_277' title='bbox 1225 2432 1443 2486; x_wconf 89' lang='lat' dir='ltr'>reperiens,</span> <span class='ocrx_word' id='word_1_278' title='bbox 1477 2433 1530 2473; x_wconf 88' lang='lat' dir='ltr'>ad</span> <span class='ocrx_word' id='word_1_279' title='bbox 1552 2433 1653 2474; x_wconf 90' lang='lat' dir='ltr'>alias</span> 
     </span>
     <span class='ocr_line' id='line_1_35' title="bbox 118 2497 1653 2553; baseline 0.001 -15"><span class='ocrx_word' id='word_1_280' title='bbox 118 2512 256 2538; x_wconf 87' lang='lat' dir='ltr'>secum</span> <span class='ocrx_word' id='word_1_281' title='bbox 297 2498 482 2552; x_wconf 87' lang='lat' dir='ltr'>regiones</span> <span class='ocrx_word' id='word_1_282' title='bbox 519 2498 744 2547; x_wconf 90' lang='lat' dir='ltr'>transtulit,</span> <span class='ocrx_word' id='word_1_283' title='bbox 784 2498 826 2538; x_wconf 92' lang='lat' dir='ltr'>in</span> <span class='ocrx_word' id='word_1_284' title='bbox 867 2497 1015 2550; x_wconf 87' lang='lat' dir='ltr'>quibus</span> <span class='ocrx_word' id='word_1_285' title='bbox 1055 2512 1103 2538; x_wconf 89' lang='lat' dir='ltr'>ea</span> <span class='ocrx_word' id='word_1_286' title='bbox 1140 2497 1321 2538; x_wconf 83' lang='lat' dir='ltr'>maxime</span> <span class='ocrx_word' id='word_1_287' title='bbox 1357 2498 1499 2553; x_wconf 88' lang='lat' dir='ltr'>ignota</span> <span class='ocrx_word' id='word_1_288' title='bbox 1529 2498 1653 2540; x_wconf 87' lang='lat' dir='ltr'>fuisse</span> 
     </span>
     <span class='ocr_line' id='line_1_36' title="bbox 117 2563 1652 2619; baseline 0.001 -15"><span class='ocrx_word' id='word_1_289' title='bbox 117 2564 330 2617; x_wconf 86' lang='lat' dir='ltr'>persensit,</span> <span class='ocrx_word' id='word_1_290' title='bbox 359 2579 451 2618; x_wconf 82' lang='lat' dir='ltr'>quae</span> <span class='ocrx_word' id='word_1_291' title='bbox 487 2564 599 2619; x_wconf 85' lang='lat' dir='ltr'>apud</span> <span class='ocrx_word' id='word_1_292' title='bbox 634 2563 848 2618; x_wconf 89' lang='lat' dir='ltr'>indigenas</span> <span class='ocrx_word' id='word_1_293' title='bbox 881 2563 1218 2605; x_wconf 85' lang='lat' dir='ltr'>desiderabiliora</span> <span class='ocrx_word' id='word_1_294' title='bbox 1248 2579 1369 2619; x_wconf 90' lang='lat' dir='ltr'>super</span> <span class='ocrx_word' id='word_1_295' title='bbox 1405 2580 1549 2605; x_wconf 89' lang='lat' dir='ltr'>aurum</span> <span class='ocrx_word' id='word_1_296' title='bbox 1582 2580 1652 2606; x_wconf 82' lang='lat' dir='ltr'>ex-</span> 
     </span>
    </p>
   </div>
   <div class='ocr_carea' id='block_1_3' title="bbox 118 2674 1653 2949">
    <p class='ocr_par' dir='ltr' id='par_1_3' title="bbox 165 2674 737 2721">
     <span class='ocr_line' id='line_1_37' title="bbox 165 2674 737 2721; baseline 0 -14"><span class='ocrx_word' id='word_1_297' title='bbox 165 2675 174 2695; x_wconf 81' lang='lat'>1</span> <span class='ocrx_word' id='word_1_298' title='bbox 195 2674 365 2721; x_wconf 69' lang='lat' dir='ltr'>Petrum]</span> <span class='ocrx_word' id='word_1_299' title='bbox 394 2675 429 2708; x_wconf 84' lang='lat' dir='ltr'>S.</span> <span class='ocrx_word' id='word_1_300' title='bbox 447 2675 573 2708; x_wconf 78' lang='lat' dir='ltr'>Matth.</span> <span class='ocrx_word' id='word_1_301' title='bbox 593 2676 662 2708; x_wconf 84' lang='lat' dir='ltr'>xiv.</span> <span class='ocrx_word' id='word_1_302' title='bbox 682 2677 737 2708; x_wconf 77' lang='lat'>29.</span> 
     </span>
    </p>

    <p class='ocr_par' dir='ltr' id='par_1_4' title="bbox 118 2720 1653 2858">
     <span class='ocr_line' id='line_1_38' title="bbox 164 2720 1653 2766; baseline 0.001 -13"><span class='ocrx_word' id='word_1_303' title='bbox 164 2721 177 2739; x_wconf 75' lang='lat'><em>²</em></span> <span class='ocrx_word' id='word_1_304' title='bbox 196 2720 406 2766; x_wconf 71' lang='lat' dir='ltr'>Memorz&#39;as]</span> <span class='ocrx_word' id='word_1_305' title='bbox 446 2721 519 2754; x_wconf 91' lang='lat' dir='ltr'>The</span> <span class='ocrx_word' id='word_1_306' title='bbox 554 2721 730 2754; x_wconf 80' lang='lat' dir='ltr'>Memoriae</span> <span class='ocrx_word' id='word_1_307' title='bbox 759 2732 845 2754; x_wconf 86' lang='lat' dir='ltr'>were</span> <span class='ocrx_word' id='word_1_308' title='bbox 873 2721 1049 2754; x_wconf 83' lang='lat' dir='ltr'>churches.</span> <span class='ocrx_word' id='word_1_309' title='bbox 1101 2721 1265 2766; x_wconf 82' lang='lat' dir='ltr'>Passages</span> <span class='ocrx_word' id='word_1_310' title='bbox 1295 2721 1379 2753; x_wconf 85' lang='lat' dir='ltr'>from</span> <span class='ocrx_word' id='word_1_311' title='bbox 1408 2721 1441 2755; x_wconf 82' lang='lat' dir='ltr'>S.</span> <span class='ocrx_word' id='word_1_312' title='bbox 1462 2722 1653 2766; x_wconf 80' lang='lat' dir='ltr'>Augustine</span> 
     </span>
     <span class='ocr_line' id='line_1_39' title="bbox 118 2766 1652 2812; baseline 0.001 -13"><span class='ocrx_word' id='word_1_313' title='bbox 118 2766 184 2799; x_wconf 87' lang='lat' dir='ltr'>and</span> <span class='ocrx_word' id='word_1_314' title='bbox 202 2767 358 2811; x_wconf 78' lang='lat' dir='ltr'>Optatus,</span> <span class='ocrx_word' id='word_1_315' title='bbox 376 2768 409 2800; x_wconf 91' lang='lat' dir='ltr'>in</span> <span class='ocrx_word' id='word_1_316' title='bbox 428 2767 537 2800; x_wconf 84' lang='lat' dir='ltr'>which</span> <span class='ocrx_word' id='word_1_317' title='bbox 556 2767 613 2800; x_wconf 82' lang='lat' dir='ltr'>the</span> <span class='ocrx_word' id='word_1_318' title='bbox 630 2767 721 2800; x_wconf 86' lang='lat' dir='ltr'>word</span> <span class='ocrx_word' id='word_1_319' title='bbox 746 2767 774 2800; x_wconf 89' lang='lat' dir='ltr'>is</span> <span class='ocrx_word' id='word_1_320' title='bbox 797 2767 876 2801; x_wconf 86' lang='lat' dir='ltr'>thus</span> <span class='ocrx_word' id='word_1_321' title='bbox 901 2767 996 2811; x_wconf 89' lang='lat' dir='ltr'>used,</span> <span class='ocrx_word' id='word_1_322' title='bbox 1023 2778 1102 2812; x_wconf 84' lang='lat' dir='ltr'>may</span> <span class='ocrx_word' id='word_1_323' title='bbox 1122 2767 1162 2800; x_wconf 88' lang='lat' dir='ltr'>be</span> <span class='ocrx_word' id='word_1_324' title='bbox 1180 2779 1259 2800; x_wconf 85' lang='lat' dir='ltr'>seen</span> <span class='ocrx_word' id='word_1_325' title='bbox 1278 2768 1311 2800; x_wconf 87' lang='lat' dir='ltr'>in</span> <span class='ocrx_word' id='word_1_326' title='bbox 1330 2767 1512 2811; x_wconf 80' lang='lat' dir='ltr'>Bingham,</span> <span class='ocrx_word' id='word_1_327' title='bbox 1531 2768 1601 2801; x_wconf 87' lang='lat' dir='ltr'>viii.</span> <span class='ocrx_word' id='word_1_328' title='bbox 1623 2771 1652 2812; x_wconf 85' lang='lat'>1,</span> 
     </span>
     <span class='ocr_line' id='line_1_40' title="bbox 120 2808 849 2858; baseline 0.003 -13"><span class='ocrx_word' id='word_1_329' title='bbox 120 2808 138 2856; x_wconf 58' lang='grc' dir='ltr'>ἕ</span> <span class='ocrx_word' id='word_1_330' title='bbox 159 2815 189 2846; x_wconf 82' lang='grc'>8.</span> <span class='ocrx_word' id='word_1_331' title='bbox 236 2813 301 2846; x_wconf 81' lang='lat' dir='ltr'>See</span> <span class='ocrx_word' id='word_1_332' title='bbox 318 2813 388 2846; x_wconf 85' lang='lat' dir='ltr'>also</span> <span class='ocrx_word' id='word_1_333' title='bbox 406 2813 463 2846; x_wconf 87' lang='lat' dir='ltr'>the</span> <span class='ocrx_word' id='word_1_334' title='bbox 481 2820 616 2858; x_wconf 84' lang='lat' dir='ltr'>present</span> <span class='ocrx_word' id='word_1_335' title='bbox 633 2813 736 2856; x_wconf 86' lang='lat' dir='ltr'>work,</span> <span class='ocrx_word' id='word_1_336' title='bbox 756 2810 774 2857; x_wconf 60' lang='grc' dir='ltr'>ξ</span> <span class='ocrx_word' id='word_1_337' title='bbox 796 2815 849 2847; x_wconf 87' lang='grc'>19.</span> 
     </span>
    </p>

    <p class='ocr_par' dir='ltr' id='par_1_5' title="bbox 119 2859 1652 2949">
     <span class='ocr_line' id='line_1_41' title="bbox 164 2859 1652 2904; baseline 0.001 -13"><span class='ocrx_word' id='word_1_338' title='bbox 164 2859 177 2879; x_wconf 84' lang='lat'>³</span> <span class='ocrx_word' id='word_1_339' title='bbox 206 2859 512 2904; x_wconf 75' lang='lat' dir='ltr'>Freqzaentissimo.]</span> <span class='ocrx_word' id='word_1_340' title='bbox 542 2860 842 2904; x_wconf 79' lang='lat' dir='ltr'>Frequentissima,</span> <span class='ocrx_word' id='word_1_341' title='bbox 862 2860 926 2901; x_wconf 88' lang='lat' dir='ltr'>B.;</span> <span class='ocrx_word' id='word_1_342' title='bbox 952 2859 1237 2904; x_wconf 83' lang='lat' dir='ltr'>frequentissimo,</span> <span class='ocrx_word' id='word_1_343' title='bbox 1261 2859 1328 2901; x_wconf 85' lang='lat' dir='ltr'>H.;</span> <span class='ocrx_word' id='word_1_344' title='bbox 1354 2859 1412 2892; x_wconf 78' lang='lat' dir='ltr'>but</span> <span class='ocrx_word' id='word_1_345' title='bbox 1428 2860 1554 2893; x_wconf 82' lang='lat' dir='ltr'>altered</span> <span class='ocrx_word' id='word_1_346' title='bbox 1568 2860 1652 2893; x_wconf 88' lang='lat' dir='ltr'>from</span> 
     </span>
     <span class='ocr_line' id='line_1_42' title="bbox 119 2905 444 2949; baseline 0.003 -12"><span class='ocrx_word' id='word_1_347' title='bbox 119 2905 176 2937; x_wconf 79' lang='lat' dir='ltr'>the</span> <span class='ocrx_word' id='word_1_348' title='bbox 194 2905 331 2949; x_wconf 81' lang='lat' dir='ltr'>reading</span> <span class='ocrx_word' id='word_1_349' title='bbox 347 2905 384 2937; x_wconf 88' lang='lat' dir='ltr'>of</span> <span class='ocrx_word' id='word_1_350' title='bbox 401 2906 444 2938; x_wconf 90' lang='grc' dir='ltr'>Β.</span> 
     </span>
    </p>
   </div>
  </div>
 </body>
</html>
