1839 3186
546 228 604 259 ET
636 229 905 262 MIRACULIS
939 232 975 263 S.
1002 232 1220 265 GODRICI.
1555 223 1639 268 417

103 346 192 386 quae
221 331 353 386 pretio
374 332 561 387 aurigam
583 337 624 373 et
653 348 815 374 carrum
837 334 1082 385 conducens,
1105 336 1175 377 illo
1196 352 1238 377 se
1266 336 1477 391 deportari
1509 337 1633 390 fecit;

102 398 174 439 sed
204 413 303 439 mox
338 399 569 447 meliorata,
601 399 732 441 levius
762 415 804 441 se
836 400 986 441 habere
1016 403 1232 456 persensit.
1295 403 1396 455 Quae
1430 404 1636 445 conducta

100 464 197 505 illuc
218 465 363 520 auriga
379 465 646 516 accelerante,
670 466 767 507 licet
788 466 932 516 invita,
957 468 1126 509 domum
1152 474 1293 510 tamen
1316 470 1452 520 rediit,
1476 471 1561 521 sed,
1586 477 1632 512 ut

99 531 288 582 asseruit,
312 532 455 587 fugato
475 532 586 573 omni
609 533 748 574 dolore
773 549 813 573 se
835 533 1053 575 liberatam
1075 536 1292 589 persensit.

526 681 615 706 CXL.
649 682 699 706 DE
723 682 829 707 CAECO
861 682 968 708 ΝΑΤΟ
1000 683 1201 708 PUERULO.·

165 765 187 820 ᾖ
211 768 308 807 508.
342 765 546 806 VENERAT
562 766 631 807 illo
646 766 794 807 mulier
810 766 1012 820 quaedam,
1031 782 1137 808 uxor
1157 766 1373 809 Eustachii
1393 766 1464 808 filii
1483 768 1629 809 Thoke

95 830 145 872 de
170 832 463 887 Wyvelintun,
490 847 585 874 cum
607 848 733 887 puero
755 833 926 888 parvulo
948 848 1055 875 caeco
1076 839 1188 883 nato,
1213 849 1302 888 quae
1333 850 1406 889 per
1438 835 1524 877 dies
1545 840 1628 877 tres

92 897 149 939 ibi
184 899 410 948 demorata,
434 899 544 940 diem
568 915 752 940 annuum
787 900 1056 954 depositionis
1077 900 1197 949 illius,
1221 901 1289 954 qui
1312 906 1412 942 tunc
1439 901 1627 943 immine-

92 964 176 1013 bat,
221 970 283 1006 est
326 966 582 1020 praestolata.
672 966 806 1007 Nocte
854 966 982 1021 igitur
1033 967 1302 1022 depositionis
1345 968 1484 1022 ipsius,
1526 969 1625 1009 dum

91 1046 249 1072 caecum
266 1047 382 1073 secus
398 1033 660 1087 sepulchrum
682 1034 724 1074 in
742 1033 849 1074 ulnis
867 1034 1015 1083 tenuit,
1035 1040 1205 1088 repente
1222 1039 1346 1090 caput
1367 1036 1626 1089 gemebunde

89 1097 168 1139 hac
185 1104 226 1139 et
245 1099 339 1139 illac
352 1097 512 1154 jactare
530 1100 652 1154 coepit
670 1117 680 1148 3
716 1115 837 1153 quem
861 1100 970 1153 (aliis
989 1101 1354 1155 persuadentibus)
1375 1117 1473 1142 mox
1491 1102 1623 1143 solum

87 1164 130 1205 in
148 1170 258 1206 terra
272 1165 477 1220 deposuit,
495 1165 564 1206 sed
589 1182 669 1207 non
689 1166 757 1206 diu
781 1172 873 1220 post
889 1166 977 1207 haec
993 1167 1132 1208 oculos
1147 1183 1249 1222 puer
1265 1168 1456 1209 manibus
1473 1168 1625 1210 fricans

88 1236 130 1272 et
152 1231 370 1287 detergens
387 1232 494 1273 clare
514 1232 653 1274 videre
671 1233 808 1288 coepit.
871 1233 992 1285 Quod
1010 1240 1223 1275 cernentes
1244 1235 1381 1289 plures
1402 1240 1621 1290 parentum

86 1313 179 1352 quae
209 1298 426 1349 affuerant,
450 1314 549 1340 mox
572 1299 738 1341 Christo
766 1300 807 1340 in
843 1300 986 1341 Sancti
1020 1300 1093 1341 Sui
1124 1301 1278 1342 virtute
1299 1307 1438 1356 grates
1460 1302 1622 1344 debitas

85 1365 344 1413 referebant,
381 1371 422 1407 et
452 1366 564 1407 facto
596 1367 775 1408 crastino
807 1382 901 1408 cum
922 1367 1092 1409 vidente
1114 1383 1240 1422 puero
1264 1368 1434 1409 domum
1465 1369 1622 1411 alacres

83 1432 378 1487 properabant.

400 1533 500 1558 CXLI.
534 1534 585 1558 DE
617 1533 833 1559 EXCAECATA
866 1534 1117 1559 PATENTIBUS
1148 1534 1299 1560 OCULIS.

152 1616 173 1670 ᾗ
197 1618 294 1658 509.
328 1615 504 1669 QUIDAM
526 1616 577 1657 de
597 1616 798 1657 Pitindun
827 1616 938 1657 circa
956 1616 1106 1657 Natale
1129 1616 1170 1657 in
1195 1632 1341 1671 agrum
1364 1632 1616 1672 progressus,

81 1688 251 1737 repente
268 1683 395 1724 oculis
417 1683 655 1737 patentibus
672 1683 901 1724 caecitatem
918 1683 1089 1724 incurrit
1106 1700 1116 1732 ;
1152 1683 1223 1724 sed
1245 1689 1337 1738 post
1358 1684 1445 1725 dies
1461 1684 1619 1739 aliquot

80 1749 135 1789 ad
159 1749 231 1790 viri
264 1749 345 1790 Dei
375 1749 638 1804 sepulchrum
666 1750 907 1804 perductus,
929 1749 1122 1791 amissam
1145 1750 1378 1791 claritatem
1404 1751 1615 1793 oculorum

79 1831 322 1871 recuperare
344 1816 587 1871 promeruit.

79 1963 196 1989 CXLII.
229 1964 281 1989 DE
313 1965 495 1991 MULIERE
527 1964 790 1999 INSANIENTE,
818 1965 866 1990 ET
898 1965 1019 1990 MANU
1052 1965 1144 1991 EJUS
1175 1965 1408 1991 CONTRACTA
1440 1966 1615 1992 SANATA.

138 2049 160 2103 ξ
187 2052 284 2091 510.
318 2049 437 2092 ERAT
465 2049 655 2104 quaedam
688 2049 836 2090 mulier
866 2049 1110 2104 pedissequa
1140 2050 1181 2090 in
1205 2050 1327 2091 domo
1360 2049 1533 2091 Herveii
1564 2051 1615 2092 de

79 2114 302 2165 Dunelmo‚
337 2122 611 2172 cognomento
645 2116 813 2166 Blache,
847 2117 889 2157 id
927 2122 988 2158 est
1024 2116 1155 2171 Nigri,
1178 2116 1444 2158 mercenaria.
1509 2117 1614 2158 Haec

78 2183 257 2236 quadam
300 2183 365 2224 die
402 2184 453 2224 de
485 2183 607 2224 domo
640 2183 780 2224 domni
814 2183 875 2224 sui
917 2183 1014 2225 foris
1050 2198 1225 2238 egressa,
1268 2189 1437 2238 repente
1471 2199 1614 2238 quem-

78 2249 173 2289 dam
211 2249 480 2305 nigerrimum
513 2250 555 2290 in
592 2250 661 2291 via
695 2250 862 2291 obvium
901 2250 1060 2299 habuit,
1094 2250 1162 2304 qui
1197 2265 1287 2291 eam
1323 2251 1536 2305 percussit,
1572 2256 1614 2291 et

76 2315 205 2357 totius
241 2317 421 2371 corporis
446 2317 600 2358 virtute
633 2332 685 2356 ex
719 2332 802 2357 una
829 2322 947 2371 parte
978 2317 1172 2371 privavit,
1199 2317 1376 2371 forisque
1399 2317 1614 2358 demorata

76 2383 191 2436 quasi
230 2382 456 2424 furibunda
491 2384 544 2424 ab
583 2383 673 2424 aliis
714 2383 850 2424 fuerat
887 2383 1104 2425 aestimata.
1185 2383 1258 2424 Ad
1295 2399 1418 2438 quam
1461 2384 1613 2425 domna

75 2448 203 2503 ipsius
232 2450 444 2499 accedens,
469 2455 509 2490 et
532 2449 631 2504 quid
653 2449 710 2490 illi
736 2450 953 2491 accidisset
978 2451 1185 2505 ignorans,
1210 2455 1416 2491 errantem
1441 2450 1610 2491 domum

74 2516 271 2571 praecepit
292 2516 466 2571 ingredi,
483 2521 524 2557 et
549 2516 645 2570 quia
667 2517 720 2557 ab
741 2531 863 2571 opere
885 2522 973 2557 tam
998 2517 1069 2557 diu
1092 2523 1280 2558 vacasset
1298 2515 1387 2572 jam
1413 2517 1612 2558 iracunda

75 2582 198 2636 coepit
220 2583 369 2624 anxius
385 2583 593 2637 conqueri.
657 2582 847 2637 Denique
864 2583 1084 2625 advertens
1102 2599 1193 2624 eam
1209 2582 1451 2624 infirmitate
1473 2584 1611 2624 subita

74 2654 348 2702 praeventam,
385 2655 663 2691 sustentatam
698 2650 750 2691 ab
789 2650 880 2691 aliis
913 2650 1083 2690 domum
1121 2650 1368 2698 introduxit,
1405 2649 1476 2691 sed
1517 2655 1610 2704 post

73 2714 196 2757 horas
230 2716 386 2770 aliquot
415 2716 620 2770 loquelam
654 2716 823 2770 recepit,
846 2732 1017 2757 manum
1038 2732 1135 2758 vero
1158 2717 1332 2757 alteram
1361 2721 1494 2756 totam
1516 2731 1610 2756 con-

72 2785 251 2823 tractam
288 2782 447 2831 habuit,
485 2783 545 2823 ita
585 2788 632 2823 ut
669 2783 815 2837 pollice
848 2783 889 2823 in
926 2783 1064 2824 medio
1098 2783 1246 2837 palmae
1279 2781 1422 2830 infixo,
1448 2782 1609 2823 nullum

74 2848 240 2889 omnino
260 2848 486 2904 digitorum
506 2864 548 2890 se
570 2849 624 2890 ad
645 2849 827 2904 palmam
850 2849 1155 2891 incurvantium
1173 2849 1333 2889 elevare
1353 2863 1421 2890 seu
1444 2864 1610 2890 movere

73 2915 316 2968 praevaluit;
354 2916 490 2969 sicque
531 2920 620 2956 toto
658 2931 826 2970 corpore
863 2914 1085 2966 infirmata,
1118 2930 1159 2956 se
1199 2915 1252 2956 ad
1288 2915 1443 2969 aliquid
1476 2916 1611 2971 operis

1345 2998 1367 3022 E
1386 2998 1407 3022 n
