1839 3186
187 156 269 196 104
703 164 940 196 LIBELLUS
977 164 1041 195 DE
1079 164 1194 194 VITA

185 365 274 394 CAP.
298 368 408 396 XLIV.
461 367 664 397 QUALITER
693 367 869 392 INSIDIAS
906 366 1069 392 DIABOLI
1112 366 1321 392 PRAENOSSE
1352 367 1642 401 CONSUEVERIT,
1675 366 1724 391 ET

422 434 614 463 QUOMODO
646 434 684 459 EI
716 433 871 458 DAEMON
909 433 1120 458 APPARENs
1151 433 1355 460 DETECTUS
1386 418 1486 459 SIT.l

249 536 270 590 ξ
294 538 362 577 95.
396 534 563 575 DOMINI
585 548 701 575 servo
728 533 1012 588 spiritualibus
1034 533 1288 584 intendente,
1322 532 1443 588 coepit
1465 531 1725 574 adversarius

185 600 272 656 ejus
297 601 485 642 diabolus
510 599 597 656 ejus
618 600 694 655 piis
716 599 924 640 exercitiis
948 599 1172 653 plurimum
1204 599 1402 641 invidere.
1465 599 1627 653 Nempe
1647 599 1722 640 sub

188 668 324 722 quiete
358 672 562 708 nocturna
589 666 794 720 quomodo
823 681 1001 719 nequam
1032 666 1201 720 spiritus
1231 666 1432 720 quosdam
1465 665 1721 715 seducerent,

187 735 288 776 alios
309 733 554 788 temptando
571 732 860 786 inquietarent,
880 732 1112 785 multosque
1126 732 1328 786 perversis
1348 732 1724 773 machinationibus

187 801 444 849 infestarent,
473 800 622 854 saepius
662 798 804 839 multis
837 798 995 839 solebat
1028 813 1245 852 exponere,
1280 798 1376 852 quia
1406 798 1543 839 onmia
1582 813 1722 839 eorum

186 867 412 916 molimina,
449 866 596 920 quibus
620 865 849 905 illudebant
872 864 1119 914 hominibus,
1144 869 1414 906 consueverat
1437 865 1544 905 clare
1566 865 1722 915 videre,

188 939 228 974 et
251 933 404 973 multos
441 931 733 987 praemonendo
763 946 838 972 sua
859 946 927 972 eos
949 930 1220 986 castigatione
1246 931 1487 972 emendatos
1509 930 1560 972 de
1583 946 1723 972 eorum

187 1015 297 1042 saeva
318 1005 359 1040 et
382 999 545 1040 occulta
575 998 814 1039 seductione
846 1013 1000 1038 eruere.
1065 997 1191 1038 Unde
1222 997 1466 1038 multiformi
1500 1013 1649 1052 genere
1680 1013 1723 1039 se

186 1066 439 1120 frequentius
461 1069 758 1106 consueverant
779 1064 821 1104 in
839 1064 1001 1105 diversa
1025 1062 1163 1119 figere,
1187 1065 1406 1106 simulacra
1428 1064 1656 1115 demutare,
1680 1069 1723 1105 et

188 1148 237 1174 ea
261 1148 431 1187 quaeque
453 1132 691 1187 importuna
713 1135 753 1171 et
774 1130 922 1172 nociva
938 1130 1100 1171 inferre.

248 1201 361 1254 §96.
396 1199 586 1251 Quadam
622 1197 748 1252 igitur
781 1197 859 1247 die,
884 1196 980 1251 quia
1011 1195 1098 1252 ejus
1128 1196 1326 1238 interiora
1360 1197 1608 1238 deteriorare
1641 1212 1724 1238 non

187 1266 337 1321 potuit,
368 1265 574 1306 exteriora
610 1262 696 1319 ejus
734 1263 921 1304 diabolus
957 1279 1187 1318 aggressus,
1218 1279 1356 1318 sepem
1390 1264 1599 1318 quandam
1635 1262 1724 1319 ejus

186 1338 382 1382 veterem,
409 1331 589 1372 extimos
618 1330 729 1371 horti
765 1329 852 1385 ejus
877 1329 978 1371 fines
999 1330 1338 1380 circumdantem,
1372 1330 1446 1371 sub
1482 1330 1615 1385 specie
1651 1331 1723 1371 ho-

185 1399 319 1449 minis,
343 1398 534 1439 manibus
571 1398 750 1438 cruentis
786 1396 977 1451 diripere,
1010 1397 1242 1451 infringere,
1276 1396 1514 1438 conculcare
1539 1402 1580 1438 et
1605 1397 1721 1438 dissi—

187 1480 284 1519 pare
311 1480 393 1505 non
414 1464 568 1505 timuit.
640 1464 763 1516 Quod
795 1464 857 1504 vir
891 1463 971 1504 Dei
1008 1463 1185 1512 intuens,
1222 1462 1304 1503 leni
1337 1463 1523 1504 dexterae
1555 1468 1721 1518 proten-

187 1532 299 1573 sione
324 1531 536 1578 cohibuit;
572 1530 643 1571 sed
667 1545 740 1570 nec
774 1530 840 1570 ille
866 1530 1037 1571 ulterius
1068 1545 1206 1584 sepem
1239 1529 1414 1584 diripere
1445 1529 1721 1585 praesumpsit.

188 1598 308 1640 Nova
330 1604 470 1639 tamen
501 1597 711 1638 simultate
733 1596 914 1646 inventa,
942 1596 983 1636 in
1010 1594 1225 1650 cujusdam
1245 1596 1495 1650 pauperrimi
1517 1611 1615 1637 mox
1639 1595 1721 1637 effi-

185 1666 295 1720 giem
317 1680 358 1705 se
380 1663 559 1705 mutavit
580 1678 589 1714 3
622 1678 670 1704 ac
693 1663 807 1704 velut
826 1662 1034 1704 veteribus
1066 1662 1354 1703 ‘⁴'banchalium
1384 1663 1591 1717 pictorum
1624 1663 1720 1704 scis-

188 1731 293 1772 suris
326 1731 508 1779 indutus,
543 1745 585 1771 se
613 1745 750 1770 coram
775 1729 862 1770 viro
890 1729 969 1769 Dei
1004 1729 1207 1769 exhibuit.
1271 1728 1434 1769 Deinde
1466 1744 1534 1770 ore
1557 1734 1599 1770 et
1621 1744 1720 1771 voce

189 1798 382 1851 querulus
404 1796 669 1844 mendicavit,
703 1801 827 1850 atque
859 1800 1067 1850 postremo
1089 1795 1238 1850 saepius
1259 1795 1521 1836 inclamando
1553 1801 1594 1836 et
1626 1794 1720 1836 flec-

189 1864 315 1905 tendo
336 1879 482 1918 genua,
521 1862 761 1918 pauperiem
798 1862 1037 1916 praetendit,
1061 1877 1108 1902 ac
1133 1877 1206 1916 pro
1229 1861 1312 1903 suis
1345 1861 1580 1903 excessibus
1601 1862 1720 1903 mise-

187 1930 409 1972 ricordiam
441 1929 668 1984 postulavit
687 1946 697 1977 ;
732 1943 854 1982 quem
875 1929 938 1969 vir
972 1928 1052 1968 Dei
1075 1928 1230 1969 diutius
1253 1943 1336 1968 non
1367 1929 1583 1979 sustinens,
1606 1928 1720 1969 abire

188 1997 399 2051 praecepit,
426 2001 467 2037 et
492 1996 623 2044 abiit3
660 1995 797 2049 sicque
825 1999 985 2049 pestem
1010 1994 1208 2035 daemonis
1243 2009 1268 2035 a
1299 2009 1341 2036 se
1377 1999 1419 2035 et
1447 1994 1531 2036 suis
1558 1994 1720 2050 longius

189 2062 371 2118 3abegit.

186 2172 347 2216 languore
372 2171 478 2204 nimio
496 2175 575 2204 sunt
593 2169 755 2214 oppressi.
805 2168 909 2202 Mane
926 2168 1027 2212 facto,
1045 2180 1131 2214 pene
1150 2169 1347 2204 deficientes
1364 2171 1520 2215 angustia
1537 2171 1669 2216 frigoris
1687 2178 1721 2206 et

187 2218 312 2251 laboris
339 2229 412 2251 sese
430 2218 464 2250 in
481 2217 565 2250 locis
593 2216 715 2249 deserti
741 2215 979 2249 remotioribus
1004 2216 1192 2250 inveniunt.
1244 2216 1346 2250 Unde
1372 2218 1499 2262 stupidi
1525 2224 1558 2251 et
1576 2218 1719 2262 confusi,

187 2270 399 2297 revertuntur
417 2263 459 2297 ad
477 2275 537 2296 sua
552 2276 560 2304 ;
586 2263 702 2307 quanti
722 2268 810 2295 esset
827 2262 939 2295 meriti
962 2262 1051 2307 apud
1070 2262 1181 2295 Deum
1201 2262 1369 2297 Godricus
1387 2264 1559 2298 evidenter
1576 2265 1720 2311 experti.

190 2311 266 2344 Hoc
285 2311 333 2343 vir
350 2311 422 2356 ipse
441 2316 474 2343 et
492 2309 543 2343 sui
562 2309 745 2354 complices
762 2308 937 2341 multoties
956 2320 1067 2342 coram
1085 2308 1238 2354 pluribus
1256 2310 1378 2343 referre
1396 2310 1586 2344 solebant.⁷’

234 2358 244 2377 ¹
273 2357 356 2390 This
375 2357 512 2401 chapter
531 2355 610 2389 does
628 2362 686 2388 not
704 2367 804 2388 occur
821 2355 855 2387 in
876 2355 923 2388 H.

233 2404 247 2424 2
268 2402 515 2449 Branchalium]
557 2402 630 2435 The
665 2402 840 2445 coverings
875 2401 913 2434 of
944 2401 1106 2436 bencheS.
1172 2405 1195 2421 “
1214 2401 1401 2436 Banchalia
1430 2408 1508 2437 sunt
1532 2404 1635 2449 panni
1662 2403 1719 2449 qui

188 2461 289 2494 super
307 2450 404 2483 sedes
422 2449 474 2482 vel
491 2449 616 2482 baneas
634 2449 668 2481 in
687 2448 787 2481 choro
805 2448 1011 2492 ponuntur.’'
1036 2448 1188 2481 Durand.
1206 2448 1375 2482 Rational.
1394 2449 1452 2483 lib.
1470 2450 1492 2484 i.
1510 2462 1540 2484 c.
1558 2450 1605 2484 iii.
1626 2447 1643 2495 §
1663 2453 1719 2484 23.

187 2497 251 2529 See
269 2496 325 2529 Du
345 2496 469 2540 Gange,
488 2495 510 2528 i.
530 2497 607 2538 969,
626 2495 737 2527 where
754 2505 858 2538 many
872 2493 967 2526 other
985 2494 1162 2539 examples
1177 2506 1232 2527 are
1250 2494 1425 2529 collected.

234 2543 247 2562 ³
264 2541 417 2588 Abegit]
446 2541 544 2574 “Die
563 2541 707 2585 quadam
726 2540 879 2573 diabolus
898 2540 931 2572 in
948 2539 1098 2573 humana
1115 2541 1227 2585 specie
1252 2552 1367 2585 sepem
1385 2541 1553 2585 quandam
1569 2547 1716 2576 veterem

187 2589 249 2622 viri
269 2589 333 2622 Dei
353 2589 496 2633 diripere
521 2587 678 2620 manibus
697 2593 729 2619 et
756 2586 918 2631 dissipare
942 2587 1180 2631 praesumpsit3
1207 2586 1296 2631 quod
1314 2587 1385 2632 ipse
1404 2588 1615 2632 conspiciens
1634 2588 1717 2622 dex-

186 2641 267 2668 terae
284 2635 350 2668 levi
368 2634 580 2680 protrusione
606 2633 825 2678 compescuit.
878 2632 941 2665 Illc
960 2644 1036 2665 vero
1063 2644 1143 2665 mox
1162 2633 1195 2665 in
1222 2633 1365 2677 effigiem
1391 2634 1617 2667 mendicantis
1634 2646 1716 2679 pau-

186 2682 322 2726 perrimi
347 2693 383 2714 se
405 2680 560 2723 mutavit,
580 2685 612 2712 ct
630 2680 737 2712 sancti
757 2679 817 2711 viri
843 2678 1109 2711 misericordiam
1128 2678 1293 2722 flagitavit
1311 2692 1318 2719 ;
1345 2680 1403 2712 sed
1422 2692 1461 2713 eo
1475 2680 1629 2724 jubente,
1648 2687 1717 2714 sta-

185 2728 246 2761 tim
262 2727 345 2760 nihil
363 2733 524 2769 moratus,
544 2725 673 2769 effugit.
724 2725 860 2758 Solebat
879 2725 1014 2769 quidem
1033 2725 1167 2757 fraudes
1181 2731 1214 2757 et
1228 2725 1367 2758 insidias
1382 2726 1576 2760 daemonun]
1592 2727 1715 2770 videre,

186 2774 308 2818 quibus
334 2773 482 2806 illudunt
498 2772 720 2812 hominibus,
746 2777 779 2804 et
798 2771 965 2815 quomodo
984 2771 1046 2804 sub
1073 2778 1236 2804 nocturna
1260 2772 1372 2815 quiete
1395 2772 1558 2817 plurimos
1584 2773 1715 2818 inquic-

185 2826 269 2861 tent,
298 2820 490 2864 frequenter
517 2830 699 2863 exponere.
771 2817 869 2851 Unde
902 2817 1028 2850 multos
1056 2818 1302 2851 commonendo
1328 2818 1370 2852 ab
1396 2831 1511 2852 corum
1537 2819 1715 2853 fallacibus

185 2866 359 2901 eruebat.”
386 2867 499 2899 Anon.
520 2864 680 2898 Harleian
703 2864 779 2897 MS.
