1839 3186
550 235 608 266 ET
644 234 909 267 MIRACULIS
946 235 980 265 s.
1008 234 1221 265 conarer.
1602 224 1655 263 53

121 352 242 392 quem
270 337 489 385 invocasti3
525 337 620 391 quia
647 353 726 378 non
761 338 851 379 vult
880 343 921 378 te
953 337 1114 392 longius
1146 352 1171 377 a
1197 352 1239 378 se
1271 336 1516 392 seg1·egari.”
1577 336 1653 377 Oui

119 403 209 445 voci
232 403 331 444 dum
353 403 560 444 inhianter
584 404 776 454 intendit,
801 419 1020 445 conversus
1040 404 1094 444 ad
1118 404 1333 444 dexteram
1356 403 1497 444 statim
1519 403 1651 444 virum

119 470 324 524 quendam
362 471 635 511 venerabilem
675 470 978 525 pontificalibus
1019 470 1241 511 infulatum
1277 470 1504 524 conspexit.
1576 469 1653 510 Cui

119 538 238 578 heros
268 536 422 586 intulit,
448 542 476 559 “
494 537 629 592 Ego‚”
655 537 802 591 inquit,
836 542 970 579 “sum
1007 537 1262 578 Outhbertus
1292 537 1520 591 episcopus,
1544 550 1653 576 nunc

118 603 160 644 in
190 603 379 645 omnibus
415 604 707 645 necessitatum
738 604 938 659 angustiis
967 603 1042 645 tibi
1076 609 1274 658 patronus
1303 604 1479 644 futurus.
1542 602 1652 655 Qua—

119 674 301 725 propter,
333 670 508 724 expletis
542 670 752 712 laboribus
778 671 970 725 praedicti
997 670 1168 720 itineris,
1192 670 1267 711 sub
1289 685 1382 710 mea
1404 669 1651 717 defensione,

119 736 160 776 in
182 736 269 777 loco
301 736 499 778 Finchale
525 737 649 787 dicto,
678 737 858 778 Domino
888 736 1125 778 militabis.''
1197 736 1259 777 At
1283 735 1462 777 famulus
1484 735 1653 775 Domini

122 817 221 843 mox
262 801 349 858 ejus
395 803 570 859 vestigia
610 804 722 846 nisus
760 803 1121 859 comprehendere,
1161 803 1297 844 subito
1337 818 1460 857 quam
1494 802 1654 844 viderat

120 870 295 910 formam
327 869 403 911 sibi
439 871 687 911 subductam
720 871 847 912 sensit
884 871 1104 925 disparere.
1186 869 1441 924 Regradiens
1473 884 1568 911 Vero
1601 868 1655 908 ad

121 935 345 985 civitatem,
370 936 544 977 Crucem
576 937 743 977 Domini
774 937 815 977 in
844 937 1026 978 humeris
1056 936 1294 991 assumpsit,
1324 951 1447 990 quam
1469 934 1656 978 sacerdo-

119 1002 193 1043 tali
216 1008 498 1045 consecratam
519 1003 804 1045 benedictione
832 1003 1047 1058 1suscepit.

126 1301 211 1326 GAP.
245 1300 332 1325 XIV.
395 1298 446 1322 DE
482 1297 647 1323 ITINERE
686 1297 777 1321 EJUS
815 1295 995 1321 SECUNDO
1037 1296 1091 1320 AD
1128 1295 1417 1329 mnosomMAM,
1456 1293 1661 1322 QUALITER

184 1367 305 1392 Nums
338 1365 505 1390 PEDissus
534 1363 773 1399 iNCEssEmT,
800 1364 847 1388 ET
873 1363 957 1388 CUM
979 1362 1146 1391 QUANTA
1169 1362 1397 1387 DEVOTIONE
1429 1361 1520 1386 ITER
1541 1360 1661 1385 lLLUD

185 1416 417 1458 ΕΧΕΘἙΗΙΤ.2

184 1535 292 1587 §39.
333 1533 516 1574 ExAcms
553 1531 701 1572 deinde
745 1531 802 1572 ibi
843 1531 1052 1572 mensibus
1091 1535 1280 1584 quatuor,
1327 1528 1377 1569 de
1412 1527 1661 1570 revelatione

127 1593 250 1655 quam
291 1600 453 1641 viderat
489 1598 712 1654 plurimum
744 1598 978 1639 consolatus
1014 1602 1055 1638 et
1086 1597 1354 1637 tremefactus
1386 1600 1481 1642 est,
1522 1609 1661 1635 conso-

127 1668 236 1708 latus
260 1668 301 1708 in
338 1667 416 1707 hoc
444 1666 553 1720 quod
586 1665 700 1706 Deus
727 1664 763 1705 ei
792 1665 899 1705 tanti
933 1663 1122 1719 penderit
1151 1663 1261 1717 quod
1292 1662 1328 1703 ei
1365 1666 1523 1703 secreta
1543 1666 1664 1701 tanta

131 1735 181 1774 de
215 1733 430 1788 migrantis
465 1733 615 1773 animae
648 1731 764 1772 exitu
797 1731 977 1772 revelare
1006 1731 1208 1778 voluerit3
1244 1729 1511 1770 tremefactus
1540 1728 1580 1768 in
1616 1742 1663 1767 eo

132 1800 241 1854 quod
262 1806 349 1840 tam
377 1798 558 1839 difficilia
587 1803 628 1838 et
655 1797 783 1838 ardua
811 1797 861 1837 de
895 1797 1038 1838 mortis
1059 1798 1253 1837 humanae
1290 1795 1509 1844 doloribus,
1534 1794 1663 1834 disso-

130 1866 367 1915 lutionibus,
401 1871 525 1919 atque
561 1864 892 1912 desolationibus,
926 1864 1156 1917 patefacere
1190 1863 1384 1917 dignatus
1406 1861 1473 1902 sit.
1537 1860 1663 1900 Unde

131 1938 402 1987 compunctus
437 1932 498 1973 vir
530 1931 610 1971 Dei
646 1931 768 1985 coepit
803 1930 933 1970 ardua
974 1935 1014 1970 et
1054 1929 1259 1970 sanctiora
1293 1928 1431 1969 animo
1467 1932 1508 1968 et
1543 1942 1664 1981 opere

131 2015 381 2054 proponere;
445 2003 569 2052 atque
610 1997 664 2038 ad
706 1997 885 2038 coelestia
925 1997 1140 2037 beatorum
1182 1996 1352 2050 praemia
1393 1993 1666 2049 promerenda

132 2067 230 2107 totis
255 2065 410 2107 viribus
440 2065 645 2105 anhelare.
706 2064 807 2104 Jam
847 2063 1021 2117 denique
1058 2078 1131 2117 pro
1168 2062 1307 2103 fratris
1342 2061 1558 2102 amissione
1595 2075 1664 2100 ex—

132 2133 236 2173 actis
267 2138 443 2186 quatuor
472 2131 681 2172 mensibus
711 2130 751 2170 in
785 2130 923 2170 nimiis
953 2128 1125 2170 fletuum
1159 2133 1200 2169 et
1222 2128 1489 2182 suspiriorum
1514 2141 1666 2181 angus-

132 2199 201 2240 tiis
223 2204 346 2253 atque
370 2213 540 2239 moerore
564 2197 773 2247 confectis,
800 2212 851 2237 ex
880 2196 1016 2237 nimiis
1042 2195 1192 2250 vigiliis
1217 2200 1257 2235 et
1285 2193 1455 2250 jejuniis
1477 2193 1667 2234 carnibus

132 2281 204 2321 per
240 2265 420 2320 singulos
460 2269 574 2305 artus
610 2263 742 2305 exesis
770 2268 892 2317 atque
933 2262 1198 2317 consumptis,
1237 2261 1324 2302 sola
1364 2261 1481 2316 pellis
1522 2275 1668 2314 super-

180 2391 189 2411 ¹
210 2390 385 2438 Suscepit]
416 2392 499 2425 This
511 2392 649 2437 chapter
663 2392 691 2425 is
703 2391 781 2424 thus
795 2390 955 2435 abridged
970 2391 1004 2423 in
1018 2390 1075 2423 the
1089 2400 1301 2434 anonymous
1317 2388 1452 2433 Legend
1465 2400 1471 2422 :
1490 2388 1512 2407 “
1527 2386 1666 2431 Sepulto

132 2437 245 2479 fratre,
264 2439 431 2472 Godricus
450 2439 493 2472 ad
511 2439 641 2471 deserta
659 2438 846 2481 revertitur,
861 2437 1021 2470 haesitans
1041 2436 1121 2481 quid
1146 2436 1187 2468 de
1211 2436 1283 2481 ipso
1305 2435 1463 2480 deinceps
1483 2433 1606 2467 divinae
1624 2433 1667 2465 sit

133 2484 293 2528 placitum
314 2485 489 2519 voluntati.
541 2485 649 2530 Igitur
673 2484 752 2517 dum
771 2496 871 2529 super
888 2484 952 2516 hoc
970 2483 1083 2516 Deum
1101 2483 1263 2515 attentius
1282 2487 1447 2525 exoraret,
1466 2492 1531 2513 vox
1549 2480 1668 2522 hujus-

132 2530 222 2563 modi
242 2532 354 2564 sonuit
371 2531 465 2576 lapsa
483 2532 524 2564 de
542 2531 647 2565 coelo:
676 2532 685 2548 ‘
700 2530 851 2575 Expedit
876 2530 938 2563 tibi
965 2530 1057 2563 adire
1077 2529 1309 2562 Ierosolimam
1337 2534 1369 2561 et
1395 2526 1539 2560 reverti.'
1592 2526 1667 2558 Hoc

132 2577 247 2609 audito
275 2579 439 2611 convertit
467 2579 651 2611 orationem
675 2577 717 2610 ad
737 2577 881 2610 Beatum
902 2576 1125 2609 Cuthbertum
1154 2587 1253 2620 quem
1280 2574 1471 2619 specialiter
1495 2571 1666 2616 diligebat.

135 2622 211 2656 Nec
229 2635 334 2665 mora,
353 2636 417 2657 vox
436 2625 555 2658 iterata
572 2624 722 2657 insonuit
738 2637 744 2658 z
774 2625 781 2641 ⁶
797 2623 894 2656 Vade
914 2622 1145 2656 Ierosolimam
1164 2634 1242 2654 cum
1261 2621 1408 2654 Domino
1434 2619 1597 2663 crucifigi,
1624 2624 1668 2661 et,

136 2680 299 2712 reversus,
329 2683 440 2715 quaere
465 2671 578 2704 locum
602 2671 635 2704 in
654 2670 747 2703 silvis
765 2670 854 2703 circa
872 2669 1080 2703 Dunelmum
1107 2668 1271 2701 Fine-hale
1296 2666 1531 2700 nominatum.⁷
1582 2664 1667 2697 Mox

136 2715 177 2747 ad
196 2715 349 2749 dextram
364 2717 455 2750 videt
474 2718 581 2751 virum
600 2717 696 2750 vultu
714 2717 941 2749 venerabilem
964 2715 1120 2749 indutum
1144 2713 1397 2759 pontificalibus
1427 2719 1458 2745 ct
1488 2712 1668 2754 dicentem,

139 2767 148 2781 ‘
168 2762 240 2806 Ego
265 2774 339 2795 sum
360 2763 567 2797 Cuthbertus
592 2763 654 2796 tibi
680 2763 813 2796 futurus
838 2763 972 2806 adjutor
996 2763 1030 2795 in
1053 2762 1210 2794 omnibus
1229 2767 1261 2793 et
1278 2766 1451 2805 patronus.
1503 2758 1669 2790 Consum-

137 2814 228 2840 mato
241 2809 355 2842 labore
372 2810 473 2854 hujus
492 2810 621 2843 itineris
636 2809 697 2843 sub
716 2821 791 2843 mea
809 2810 1015 2854 protectione
1034 2807 1122 2853 apud
1139 2806 1301 2840 Finchale
1320 2806 1466 2839 Domino
1485 2803 1672 2838 militabis!

140 2854 223 2887 Haec
251 2855 349 2898 dixit,
377 2857 559 2902 statimque
586 2856 763 2901 disparuit.
814 2856 887 2898 Illc,
914 2867 1084 2901 regressus
1109 2853 1151 2887 ad
1175 2854 1360 2894 civitatem,
1389 2853 1521 2897 signum
1552 2850 1670 2884 Crucis

139 2912 214 2932 cum
235 2901 422 2945 presbytcri
441 2903 676 2936 benedictione
695 2902 879 2947 suscepit.’⁷

185 2947 198 2965 ²
222 2947 297 2982 MS.
319 2948 415 2983 Harl.
435 2949 572 2995 chapter
591 2949 694 2982 XIV.
