1839 3186
528 233 585 263 ET
622 231 890 264 MIRAanls
927 231 962 263 s.
996 231 1213 263 comum.
1590 224 1637 264 31

105 342 231 394 atque
266 338 308 379 in
341 337 515 380 assiduis
547 337 735 379 laborum
774 336 991 378 sudoribus
1027 335 1247 377 diuturnus
1280 340 1321 376 et
1352 336 1643 391 praestantissi-

105 420 227 454 mus;
262 410 303 446 et
325 405 435 460 quod
467 404 672 460 corporeis
704 403 860 445 viribus
889 403 1054 458 explere
1089 402 1193 443 forte
1227 417 1309 443 non
1335 408 1512 458 poterat,
1540 403 1642 445 artis

106 471 268 527 peritia,
300 488 389 527 quae
419 472 615 513 diuturna
650 470 906 526 experientia
933 469 1083 510 laboris
1115 468 1331 517 didicerat,
1361 474 1402 510 et
1424 470 1643 524 providen-

106 539 176 580 tiae
205 539 347 580 multae
374 539 670 596 circumspecta
697 537 925 592 disciplina,
955 535 1197 577 facillimum
1220 535 1296 578 sibi
1317 535 1403 576 fore
1427 537 1644 591 compelle-

106 606 193 647 bat.
256 605 315 647 Et
337 605 433 660 quia
454 605 682 647 Dominum
713 618 873 659 semper
898 604 940 644 in
972 602 1094 644 corde
1115 603 1267 643 habere
1299 602 1473 653 studuit,
1504 603 1643 645 oculos

107 672 257 714 mentis
287 673 429 714 sedulo
462 672 517 713 ad
550 671 777 713 Dominum
811 671 971 712 elevare
1002 669 1167 725 sategit,
1207 669 1286 722 Qui
1316 684 1479 724 gressus
1501 668 1589 725 ejus
1619 685 1645 711 a

108 739 291 781 scandali
321 739 477 794 laqueis
501 737 661 795 jugiter
685 737 965 779 conservando
994 736 1160 792 eripuit,
1199 741 1240 777 et
1276 735 1503 777 secundum
1527 735 1642 791 judi-

108 806 172 847 eia
181 805 358 862 justitiae
382 806 481 848 Suae
502 807 555 847 ab
577 805 688 846 omni
710 820 804 846 eum
825 803 1038 845 infortunii
1059 803 1241 859 periculo
1264 803 1469 844 liberavit.
1532 803 1642 845 Nam

109 878 150 914 et
182 888 208 914 a
228 878 527 928 tempestatum
549 872 724 928 plurimo
749 871 995 921 discrimine,
1024 875 1148 924 atque
1170 871 1223 911 ab
1245 870 1428 911 omnium
1457 870 1643 912 incursus

107 940 444 981 latrocinantium
474 939 738 988 involumine,
771 953 847 980 nec
881 953 963 979 non
988 942 1030 978 et
1058 952 1111 978 ex
1143 937 1285 978 crebra
1316 936 1546 992 piratarum
1568 937 1643 978 cir-

109 1007 409 1057 cumventione,
451 1011 576 1060 atque
620 1005 673 1046 ab
716 1005 805 1060 ipsa
846 1003 1127 1046 consociorum
1179 1003 1375 1045 seditiosa
1416 1003 1639 1055 invasione,

107 1072 224 1114 illum
253 1072 458 1114 Dominus
491 1071 727 1123 custodivit,
761 1075 802 1112 et
830 1086 855 1112 a
875 1070 1160 1113 seductoribus
1188 1070 1343 1112 tutavit
1364 1070 1493 1120 illum,
1519 1075 1644 1125 atque

107 1139 150 1180 in
180 1140 245 1181 his
278 1140 467 1181 omnibus
503 1144 711 1180 certamen
746 1138 852 1180 forte
892 1137 1007 1178 dedit
1045 1137 1103 1178 illi
1136 1142 1184 1178 ut
1218 1137 1414 1188 vinceret,
1452 1138 1551 1178 dum
1586 1137 1645 1178 illi

109 1222 161 1248 ex
192 1221 368 1262 superno
389 1221 559 1248 munere
575 1205 750 1247 contulit
780 1220 832 1247 ne
865 1203 1087 1259 aliquando
1112 1203 1294 1245 animam
1318 1203 1429 1245 vitiis
1458 1219 1645 1259 corpora-

108 1273 215 1314 libus
237 1271 491 1329 subjugaret.
555 1272 681 1313 Unde
709 1272 751 1313 in
773 1272 963 1313 omnibus
984 1271 1229 1326 sapientiam
1262 1271 1537 1325 potentiorem
1560 1285 1646 1312 esse

110 1340 393 1395 experimento
436 1339 592 1390 didicit,
621 1354 714 1394 quae
752 1338 788 1380 ei
821 1338 864 1379 in
893 1338 1083 1379 omnibus
1115 1338 1277 1379 actibus
1316 1337 1399 1379 suis
1432 1337 1564 1388 affuit,
1603 1345 1645 1378 et

111 1421 205 1448 cum
239 1422 286 1448 eo
322 1406 554 1455 laboravit3
594 1421 691 1448 nam
722 1406 882 1447 labores
913 1405 1022 1446 illius
1052 1404 1095 1445 in
1126 1403 1386 1459 beneplacito
1418 1403 1502 1445 Suo
1535 1419 1647 1445 com—

111 1473 252 1528 plevit,
286 1478 411 1528 atque
445 1473 639 1527 quicquid
669 1473 709 1514 in
738 1471 962 1528 juventute
1001 1486 1076 1513 sua
1107 1470 1447 1526 transgrediendo
1480 1471 1647 1512 commi-

112 1539 179 1589 sit,
217 1540 482 1595 postmodum
526 1540 604 1582 sibi
650 1539 774 1581 fuisse
815 1538 1033 1580 materiam
1071 1537 1239 1580 virtutis
1282 1537 1517 1579 excolendae
1556 1554 1647 1594 per-

111 1607 251 1648 sensit.

173 1674 195 1728 §
218 1672 285 1718 17.
319 1673 510 1728 Denique
541 1688 614 1729 per
633 1673 745 1729 longi
766 1673 924 1714 itineris
956 1672 1183 1728 dispendia,
1206 1687 1280 1727 per
1304 1672 1465 1713 cerulea
1486 1687 1650 1727 aequora

114 1740 265 1795 saepius
303 1740 458 1782 vadens
495 1745 536 1781 et
569 1740 741 1790 rediens,
790 1739 1061 1794 plurimorum
1097 1744 1334 1780 sanctorum
1369 1739 1551 1780 locorum
1587 1740 1649 1780 in-

114 1806 244 1848 visere
279 1806 430 1847 meruit
474 1806 736 1855 habitacula3
801 1806 967 1860 cognita
1017 1805 1260 1860 prudentius
1306 1805 1557 1860 perquirens,
1606 1811 1648 1847 et

114 1873 290 1927 amplius
312 1872 495 1926 quotidie
522 1872 738 1927 peregrina
770 1887 943 1926 quaeque
978 1872 1203 1914 dinoscens.
1268 1872 1385 1912 Inter
1411 1888 1503 1926 quae
1527 1888 1651 1926 quam

115 1939 297 1980 maxime
321 1939 524 1981 famosum
538 1939 640 1980 illud
655 1938 907 1980 domicilium
932 1938 1073 1980 Sancti
1099 1938 1295 1993 Apostoli
1316 1938 1511 1990 Andreae,
1539 1939 1649 1993 quod

116 2005 156 2046 in
179 2005 398 2061 primitivis
429 2010 591 2047 constat
613 2020 699 2047 esse
732 2004 881 2046 finibus
904 2004 1076 2054 Scotiae,
1108 2005 1260 2060 saepius
1283 2005 1438 2047 solebat
1460 2005 1647 2056 invisere,

117 2077 158 2113 et
177 2078 275 2114 vota
291 2072 520 2114 devotionis
541 2087 623 2113 suae
645 2071 864 2127 placabilia
886 2072 1065 2113 Domino
1086 2072 1321 2126 frequenter
1345 2072 1503 2114 offerre.
1562 2072 1648 2113 Sic-

117 2154 195 2193 que
216 2144 421 2180 mercator
440 2139 562 2181 simul
598 2144 638 2180 et
669 2138 906 2194 peregrinus
938 2138 1027 2181 iens
1061 2144 1102 2180 et
1138 2138 1312 2189 rediens,
1349 2139 1562 2181 multoties
1596 2139 1651 2180 ad

117 2205 293 2247 insulam
327 2205 658 2247 Lindisfarneam
696 2205 907 2261 applicuit,
950 2205 1022 2247 ubi
1061 2205 1268 2260 quondam
1306 2205 1512 2261 piissimus
1557 2221 1650 2247 con-

118 2272 245 2314 fessor
280 2272 450 2313 Domini
484 2271 738 2314 Outhbertus
769 2272 908 2313 sedem
936 2272 1209 2327 episcopalem
1239 2273 1389 2314 tenuit.
1460 2272 1551 2325 Quo
1579 2273 1650 2313 ad—

117 2338 297 2389 veniens,
321 2353 392 2380 seu
412 2338 508 2380 inde
531 2339 764 2394 digrediens
784 2339 838 2380 ad
867 2338 1003 2379 Farne
1025 2338 1213 2389 insulam,
1237 2339 1308 2380 ubi
1333 2338 1443 2380 idem
1473 2339 1650 2381 Sanctus

117 2405 403 2446 heremiticam
443 2405 599 2447 diutius
633 2406 764 2447 vitam
799 2405 1024 2446 solitariam
1062 2405 1137 2447 sub
1184 2406 1493 2447 conversatione
1538 2421 1653 2447 exer-

121 2471 219 2522 cuit,
256 2472 390 2513 multa
428 2487 522 2513 cum
563 2472 779 2513 dulcedine
816 2472 996 2513 ubertim
1031 2470 1249 2513 fluentium
1283 2472 1559 2523 lacrimarum,
1604 2478 1651 2513 ut

120 2538 207 2593 ipse
238 2538 389 2593 saepius
415 2538 565 2579 referre
593 2543 681 2579 erat
711 2538 870 2587 solitus,
900 2537 1103 2580 divertere
1133 2538 1308 2580 studuit.
1372 2538 1460 2579 Ubi
1491 2539 1543 2579 de
1564 2538 1653 2580 vita

121 2604 304 2646 solitaria
327 2604 407 2646 Dei
438 2604 642 2646 mirabilia
672 2605 714 2645 in
751 2604 904 2646 Sancto
937 2604 1015 2646 Dei
1050 2604 1209 2646 discens
1240 2610 1281 2646 et
1312 2605 1497 2655 audiens,
1530 2604 1652 2659 coepit

121 2725 273 2757 curvum,
298 2719 452 2747 mentum
481 2720 674 2759 angustum,
698 2714 838 2748 barbam
868 2715 1039 2760 copiosam
1066 2720 1100 2748 et
1122 2714 1332 2759 aliquantum
1346 2713 1502 2766 longam,
1530 2724 1566 2746 os
1585 2718 1655 2746 erat

123 2760 256 2803 decens,
283 2760 373 2794 labia
396 2762 562 2794 tumentia
586 2761 770 2804 moderate,
796 2761 994 2806 capillatura
1019 2761 1139 2805 capitis
1165 2767 1198 2793 et
1214 2760 1352 2794 baibae
1344 2772 1377 2792 111
1390 2761 1454 2803 juv
1456 2759 1536 2792 cnili
1554 2765 1653 2792 aetate

122 2806 227 2850 11181·,ῑι
246 2806 279 2839 111
298 2807 396 2840 senili
413 2819 472 2852 per
489 2807 648 2840 canitiem
667 2807 820 2851 candida,
839 2807 964 2840 collum
981 2807 1127 2840 habebat
1144 2807 1245 2840 breve
1263 2806 1323 2839 sed
1339 2817 1492 2850 grossum
1511 2811 1543 2838 et
1561 2806 1596 2838 in
1614 2817 1653 2839 eo

123 2834 292 2886 tumeiites
310 2865 430 2887 nerxos
448 2859 481 2886 et
498 2865 611 2896 venas,
630 2859 663 2887 et
680 2853 780 2887 tibias
798 2853 940 2887 modicae
959 2853 1167 2898 quantitatis,
1192 2853 1324 2898 plantas
1342 2852 1652 2896 ped111n'1ncu1v,as

123 2910 233 2943 genua
267 2911 326 2944 per
358 2899 581 2951 siequentiam
609 2899 870 2944 geniculationis
898 2900 1023 2933 callosa
1052 2905 1084 2932 et
1115 2899 1208 2942 dura,
1239 2899 1273 2931 in
1301 2910 1438 2943 corpme
1467 2903 1537 2931 toto
1565 2879 1653 2932 cutis⁷

125 2945 321 2990 asperrima,
335 2945 419 2978 sed
412 2957 446 2978 ln
464 2952 636 2978 senectute
650 2952 721 2979 tota
739 2946 879 2979 durities
898 2946 939 2979 ad
958 2945 1136 2978 mollitiem
1156 2952 1206 2978 est
1225 2944 1408 2978 eonv‘fflsas
