1839 3186
515 223 574 254 ET
607 223 872 254 MIRACULIS
908 223 940 253 s.
970 221 1183 254 conarer.
1529 209 1611 254 2753

80 423 168 449 OAP.
194 423 312 449 CXLII.
384 423 574 453 QUOMODO
604 424 762 449 CUIDAM
795 424 935 449 ZONAM
969 423 1153 459 DEDERIT,
1190 424 1238 448 ET
1272 424 1504 448 SANITATEM
1538 424 1613 448 PER

140 490 227 515 EAM
269 490 593 515 INFIRMANTIBUS
636 490 865 516 DONANDAM
916 491 958 516 IN
1006 490 1161 514 SPIRITU
1206 490 1371 515 VIDERIT
1414 491 1461 515 ET
1505 490 1610 515 PRAE-

140 541 339 582 DIXERIT.1

140 655 162 709 ξ
185 657 282 696 258.
317 655 387 696 AD
409 655 631 698 videndam
654 655 801 696 faciem
822 655 900 696 viri
922 655 1001 696 Dei
1026 655 1154 697 frater
1185 655 1430 710 ²subprioris
1453 655 1613 696 Dunel-

80 721 232 762 mensis
263 722 436 763 carnalis
465 722 652 770 accessit,
685 726 726 763 et
758 721 826 775 qui
857 737 930 776 pro
962 722 1148 764 caritatis
1174 723 1310 777 gratia
1340 722 1507 776 aliquod
1536 722 1612 763 sibi

79 802 230 829 munus
257 788 461 842 peculiare
495 788 546 829 de
576 787 662 844 ejus
699 788 820 830 rebus
860 788 1003 829 donari
1036 789 1321 830 vehementius
1360 788 1612 843 depoposcit.

83 853 210 894 Unde
234 854 297 895 vir
328 853 409 895 Dei
440 860 670 896 commotus
704 854 787 895 zelo
825 854 1003 909 pietatis,
1038 855 1224 908 quamvis
1255 855 1411 896 nullam
1442 856 1614 896 haberet

81 920 356 962 substantiam
389 926 567 963 terrenae
603 921 1022 975 concupiscibilitatis,
1056 921 1263 975 quandam
1294 926 1435 962 tamen
1467 936 1614 962 zonam

82 986 335 1028 rusticanam
355 988 540 1042 protulit,
569 1002 691 1041 quam
713 987 921 1041 quondam
953 987 1121 1041 quidam
1145 993 1366 1029 veteranus
1387 988 1614 1029 monachus

82 1052 119 1092 ei
137 1067 211 1106 pro
233 1053 450 1095 devotione
472 1054 767 1094 transmiserat.
833 1053 937 1094 Erat
961 1054 1127 1107 quidem
1155 1069 1207 1094 ex
1243 1059 1412 1095 textura
1445 1054 1612 1108 triplex,

82 1118 155 1159 sed
188 1119 393 1174 ignobilis,
427 1124 574 1174 utpote
607 1124 822 1174 compacta
855 1119 905 1159 de
942 1120 1150 1161 veteribus
1183 1135 1413 1174 pannorum
1446 1119 1613 1170 fissuris,

81 1199 162 1238 qua
184 1199 226 1226 se
247 1185 499 1240 accingendo
523 1186 681 1240 corpori
702 1201 775 1226 suo
796 1185 1062 1236 circumtulit,
1086 1191 1127 1226 et
1150 1186 1206 1227 ibi
1230 1186 1429 1228 decissam
1453 1192 1615 1241 partem

82 1250 195 1291 illam
218 1252 378 1305 petenti
408 1252 554 1301 dedit;
588 1252 744 1307 reliqua
766 1267 860 1293 vero
892 1252 967 1293 sibi
998 1242 1197 1293 reservari
1228 1253 1435 1307 praecepit.
1499 1253 1617 1293 Tunc

82 1317 145 1358 vir
177 1317 268 1371 Dei,
304 1322 328 1340 “
347 1317 443 1359 Hoc
479 1319 633 1359 donum
674 1318 853 1374 ignobile
885 1318 935 1359 de
972 1334 1038 1359 me
1070 1323 1284 1373 gratanter
1314 1319 1466 1374 accipe,
1505 1319 1616 1373 quod

82 1389 223 1424 tamen
258 1384 341 1426 scio
373 1385 646 1439 quorumdam
678 1400 795 1440 posse
826 1383 1137 1426 infirmitatibus
1172 1386 1417 1433 subvenire3
1461 1386 1615 1440 poterit

84 1450 249 1504 quidem
270 1450 376 1492 forte
397 1451 487 1493 aliis
508 1466 594 1493 esse
619 1451 773 1492 auxilio
798 1451 908 1506 quod
934 1451 983 1492 de
1008 1466 1074 1492 me
1104 1452 1253 1493 misero
1282 1453 1477 1507 accepisti
1504 1452 1616 1492 God-

83 1516 208 1558 rico‚”
269 1517 370 1570 Quae
403 1518 507 1559 alius
534 1533 706 1559 munera
741 1518 889 1559 devote
922 1518 1113 1572 suscepit,
1151 1523 1192 1559 et
1214 1519 1340 1560 verba
1372 1534 1460 1573 quae
1498 1518 1615 1560 audi-

85 1587 172 1624 erat
216 1598 355 1625 secum
395 1584 619 1635 conferens,
662 1584 704 1625 in
737 1585 859 1625 corde
898 1585 1095 1639 reposuit.
1172 1585 1275 1626 Post
1310 1585 1615 1639 aliquantulum

84 1650 280 1704 temporis
317 1650 491 1705 contigit
526 1651 642 1692 illum
677 1651 871 1692 clericum
909 1650 1129 1705 quemdam
1168 1650 1285 1692 fluxu
1320 1652 1528 1707 sanguinis
1564 1651 1615 1692 de

84 1716 253 1757 naribus
287 1717 629 1772 inexstinguibili,
669 1717 781 1758 omni
821 1717 1107 1772 3desperatum
1142 1717 1317 1768 medico,
1358 1719 1617 1759 laborantem

85 1782 258 1833 videre3
307 1782 423 1838 cujus
464 1783 594 1824 dolori
636 1783 881 1838 desperabili
924 1799 1173 1838 compassus,
1216 1784 1342 1839 capiti
1383 1784 1617 1840 languentis

84 1863 229 1889 zonam
250 1848 381 1904 ipsam
403 1850 650 1904 properabat
672 1850 991 1905 circumponere.
1055 1850 1138 1890 Sed
1165 1865 1263 1891 mox
1294 1856 1341 1891 ut
1375 1849 1461 1906 ejus
1492 1850 1619 1905 capiti

85 1915 198 1956 illam
239 1916 544 1971 circumposuit,
585 1916 728 1958 statim
769 1917 900 1957 omnis
939 1915 1076 1957 fluxus
1112 1917 1321 1971 sanguinis
1364 1917 1531 1967 restitit,
1574 1922 1617 1957 et

85 1981 255 2023 clericus
276 1996 318 2023 se
337 1982 513 2032 elevans,
538 1983 590 2024 ab
612 1983 723 2023 omni
744 1983 939 2037 languore
970 1997 1011 2023 se
1043 1988 1234 2024 sanatum
1257 1984 1470 2038 comperit.
1532 1983 1619 2024 Ex-

85 2047 181 2088 inde
203 2063 305 2089 zona
325 2048 396 2090 illa
415 2049 517 2090 nulli
545 2049 849 2104 praegnantium
885 2054 946 2090 est
978 2048 1269 2104 circumposita
1289 2065 1378 2103 quae
1409 2065 1492 2090 non
1523 2064 1618 2090 con-

86 2114 202 2154 tinuo
238 2114 292 2155 ad
328 2113 414 2170 ejus
446 2116 707 2171 complexum
752 2115 802 2156 de
843 2120 986 2170 partus
1027 2116 1206 2170 periculo
1242 2115 1366 2156 fuerit
1403 2114 1614 2157 4liberata.

88 2179 215 2221 Unde
249 2180 403 2236 duplex
425 2181 555 2224 virtus
587 2182 731 2237 gratiae
756 2181 798 2222 in
820 2181 900 2222 Dei
925 2196 1040 2223 servo
1072 2182 1320 2237 praeminuit,
1350 2182 1483 2237 prima
1507 2182 1617 2236 quod

86 2246 218 2288 virtus
242 2247 372 2289 exivit
397 2248 447 2289 de
467 2264 569 2290 zona
588 2264 669 2303 qua
690 2263 731 2290 se
754 2248 1055 2298 circumcinxit,
1079 2249 1259 2290 secunda
1277 2263 1373 2290 vero
1395 2248 1505 2303 quod
1527 2263 1617 2290 eam

87 2313 377 2368 languentibus
398 2315 440 2356 in
461 2315 609 2369 spiritu
629 2315 888 2370 profuturam
910 2314 995 2356 fore
1020 2312 1035 2336 ⁵
1043 2315 1275 2370 praesensit.

135 2405 145 2426 ¹
173 2406 247 2440 The
265 2406 361 2441 Harl.
380 2407 456 2441 MS.
475 2406 555 2441 does
572 2413 631 2441 not
648 2407 783 2441 contain
801 2407 869 2441 this
887 2407 1035 2453 chapter.

135 2449 149 2470 ²
165 2452 379 2499 Subprioris]
404 2453 553 2499 Perhaps
570 2453 628 2487 the
646 2454 799 2499 subprior
815 2454 891 2487 who
907 2454 968 2487 has
985 2454 1072 2488 been
1089 2454 1285 2488 mentioned
1303 2461 1336 2489 at
1355 2455 1372 2501 ξ
1392 2457 1471 2489 202.

133 2499 146 2518 ³
167 2499 412 2545 Desperatum]
438 2500 521 2533 This
538 2500 630 2533 word
647 2500 676 2533 is
693 2500 826 2533 written
844 2500 878 2533 in
896 2500 953 2534 the
971 2501 1101 2546 margin
1119 2501 1156 2534 of
1169 2501 1227 2534 the
1245 2501 1322 2535 MS.

136 2546 148 2564 ⁴
167 2545 355 2591 Liberata]
379 2546 442 2579 See
461 2542 502 2591 ἓξ
523 2548 598 2589 202,
618 2548 696 2581 206.

136 2592 148 2611 ⁵
168 2592 377 2639 Praesensit]
410 2594 430 2613 ‘⁴
444 2593 592 2636 Quidam
615 2593 646 2626 ei
669 2599 769 2627 notus
789 2594 888 2639 petiit
912 2594 1086 2638 instanter,
1108 2600 1146 2627 ut
1166 2594 1406 2627 munusculum
1432 2593 1567 2638 aliquod
1589 2593 1621 2626 ei

90 2638 259 2683 peculiare
287 2638 435 2673 donaret.
487 2639 550 2672 Ille
576 2651 695 2672 zonam
713 2640 815 2673 vilem
841 2640 991 2685 protulit,
1010 2646 1206 2673 contextam
1233 2640 1274 2673 de
1292 2640 1462 2673 veteribus
1488 2640 1619 2684 pannis,

91 2695 192 2729 quam
215 2685 246 2718 ei
268 2696 372 2718 senex
401 2685 586 2719 monachus
616 2697 676 2730 per
706 2686 919 2719 devotionem
945 2687 1187 2730 transmiserat,
1212 2692 1245 2719 et
1273 2686 1366 2720 dedit
1390 2686 1450 2728 illi,
1479 2686 1618 2720 dicens:

92 2732 100 2748 ‘
117 2730 193 2763 Hoc
218 2743 341 2765 munus
367 2731 515 2776 ignobile
539 2738 709 2776 gratanter
737 2733 863 2778 accipe,
882 2733 961 2777 quia
984 2734 1108 2778 poterit
1125 2733 1293 2778 aliquibus
1311 2744 1369 2777 per
1395 2732 1460 2765 Dei
1477 2732 1621 2777 gratiam

92 2776 293 2810 subvenire.'
342 2777 424 2811 Post
440 2778 612 2811 modicum
630 2784 764 2824 tempus
782 2779 866 2812 vidit
884 2779 940 2812 ille
958 2779 1118 2813 clericum
1142 2779 1315 2823 sanguinis
1333 2779 1431 2812 fluxu
1449 2789 1507 2824 per
1524 2789 1621 2811 nares

92 2822 383 2857 irremediabiliter
407 2824 640 2866 laborantem3
663 2827 761 2869 cujus
787 2826 889 2870 capiti
917 2837 994 2859 cum
1022 2838 1106 2859 zona
1131 2832 1218 2858 esset
1240 2824 1489 2869 circumposita,
1508 2824 1622 2857 fluxus

93 2869 231 2902 omnino
248 2870 402 2904 cessavit.
453 2870 583 2904 Eadem
609 2883 693 2905 zona
714 2872 930 2917 postmodum
948 2871 1213 2918 parturientibus
1235 2870 1487 2916 circumposita,
1506 2882 1623 2905 omnes

93 2927 112 2948 a
128 2916 277 2960 periculo
294 2916 484 2950 libe1·avit.’'
511 2917 623 2951 Anon.
643 2917 738 2952 Harl.
758 2918 906 2963 Legend.

1397 2985 1420 3009 T
