1839 3186
173 125 257 166 286
690 134 923 167 LIBELLus
960 135 1023 166 DE
1059 135 1175 167 VITA

234 236 374 294 §270
408 238 514 281 Cum
536 254 632 280 vero
661 254 885 293 quaererem
916 239 1130 281 verborum
1164 238 1346 293 ipsorum
1378 238 1704 294 promissionem,

175 310 373 356 tenorem,
394 310 467 346 aut
495 306 655 355 seriem,
680 304 893 360 respondit
916 320 1056 346 eorum
1079 305 1336 359 qualitatem,
1367 305 1555 355 formam,
1583 310 1708 359 atque

175 370 349 426 figuram
385 371 471 412 fore
503 371 850 426 inexplicabilem,
874 387 922 412 ac
943 372 1114 412 modum
1143 371 1294 426 linguis
1326 371 1540 412 hominum
1573 371 1706 412 inedi-

174 437 349 481 cibilem.
412 437 528 479 Tunc
551 453 640 493 eg0‚
666 442 692 460 “
711 438 839 479 Pater
859 438 929 487 mi,
955 438 1123 491 quinam
1144 437 1203 478 illi
1224 437 1350 487 fuere,
1385 437 1454 490 qui
1477 437 1557 487 hic,
1587 437 1708 479 nobis

171 508 312 545 mente
333 519 446 545 caeca
464 504 763 559 ignorantibus,
786 503 969 553 astitere,
1000 504 1065 545 vel
1098 501 1330 558 cujusmodi
1359 503 1535 545 nominis
1556 504 1708 544 vocab-

172 570 243 610 ula
276 570 517 612 habuere?”
596 570 669 611 Ad
705 570 816 624 quod
853 570 936 619 ille,
979 569 1190 610 “Medius
1229 584 1371 610 eorum
1405 573 1494 610 erat
1531 584 1706 624 magnus

174 635 205 676 J
210 651 301 678 esus
334 637 597 686 Nazaraenus,
632 651 657 677 a
692 636 874 677 dexteris
911 633 1015 691 Ejus
1048 635 1136 676 coeli
1170 635 1454 677 clavicularius
1488 635 1653 685 Petrus,
1682 650 1709 677 a

175 702 351 744 sinistris
391 718 487 744 vero
528 702 711 757 ipsorum
752 702 782 743 J
786 702 968 743 ohannes
1008 701 1214 756 Baptista,
1257 702 1432 743 domnus
1470 716 1600 752 meus,
1637 703 1707 756 qui

174 783 335 823 semper
357 768 445 809 Sibi
458 767 618 824 jugiter
643 768 863 818 cohaerent,
896 773 938 809 et
961 766 1155 809 dulcifluo
1190 768 1390 809 comitatu
1412 783 1498 809 sese
1528 768 1707 822 amplec-

173 834 299 875 tendo
321 834 624 889 congaudent.”
686 834 803 875 Tunc
824 834 1019 876 turbatus
1043 834 1190 889 spiritu
1220 839 1341 875 tanta
1366 834 1494 875 animi
1527 849 1707 875 commo-

171 900 284 941 tione
319 900 545 950 infremuit,
577 905 625 942 ut
658 900 913 955 singultuum
945 900 1120 955 suspiria
1153 915 1274 942 voces
1306 900 1511 954 loquentis
1542 900 1707 941 interci-

174 967 332 1017 derent,
356 973 397 1008 et
421 982 585 1009 omnem
609 968 806 1009 sermonis
827 967 1072 1008 facultatem
1101 966 1331 1008 diutissime
1358 981 1473 1007 mora
1496 971 1709 1021 protracta

173 1033 416 1077 adimerent.
478 1034 616 1075 Flevit
642 1034 751 1075 enim
777 1032 880 1075 fletu
899 1049 1065 1089 magno,
1089 1033 1149 1074 ita
1169 1038 1216 1074 ut
1238 1048 1320 1074 vox
1345 1048 1439 1074 cum
1469 1033 1611 1087 lingua
1634 1047 1707 1074 suo

173 1099 345 1154 privatae
366 1100 606 1142 viderentur
627 1098 772 1141 officio.
835 1099 1026 1142 Oonticui
1045 1114 1140 1155 ergo
1177 1104 1218 1141 et
1241 1099 1556 1149 collacrimatus,
1589 1099 1708 1154 plura

173 1165 224 1207 de
244 1166 310 1208 his
330 1166 577 1222 investigare
600 1166 833 1221 1pertimui.

175 1457 263 1482 CAP.
295 1457 368 1482 CLI.
430 1456 631 1486 QUALITER
662 1455 852 1482 SANCTAM
887 1454 1056 1480 MARIAM
1092 1454 1255 1480 DIUTIUS
1290 1453 1573 1488 INVOCAVERIT,
1611 1453 1708 1483 QUO-

264 1523 428 1550 MODOVE
459 1523 729 1558 CANTAVERIT,
762 1522 851 1548 SIVE
884 1522 983 1551 QUID
1013 1521 1119 1546 TUNC
1154 1522 1199 1546 IN
1235 1520 1392 1546 SPIRITU
1424 1503 1621 1546 VIDERIT.2

232 1623 254 1677 ξ
270 1620 366 1666 271.
389 1622 549 1664 TAcrus
568 1622 719 1664 iterum
734 1622 799 1663 die
816 1623 947 1663 altera
960 1620 1196 1663 vehementi
1208 1620 1387 1675 Spiritus
1397 1619 1539 1661 Sancti
1557 1621 1707 1675 gratia,

179 1704 204 1730 a
223 1689 357 1744 prima
378 1689 458 1730 diei
479 1704 606 1743 usque
629 1689 684 1730 ad
706 1689 851 1730 horam
872 1702 1024 1729 nonam
1047 1692 1167 1728 tanta
1189 1686 1315 1728 animi
1335 1686 1556 1728 serenitate
1575 1687 1618 1727 in
1639 1702 1709 1727 exm

180 1770 296 1797 cessu
316 1755 467 1796 mentis
493 1755 667 1807 exstitit,
699 1755 809 1810 quod
829 1755 989 1810 palmas
1019 1753 1062 1794 in
1084 1754 1229 1794 coelum
1255 1757 1413 1794 erectas
1443 1753 1518 1794 sub
1536 1751 1628 1808 jugi
1649 1758 1709 1793 te-

179 1837 278 1862 nore
302 1836 385 1862 non
408 1821 634 1863 demiserit.
705 1821 908 1862 Lacrimis
928 1820 1056 1875 igitur
1076 1819 1257 1861 ubertim
1284 1817 1520 1869 fluentibus,
1552 1819 1709 1874 procla-

179 1902 293 1929 mare
325 1903 408 1928 non
445 1887 578 1938 desiit,
613 1893 654 1928 et
687 1887 883 1929 Sanctam
917 1886 1098 1927 Mariam
1124 1885 1355 1940 Virginem,
1379 1885 1459 1926 Dei
1483 1885 1710 1940 piissimam

228 1999 236 2017 ¹
258 1998 463 2077 Pertimuiq)
480 1999 502 2018 ‘⁶
515 1998 603 2032 Cum
621 2003 710 2032 esset
728 1998 858 2031 diutino
876 1997 1036 2042 languore
1062 2002 1294 2041 consumptus,
1314 1995 1563 2029 Eucharistiam
1582 1995 1710 2029 solebat

178 2045 330 2090 accipere
348 2044 439 2089 quoli
466 2050 499 2077 et
517 2044 571 2077 die
595 2045 694 2077 tertio
713 2044 765 2077 vel
790 2043 951 2078 secundo.
1002 2043 1089 2076 Vice
1107 2042 1251 2087 quadam
1276 2047 1352 2087 post
1370 2042 1488 2076 Missae
1514 2041 1711 2075 celebratio-

179 2102 269 2134 nem,
287 2102 365 2124 011111
382 2102 402 2123 a
418 2102 473 2123 me
490 2096 700 2124 sacramenta
724 2090 935 2135 sumpsisset,
949 2089 1052 2132 jussit
1070 2094 1107 2121 ut
1125 2094 1248 2121 exutus
1266 2088 1476 2121 vestimentis
1494 2088 1710 2122 sacerdotali-

179 2136 254 2179 bus,
280 2136 486 2170 assiderem:
514 2142 546 2169 et
564 2137 611 2169 ita
636 2136 797 2181 incoepit:
825 2138 834 2154 ‘
849 2135 1029 2179 Numquid
1047 2135 1135 2168 viros
1160 2134 1215 2168 hic
1241 2134 1372 2179 aliquos
1390 2134 1504 2168 vidisti
1529 2134 1593 2168 hac
1610 2140 1709 2168 nocte

181 2182 262 2216 dum
287 2188 459 2216 nocturnae
486 2183 626 2227 synaxis
655 2183 803 2215 officium
827 2180 1060 2227 persolvistiZ'
1111 2181 1198 2214 Cum
1217 2193 1294 2214 vero
1320 2192 1375 2213 me
1404 2181 1551 2214 dicerem
1576 2192 1642 2214 non
1661 2181 1710 2214 vi-

183 2228 292 2263 disse:
331 2229 448 2270 ‘Fili,'
477 2229 534 2272 ait,
561 2230 603 2262 ‘a
632 2228 798 2274 principio
827 2227 988 2273 temporis
1025 2239 1090 2272 quo
1130 2227 1287 2268 cantasti,
1316 2227 1403 2261 viros
1433 2233 1499 2260 tres
1533 2226 1601 2260 vidi
1641 2226 1709 2260 huc

181 2276 294 2309 venire
321 2275 361 2308 de
387 2274 492 2318 coelis,
512 2287 653 2319 quorum
678 2275 735 2307 ille
754 2275 810 2319 qui
836 2274 946 2308 stabat
964 2286 983 2307 a
1000 2273 1145 2307 sinistris
1171 2274 1218 2306 ita
1243 2279 1294 2307 est
1318 2273 1451 2306 locutus
1477 2273 1519 2306 ad
1536 2273 1708 2307 medium:

182 2322 363 2365 ‘Domine,
391 2321 447 2355 hic
480 2327 593 2354 noster
623 2320 792 2354 Godricus
822 2320 985 2365 quamdiu
1016 2320 1080 2353 1100
1109 2319 1210 2353 modo
1240 2319 1454 2362 cruciabitur,
1485 2325 1518 2352 et
1543 2331 1563 2352 a
1594 2324 1708 2352 nostro

180 2368 323 2412 collegio
342 2368 551 2412 disjungetur
565 2367 593 2401 ‘l’
644 2367 688 2401 Et
706 2367 763 2400 ille
781 2367 849 2401 ait:
877 2366 1045 2410 ‘Adhue,’
1060 2367 1118 2410 ait,
1133 2366 1188 2399 ‘in
1206 2377 1245 2399 eo
1263 2371 1313 2399 est
1330 2365 1458 2410 aliquid
1475 2365 1682 2411 expiandum
1701 2378 1709 2407 3

180 2426 243 2448 1100
262 2415 342 2448 dum
360 2415 452 2447 venit
476 2414 558 2447 hora
583 2414 667 2457 ejus,
685 2419 723 2446 ut
747 2418 895 2447 transeat
913 2424 954 2445 ex
978 2412 1042 2445 1100
1067 2412 1219 2445 1111111(10.’
1281 2412 1413 2445 Deinde
1437 2417 1658 2455 recesserunt,
1677 2416 1711 2444 et

182 2461 345 2506 quosdam
362 2460 481 2494 fideles
499 2460 533 2493 in
551 2460 626 2493 aliis
643 2459 834 2504 regionibus
850 2459 1081 2500 visitaverunt,
1100 2459 1289 2503 iterumque
1306 2458 1428 2491 reversi
1446 2458 1501 2491 liic
1513 2457 1710 2502 aliquandiu

180 2507 415 2550 constiterunt,
434 2512 467 2540 et
483 2518 538 2539 me
556 2506 651 2539 vultu
667 2505 800 2551 placido
818 2510 1049 2550 respexerunt.
1101 2504 1194 2546 Quos
1209 2516 1270 2549 ego
1288 2515 1362 2537 sum
1379 2510 1496 2549 postca
1512 2510 1710 2549 prosecutus

181 2553 235 2587 his
261 2553 367 2587 oeulis
392 2564 499 2597 usquc
516 2553 559 2586 ad
576 2552 728 2586 Paradisi
750 2552 909 2585 sublimia
933 2551 1135 2592 redeuntes3
1159 2550 1343 2595 plurimum
1367 2551 1408 2583 de
1426 2550 1548 2591 verbis,
1568 2561 1642 2595 quae
1668 2550 1709 2584 ab

183 2600 232 2633 eis
256 2599 340 2633 mihi
364 2605 443 2632 sunt
469 2599 568 2639 dicta,
594 2598 739 2641 laetatus,
766 2609 840 2642 quae
865 2597 966 2630 verba
987 2597 1134 2630 hominis
1160 2596 1275 2641 lingua
1300 2596 1470 2641 explicare
1495 2608 1562 2629 non
1587 2601 1708 2641 potest.

184 2645 322 2679 Medius
342 2651 455 2679 autem
481 2645 616 2678 illorum
633 2645 697 2678 fuit
715 2644 882 2677 Dominus
900 2643 921 2676 J
924 2654 1011 2686 esus,
1030 2654 1050 2676 a
1068 2643 1196 2676 dextris
1214 2642 1290 2677 coeli
1312 2642 1557 2685 clavicularius,
1575 2653 1595 2675 a
1611 2642 1710 2675 sinis-

183 2692 243 2725 tris
261 2692 433 2725 Johannes
460 2691 603 2725 domnus
628 2690 749 2724 meus.’
798 2690 894 2723 Tunc
912 2690 991 2722 flere
1009 2689 1224 2722 vehementer
1250 2689 1400 2734 incoepit,
1418 2689 1502 2722 adeo
1527 2694 1565 2722 ut
1582 2688 1709 2732 singul-

182 2743 237 2771 tus
267 2744 366 2783 atquc
390 2738 532 2783 suspiria
560 2737 719 2782 loquendi
747 2736 934 2770 adimerent
962 2734 1158 2768 facultatem
1173 2748 1182 2777 ;
1209 2741 1242 2769 et
1259 2747 1320 2780 ego
1343 2735 1587 2778 collacrimans,
1614 2734 1710 2779 plura

182 2789 263 2818 tunc
281 2784 481 2828 investigare
499 2784 664 2817 cessaV1.''
690 2783 801 2816 Anon.
822 2781 917 2815 Harl.
937 2781 1085 2826 Legend.

231 2832 243 2850 ²
268 2830 307 2863 In
325 2830 382 2864 the
402 2830 496 2863 Harl.
512 2830 587 2864 MS.
605 2829 742 2874 chapter
762 2828 975 2862 CXXXIII.
