1839 3186
190 160 273 200 108
719 169 954 203 LIBELLUS
989 171 1054 202 DE
1089 171 1206 203 VITA

188 273 362 332 alicujus
403 274 515 330 prius
548 273 772 329 praetende,
808 278 850 314 et
893 273 1100 328 quomodo
1136 274 1297 329 operari
1331 274 1507 316 debeam
1551 275 1728 330 praevius

190 347 382 398 operator
403 340 616 382 ostende.''
678 339 944 381 AEstimabat
974 340 1141 394 quidem
1163 341 1299 382 adhuc
1321 341 1432 396 quod
1450 342 1513 383 vir
1532 341 1681 396 aliquis
1704 357 1730 383 a

191 409 283 450 Deo
307 409 479 450 edoctus
500 407 733 455 exsisteret,
763 422 885 461 quern
917 406 1123 449 Dominus
1161 407 1267 448 forte
1292 408 1348 450 ad
1376 408 1620 449 eruditionis
1642 406 1730 463 ejus

191 475 396 517 cautelam
424 474 494 515 illo
523 473 768 522 direxisset;
804 473 983 528 datoque
1017 473 1054 514 ei
1091 473 1262 515 fossorio
1295 474 1367 525 ait,
1399 479 1424 497 “
1449 474 1558 525 En,”
1579 474 1727 529 inquit,

195 546 218 564 ‘⁶
240 543 342 583 hora
369 540 461 597 jam
497 540 708 596 praeteriit,
743 545 784 581 et
815 544 980 595 tempus
1010 539 1231 581 reddendae
1270 541 1400 582 solitae
1429 540 1635 596 pensionis
1662 556 1729 582 me

193 608 430 650 Oratorium
462 622 603 649 meum
639 606 774 648 subire
809 606 1049 661 compellit3
1092 606 1327 661 regrediens
1363 622 1460 648 vero
1492 612 1535 648 te
1569 607 1730 662 plenius

192 675 374 725 audiam,
397 679 438 715 et
463 674 496 716 si
522 672 753 714 doctrinam
771 687 913 713 sanam
929 672 1232 726 praedicaveris,
1255 674 1432 715 libenter
1456 672 1728 728 ¹excipiam.”

250 742 387 794 §lor
421 740 580 793 Quibus
602 738 736 789 dictis,
768 739 889 780 heros
919 738 987 779 ille
1018 738 1234 780 fossorium
1256 739 1466 794 corripuit,
1501 745 1542 781 et
1573 745 1728 781 terram

193 808 305 849 omni
342 806 555 848 conamine
586 810 770 847 evertere
799 810 841 846 et
877 804 1054 846 effodere
1086 805 1221 860 coepit.
1293 806 1511 847 Redeunte
1536 821 1633 848 vero
1665 822 1725 858 eo,

190 874 206 896 2
219 873 462 930 psalmodiae
486 873 589 914 hora
613 872 791 927 expleta,
823 871 916 927 plus
948 871 1036 926 ipso
1067 877 1277 913 momento
1298 873 1341 913 in
1365 872 1596 913 effodiendo
1618 888 1728 914 com-

191 941 376 996 pleverat
401 955 525 994 quam
547 939 610 981 vir
631 938 712 979 Dei
733 954 805 993 per
827 938 914 980 dies
935 943 1042 988 octo,
1068 938 1153 980 sive
1186 954 1259 994 per
1290 939 1529 993 quindenos,
1556 954 1728 981 exarare

193 1007 380 1056 solebat;
416 1006 476 1048 ita
496 1005 695 1060 inquiens,
736 1009 760 1027 “
778 1004 837 1046 Et
861 1009 909 1046 tu
934 1004 1113 1046 debuisti
1148 1005 1325 1047 Patrum
1353 1006 1543 1061 exempla
1564 1006 1723 1058 sectari,

194 1079 235 1115 et
257 1073 408 1115 laboris
434 1073 496 1114 tui
530 1071 730 1113 instantia
761 1086 902 1112 eorum
935 1071 1095 1112 monita
1125 1076 1249 1126 atque
1281 1072 1456 1127 vestigia
1486 1072 1629 1114 multis
1660 1088 1726 1114 su-

192 1140 360 1182 doribus
381 1138 606 1180 aemulari.”
668 1137 790 1190 Quod
813 1137 959 1179 videns
979 1137 1060 1188 ille,
1084 1139 1227 1180 statim
1249 1138 1450 1179 inhorruit
1470 1152 1480 1190 3
1514 1138 1610 1193 quia
1631 1154 1726 1180 eum

183 1205 275 1262 jam
308 1206 519 1247 hominem
552 1220 633 1246 non
659 1204 784 1246 fuisse
820 1204 918 1259 ipsis
949 1203 1036 1260 ejus
1071 1204 1242 1247 edoctus
1274 1205 1466 1260 operibus
1502 1204 1724 1247 intellexit.

193 1273 299 1314 Erat
324 1272 514 1327 equidem
530 1276 644 1313 totus
663 1271 779 1326 niger
800 1275 841 1311 et
862 1270 1062 1325 hispidus,
1081 1277 1122 1312 et
1138 1271 1318 1326 corporis
1335 1276 1496 1313 statura
1516 1286 1722 1327 procerus,

193 1345 317 1394 atque
343 1354 416 1394 pro
436 1339 547 1380 omni
568 1338 719 1388 labore,
754 1353 834 1391 quo
865 1342 1019 1378 terram
1050 1343 1269 1388 everterat,
1293 1338 1405 1379 nulla
1426 1338 1591 1393 penitus
1612 1337 1654 1378 in
1677 1353 1724 1379 eo

192 1406 353 1448 sudoris
373 1405 438 1447 vel
468 1404 620 1446 laboris
658 1404 836 1446 scintilla
864 1404 1137 1458 prominebat.
1202 1404 1354 1446 Verbis
1389 1404 1561 1459 proinde
1596 1404 1725 1459 ipsius

192 1472 318 1514 fidem
350 1472 525 1513 ulterius
557 1487 639 1512 non
670 1470 999 1520 accommodans,
1038 1471 1110 1512 sed
1143 1469 1231 1526 ejus
1265 1472 1467 1513 versutias
1498 1471 1724 1525 praevenire

191 1539 456 1589 contendens,
473 1538 527 1579 ad
550 1538 739 1579 cellulam
760 1552 877 1578 suam
894 1552 992 1577 mox
1013 1537 1265 1592 regreditur-3
1291 1542 1332 1578 et
1354 1542 1567 1592 assumpto
1585 1552 1725 1579 secum

191 1606 328 1647 libello
350 1620 435 1655 stro,
459 1610 500 1645 et
522 1605 564 1646 in
596 1604 687 1646 sinu
720 1618 793 1645 suo
829 1603 917 1658 ipso
942 1604 1135 1658 reposito,
1170 1604 1224 1644 ad
1254 1604 1389 1644 locum
1410 1604 1598 1645 modesto
1620 1603 1725 1658 pede

192 1671 467 1727 progreditur.
530 1671 603 1712 Ad
638 1685 760 1725 quem
785 1669 849 1711 vir
884 1669 977 1720 Dei,
1003 1674 1027 1692 ‘⁶
1052 1670 1251 1722 Quisnam
1281 1675 1328 1711 tu
1362 1685 1415 1721 es,
1446 1670 1511 1712 vel
1540 1670 1595 1711 ad
1625 1669 1726 1724 quid

191 1739 273 1780 huc
305 1737 516 1780 venisti3”
578 1737 640 1778 At
671 1737 750 1787 ille,
792 1741 816 1759 “
840 1736 987 1777 Nonne
1022 1737 1138 1778 vides
1174 1742 1216 1778 et
1247 1737 1398 1778 sentire
1431 1736 1584 1791 poteris
1615 1736 1725 1790 quod

191 1805 315 1846 homo
342 1819 449 1853 sum,
485 1803 562 1845 tibi
593 1820 666 1859 per
696 1807 846 1844 cuncta
867 1803 1149 1844 consirnilis?”
1218 1803 1295 1845 Oui
1331 1803 1448 1853 alter,
1475 1807 1499 1825 ‘⁶
1523 1802 1568 1843 Si
1599 1803 1723 1843 homo

190 1887 246 1922 es,
269 1877 317 1912 ut
339 1869 555 1926 profiteris,
593 1870 658 1911 dic
689 1869 722 1911 si
758 1869 800 1910 in
832 1869 973 1920 Patre,
1000 1875 1041 1911 et
1071 1869 1229 1924 Spiritu
1266 1870 1432 1919 Sancto,
1467 1874 1508 1910 et
1542 1869 1723 1909 Domino

190 1937 296 1979 Jesu
330 1937 495 1979 Christo
528 1937 698 1984 credas;
737 1936 801 1977 vel
838 1935 922 1976 Eos
958 1951 1051 1977 cum
1091 1935 1247 1976 Sancta
1288 1936 1368 1976 Dei
1404 1936 1544 1976 Matre
1585 1935 1725 1976 Maria

190 2019 354 2045 mecum
373 2004 544 2044 adorato
577 2008 618 2044 et
648 2002 827 2051 nomina,
865 2007 912 2042 ut
942 2001 1067 2043 fidem
1097 2001 1223 2043 facias
1256 2002 1306 2042 de
1336 2002 1458 2042 rebus
1489 2001 1724 2043 reverendis

191 2085 293 2124 quas
326 2069 589 2124 praedicandO
611 2068 917 2110 com1nendas.”
978 2069 1039 2109 At
1069 2068 1152 2117 ille,
1185 2073 1210 2090 ‘⁶
1233 2066 1248 2088 3
1266 2068 1330 2108 De
1362 2068 1607 2109 credulitate
1628 2082 1722 2108 mea

189 2152 241 2177 ne
262 2135 488 2186 soliciteris,
522 2151 596 2177 nec
624 2135 678 2176 ad
699 2139 740 2176 te
762 2140 923 2189 spectat
954 2135 1044 2189 quis
1074 2134 1163 2185 sim,
1197 2149 1291 2175 cum
1324 2134 1555 2175 doctrinam
1585 2148 1720 2175 meam

191 2202 304 2257 sequi
327 2201 546 2243 nolueris.''

241 2280 247 2299 ¹
270 2279 472 2325 Excipiam]
501 2280 522 2297 ‘⁶
536 2278 615 2312 Alio
633 2284 784 2323 tempore
802 2277 836 2310 in
854 2276 950 2310 horto
969 2282 1168 2310 consuetum
1188 2289 1272 2322 opus
1290 2278 1454 2321 exercuit,
1476 2283 1509 2311 et
1535 2289 1612 2311 cum
1631 2283 1721 2311 esset

192 2327 352 2371 fatigatus
369 2326 483 2359 labore
501 2325 667 2370 pausavit.
717 2325 808 2357 Ecce
826 2324 875 2357 vir
893 2323 1029 2368 quidam
1049 2323 1184 2368 ignotus
1202 2324 1374 2368 assistens,
1395 2336 1472 2357 eum
1490 2323 1618 2357 diutius
1642 2335 1720 2357 eum

194 2379 283 2407 esset
307 2373 461 2415 intuitus,
487 2373 534 2405 ita
559 2372 668 2405 dixit:
696 2373 706 2389 ‘
719 2370 888 2415 Numquid
911 2370 959 2403 sic
981 2370 1112 2414 antiqui
1143 2370 1271 2414 Patres,
1298 2382 1440 2414 quorum
1458 2376 1491 2403 te
1513 2370 1718 2403 imitatorem

191 2431 266 2453 esse
284 2419 438 2461 confidis,
464 2419 497 2451 in
524 2418 666 2451 Deserto
687 2417 798 2460 jejuni
825 2423 858 2449 et
874 2416 992 2461 pallidi
1018 2415 1239 2449 laborabant?
1286 2417 1377 2450 Ecce
1394 2429 1413 2449 a
1430 2428 1528 2449 mane
1552 2428 1658 2461 usque
1676 2416 1718 2449 ad

191 2465 368 2499 meridiem
387 2465 443 2498 vix
463 2464 610 2509 quinque
635 2463 759 2508 pedum
778 2469 874 2496 terrae
900 2463 1048 2507 spatium
1074 2462 1232 2506 effodisti,
1252 2474 1329 2495 cum
1355 2463 1478 2496 debeas
1495 2462 1598 2495 animi
1618 2462 1717 2495 devo-

190 2514 317 2546 tionem
336 2523 413 2556 erga
427 2511 539 2544 Deum
558 2510 786 2542 demonstrare
804 2509 913 2553 operis
931 2508 1143 2553 quantitate.²
1193 2509 1247 2541 Ad
1263 2520 1363 2553 quem
1378 2509 1426 2541 vir
1445 2509 1509 2541 Dei
1527 2508 1717 2551 subridens,

191 2559 251 2598 ait,
272 2561 281 2577 ζ
295 2558 348 2591 Tu
366 2569 442 2602 ergo
460 2556 539 2590 boni
566 2556 675 2601 operis
701 2555 895 2600 exemplum
914 2555 1060 2599 praevius
1078 2559 1231 2599 operator
1249 2554 1413 2588 ostende.’
1463 2554 1609 2587 Putabat
1627 2554 1717 2587 enini

190 2605 279 2650 quod
301 2610 389 2637 esset
408 2604 456 2636 vir
479 2603 588 2635 bonus
614 2601 657 2634 ad
682 2602 755 2644 ejus
784 2601 1007 2634 eruditionem
1037 2601 1161 2633 missus
1179 2613 1198 2633 a
1216 2600 1300 2634 Deo.
1353 2600 1503 2633 Tradens
1528 2600 1642 2644 itaque
1668 2600 1717 2633 illi

189 2651 369 2684 fossorium
394 2650 451 2693 ait,
479 2648 618 2681 ‘Solitae
643 2647 815 2692 pensionis
832 2647 1012 2680 reddendas
1037 2646 1119 2679 hora
1143 2658 1198 2679 nie
1221 2646 1263 2679 ad
1282 2647 1474 2679 Oratorium
1500 2646 1608 2679 redire
1627 2658 1718 2679 com-

190 2697 308 2742 pellit;
338 2707 490 2730 reversus
515 2701 548 2728 te
572 2694 719 2736 audiam,
746 2699 778 2726 ct
797 2693 887 2737 quod
906 2693 981 2726 vitae
1007 2693 1161 2726 docueris
1179 2692 1323 2726 libenter
1347 2692 1576 2738 excipiam.'''
1603 2693 1717 2726 Anon.

189 2743 338 2787 Legend.

236 2791 249 2808 ²
268 2789 462 2822 Psalmodz'ae
479 2786 589 2833 liora]
618 2787 680 2819 See
694 2785 851 2818 Martcnc
870 2784 910 2817 de
929 2785 1046 2829 Antiq.
1065 2784 1225 2818 Monach.
1243 2784 1390 2827 mribus,
1406 2785 1426 2817 i.
1448 2784 1516 2817 viii.
1533 2782 1550 2829 ξ
1567 2786 1621 2818 20.

237 2836 250 2856 ³
271 2835 325 2869 De
337 2833 559 2879 credulitatem]
588 2838 606 2851 ‘⁶
628 2831 796 2865 professio
821 2831 900 2864 fidei
928 2831 1140 2874 Christianae,
1166 2831 1217 2864 vel
1247 2831 1360 2876 potius
1385 2830 1470 2864 fides
1500 2830 1608 2876 ipsa.”
1658 2829 1715 2863 Du

190 2882 316 2926 Gange,
343 2881 456 2915 Gloss.
475 2881 511 2914 ii.
533 2882 632 2913 1153.
