1839 3186
534 235 595 267 ET
630 235 899 268 MIRACULIS
936 235 971 267 S.
998 235 1216 266 GODRICI.
1564 225 1646 265 163

111 341 193 383 suis
231 341 307 383 sibi
340 346 595 392 contexerat,
630 346 672 382 et
707 341 956 381 anteriorem
993 337 1081 395 ejus
1111 343 1274 394 partem
1305 340 1421 394 quasi
1461 340 1645 395 spiniferi

111 407 282 463 alicujus
304 407 491 462 ¹pessulo
515 407 591 449 sibi
613 407 891 462 praecluserat9
918 406 1014 460 quia
1034 410 1126 447 tota
1154 406 1334 461 corporis
1359 405 1446 461 ejus
1477 407 1647 448 interior

111 473 344 529 superficies
367 473 480 515 nuda
512 488 617 529 pene
648 473 873 515 forinsecus
894 472 1168 527 prominebat,
1203 478 1355 527 praeter
1381 473 1494 514 illam
1515 474 1645 514 solam

111 540 290 596 corporis
322 540 570 595 particulam
611 555 735 594 quam
775 539 978 581 caracalla
1019 539 1165 580 villosa
1196 544 1452 580 contexerat.
1525 539 1646 581 Circa

111 607 260 648 collum
281 622 377 649 vero
400 622 520 648 suum
541 606 657 661 quasi
679 605 894 662 cujusdam
915 605 1129 661 grossioris
1150 605 1342 656 foeniculi,
1367 621 1447 659 quo
1466 610 1644 647 utuntur

110 678 293 715 errantes
314 673 531 728 peregrini,
558 673 804 723 ²surcu1um,
827 672 958 714 instar
979 672 1115 714 baculi
1131 670 1304 727 alicujus
1328 672 1641 727 peregrinantis,

110 739 376 795 appenderat,
407 739 518 794 quod
546 739 672 781 etiam
693 739 735 780 in
757 754 948 794 suprema
970 738 1057 795 ejus
1084 739 1250 793 regione
1274 739 1316 779 in
1338 738 1478 780 circuli
1502 743 1640 779 rotun-

110 806 248 848 dantis
274 806 595 860 ‘similitudinem
631 811 945 854 re011rvaverat3
980 805 1023 846 in
1051 803 1167 860 cujus
1189 805 1329 846 circuli
1357 805 1538 846 rotunda
1558 821 1642 846 rne-

110 872 266 914 dietate
292 871 506 928 cujusdam
527 872 584 913 fili
604 872 817 927 grossioris
844 872 987 913 intorti
1019 872 1267 913 lineaturam
1298 872 1519 921 intexerat,
1553 887 1642 925 quae

112 939 318 994 diagonali
356 938 516 980 ³limine
556 954 582 980 a
618 939 747 980 latere
780 939 928 980 mediae
968 938 1239 979 rotunditatis
1271 936 1511 993 4ciijusdam
1548 938 1642 979 telae

111 1021 271 1046 araneae
327 1005 504 1060 speciem
553 1005 816 1060 praeferebat.
888 1003 1016 1060 Cujus
1058 1020 1219 1046 araneae
1257 1005 1350 1046 telae
1392 1009 1563 1046 textura
1600 1004 1643 1045 in

111 1069 279 1113 ⁵circuli
308 1072 446 1113 medio
476 1071 651 1122 exstitit,
678 1087 767 1125 quae
802 1071 1046 1113 transversis
1073 1071 1353 1126 protractibus
1380 1071 1422 1112 in
1453 1071 1644 1112 omnibus

111 1138 320 1192 quaternis
340 1138 527 1193 partibus
547 1138 700 1193 incepit
722 1142 764 1178 et
784 1127 946 1179 6desiit.

172 1206 193 1260 ξ
218 1207 314 1246 154.
339 1205 558 1258 Quaerente
571 1220 749 1259 namque
763 1219 880 1246 servo
894 1204 975 1245 Dei
995 1204 1084 1258 quis
1106 1208 1228 1253 esset,
1246 1203 1312 1245 vel
1324 1203 1434 1245 unde
1451 1205 1643 1251 venisset.

113 1270 221 1312 dixit
249 1272 360 1326 quod
391 1271 621 1313 diutissime
643 1271 696 1312 ad
718 1269 806 1326 ejus
829 1271 1077 1325 colloquium
1110 1270 1382 1325 suspirasset;
1423 1275 1447 1293 “
1472 1270 1581 1312 Nam
1603 1276 1645 1312 et

113 1336 233 1393 ego‚’'
254 1339 401 1393 inquit,
436 1343 461 1361 “
483 1338 686 1379 heremita
716 1353 808 1379 sum
838 1338 882 1379 in
911 1338 1100 1393 proximo
1132 1337 1355 1385 habitans;
1391 1342 1432 1378 et
1456 1352 1482 1378 a
1513 1337 1645 1378 multo

113 1410 299 1459 tempore
334 1405 444 1446 fama
475 1410 558 1445 tuae
594 1404 830 1446 sanctitatis
864 1409 1113 1459 praeventus,
1142 1409 1186 1445 te
1218 1403 1358 1445 videre
1392 1403 1644 1453 desiderans,

112 1471 255 1513 multis
289 1477 431 1513 tamen
471 1471 649 1526 negotiis
693 1471 948 1526 praepeditus
976 1471 1179 1512 hactenus
1219 1470 1377 1519 distuli,
1417 1471 1490 1512 sed
1521 1470 1646 1511 modo

113 1538 281 1580 veniens
305 1544 401 1593 peto
422 1543 469 1579 ut
491 1553 516 1579 a
541 1543 583 1579 te
603 1553 764 1580 merear
785 1538 1009 1579 clementer
1030 1537 1231 1579 exaudiri.
1295 1537 1455 1592 Nempe
1476 1538 1519 1578 in
1541 1537 1646 1578 Nor-

113 1604 305 1646 humbria
326 1605 516 1646 cellulam
543 1610 796 1655 construens,
826 1605 1034 1646 neminem
1062 1603 1132 1654 ibi,
1160 1603 1264 1659 proh
1291 1603 1425 1645 dolor!
1466 1603 1646 1645 amicum

113 1671 274 1726 repperi
305 1677 456 1727 praeter
486 1676 721 1712 matronam
755 1671 963 1726 quandam
992 1671 1184 1722 nobilem,
1209 1686 1299 1725 quae
1320 1671 1362 1711 in
1381 1671 1523 1712 multis
1544 1670 1647 1712 mihi

114 1738 296 1792 paruisse
321 1743 362 1779 et
382 1739 487 1779 bene
507 1738 650 1779 fecisse
684 1738 870 1780 memini.
934 1738 1039 1779 Haec
1058 1738 1132 1778 tali
1165 1737 1366 1779 vocabulo
1394 1737 1645 1789 nominatur,

114 1809 155 1844 et
178 1819 272 1845 cum
293 1804 380 1846 viro
401 1804 458 1846 ibi
487 1804 793 1845 conversatur.”
855 1804 960 1845 Post
988 1804 1123 1845 multa
1148 1804 1319 1845 tandem
1354 1802 1647 1859 figmentorum

113 1898 309 1932 mentioned
333 1898 380 1944 by
397 1898 503 1943 Beda,
530 1899 574 1933 H.
589 1899 630 1932 E.
648 1899 670 1932 i.
690 1899 721 1942 7,
752 1898 817 1932 and
842 1909 935 1931 more
961 1897 1136 1943 definitely
1153 1897 1187 1931 in
1204 1896 1262 1931 the
1286 1897 1459 1942 following
1483 1909 1647 1943 passage:

115 1945 137 1962 “
155 1944 267 1978 Vestis
285 1946 358 1989 ejus
375 1945 511 1979 cilicina
529 1945 570 1978 de
595 1957 770 1991 caprarum
795 1945 885 1990 pilis,
904 1945 938 1977 in
963 1944 1103 1977 modum
1129 1944 1312 1987 oaraeallae,
1331 1956 1433 1988 quam
1451 1956 1540 1977 nunc
1560 1944 1647 1989 Cap-

114 2002 192 2035 pam
205 1992 399 2026 vocamus.'’
423 1992 556 2026 Mabill.
569 1992 659 2025 Acta
672 1992 731 2025 SS.
746 1991 828 2026 Ord.
841 1992 872 2024 S.
882 1990 1012 2025 Bened.
1027 2002 1094 2024 sec.
1108 1993 1139 2024 1.
1150 2003 1183 2036 p.
1196 1993 1275 2024 294.
1303 1990 1377 2023 The
1388 1990 1479 2024 word
1491 1993 1513 2009 “
1524 1989 1646 2023 Bratt''

115 2037 144 2070 is
162 2037 245 2070 used
262 2037 297 2071 in
314 2038 372 2071 the
389 2038 503 2072 Saxon
521 2039 653 2072 version
671 2038 709 2072 of
722 2037 908 2073 St.Matth.
928 2050 957 2071 v.
976 2040 1033 2079 40,
1051 2049 1088 2071 as
1106 2037 1298 2082 equivalent
1316 2043 1350 2070 to
1364 2036 1421 2070 the
1440 2039 1461 2055 “
1474 2036 1646 2070 Pallium'’

115 2083 153 2116 of
167 2083 223 2116 the
242 2084 402 2129 Vulgate.
450 2086 513 2119 See
529 2085 586 2118 the
605 2085 795 2118 Glossaries
812 2085 850 2117 of
871 2084 893 2117 J
896 2083 995 2117 unius
1021 2084 1087 2117 and
1113 2084 1268 2127 Skinner,
1286 2083 1344 2117 the
1368 2084 1467 2117 latter
1485 2084 1523 2117 of
1536 2083 1646 2116 whom

115 2141 193 2175 says
207 2130 234 2163 it
246 2143 315 2164 was
331 2131 416 2165 used
429 2132 463 2165 in
478 2131 711 2165 Lincolnshire
726 2131 760 2165 in
774 2131 827 2164 his
844 2132 927 2164 time
941 2144 949 2173 3
976 2130 1042 2164 and
1060 2131 1086 2164 it
1103 2131 1132 2164 is
1150 2137 1207 2175 yet
1221 2131 1259 2164 of
1272 2141 1428 2164 common
1447 2141 1648 2164 occurrence

115 2176 149 2209 in
168 2177 225 2209 the
243 2177 341 2210 north
359 2178 397 2211 of
419 2178 587 2223 England.
636 2180 657 2196 ‘⁴
670 2177 815 2211 Hakel'⁷
829 2178 858 2211 is
875 2177 933 2211 the
958 2177 1072 2210 Saxon
1092 2179 1113 2195 ‘⁴
1127 2177 1280 2211 Hacele'’
1299 2188 1335 2210 or
1364 2178 1386 2195 ‘⁴
1399 2176 1569 2218 Haecile‚''
1588 2188 1648 2209 ex-

114 2222 250 2268 plained
272 2223 319 2269 by
340 2225 505 2258 Somner:
532 2225 598 2258 “A
624 2230 699 2258 cote
722 2236 759 2257 or
784 2224 923 2258 cassock
948 2224 1079 2269 against
1102 2224 1160 2257 the
1183 2224 1267 2266 rain,
1293 2229 1416 2257 storms
1441 2235 1477 2257 or
1503 2222 1603 2265 cold3
1630 2234 1650 2256 a

115 2269 233 2303 cloake
250 2282 287 2303 or
303 2271 441 2315 mantle,
460 2283 479 2304 a
496 2271 580 2305 shirt
598 2283 634 2304 or
651 2270 804 2305 smock.''

163 2316 172 2336 ¹
195 2316 359 2363 pessula]
378 2318 497 2351 Above
508 2318 576 2351 this
587 2317 679 2351 word
690 2317 717 2351 is
729 2317 861 2350 written
872 2316 987 2361 hythe
998 2328 1091 2350 same
1103 2317 1211 2351 scribe
1224 2317 1259 2350 in
1273 2316 1316 2352 Β.
1331 2316 1392 2350 “id
1404 2322 1467 2359 est,
1478 2316 1649 2351 Broche.''

162 2362 176 2383 ²
193 2362 394 2410 Surculum]
419 2365 590 2409 Peregrini
609 2364 783 2398 surculum
801 2363 903 2397 etiam
921 2363 1038 2405 instar,
1060 2363 1107 2397 H.

163 2409 176 2428 ³
195 2409 336 2443 Limine.
384 2410 521 2454 Limite,
543 2411 591 2445 H.
825 2411 839 2430 ⁴¹
859 2409 1064 2456 Cuiusdam]
1086 2409 1273 2454 Cujusdam
1292 2409 1403 2443 crucis
1420 2410 1581 2455 speciem,
1602 2409 1650 2443 H.

161 2456 174 2476 ⁵
195 2456 334 2492 Circulz'.
378 2456 484 2501 Cujus
502 2457 611 2491 crucis
629 2457 736 2502 figura
753 2457 787 2489 in
805 2456 934 2500 circuli,
955 2457 1005 2490 H.

163 2503 176 2522 ⁶
195 2503 337 2550 Desiit]
367 2503 450 2536 This
475 2503 626 2536 incident
643 2504 672 2536 is
690 2503 768 2536 thus
785 2502 946 2536 recorded
971 2503 1006 2536 in
1024 2502 1081 2536 the
1100 2502 1196 2536 Harl.
1214 2502 1355 2547 legend:
1384 2502 1546 2536 “AEstivo
1563 2508 1648 2536 tem-

116 2561 196 2595 pore
222 2550 310 2583 circa
342 2550 530 2593 meridiem,
559 2549 696 2595 quidam
722 2550 829 2582 forma
852 2550 1048 2594 peregrinus
1074 2555 1107 2582 et
1124 2548 1243 2582 habitu
1267 2549 1414 2595 pulsavit
1432 2549 1474 2582 ad
1494 2550 1647 2592 januam.

118 2596 276 2630 Minister
300 2597 455 2640 accurrit,
474 2602 507 2629 et
525 2597 706 2639 interrogat
724 2596 799 2640 quis
824 2595 882 2628 ille
907 2596 961 2639 sit,
981 2601 1014 2629 et
1032 2595 1113 2640 quid
1131 2595 1230 2637 velit;
1258 2596 1314 2640 qui
1339 2596 1539 2629 heremitam
1567 2595 1649 2628 dicit

117 2654 153 2676 se
171 2654 256 2686 esse,
274 2643 308 2676 in
326 2642 482 2688 proximo
501 2649 777 2684 commorantem,
797 2647 830 2675 et
847 2642 979 2675 venisse
997 2642 1040 2675 ad
1056 2641 1262 2686 colloquium
1281 2642 1342 2675 viri
1369 2642 1488 2676 sancti.
1539 2641 1649 2674 Intro-

116 2690 241 2723 missus
269 2696 382 2722 autem
415 2695 493 2722 ante
525 2689 629 2722 limen
656 2688 819 2731 ecclesiae,
853 2689 1075 2733 prosternitur
1106 2688 1249 2733 genibus
1281 2688 1488 2733 procurvatis
1506 2700 1514 2728 ;
1548 2699 1648 2732 quem

118 2735 298 2779 Godricus,
316 2747 402 2780 aqua
417 2736 511 2780 prius
535 2747 709 2781 aspersum
734 2734 924 2778 benedicta⁷
951 2734 1100 2768 clevatus
1125 2734 1323 2769 introduxit.
1373 2734 1470 2767 Tunc
1495 2734 1595 2767 simu]
1615 2734 1652 2767 in

118 2782 268 2815 oratione
292 2782 518 2827 procumbunt
535 2788 568 2815 et
585 2781 801 2827 postmodum
825 2781 950 2825 pariter
975 2781 1159 2825 eriguntur,
1178 2787 1211 2814 et
1228 2781 1414 2814 residentes
1440 2780 1549 2814 verbis
1575 2792 1649 2814 sese

119 2828 264 2861 invicem
289 2828 520 2873 spiritualibus
541 2828 768 2861 consolantur.
819 2827 901 2860 Erat
930 2833 1043 2860 autem
1072 2827 1122 2860 vir
1148 2827 1205 2860 ille
1231 2838 1390 2872 procerus
1420 2832 1454 2860 et
1482 2826 1651 2872 hispidus,

118 2874 240 2919 capillo
268 2874 374 2919 nigro,
392 2880 484 2907 veste
509 2874 638 2918 villosa,
666 2874 760 2919 quasi
788 2873 962 2907 caracalla.
1013 2873 1170 2918 Corporis
1190 2884 1265 2906 vero
1291 2873 1486 2918 superficies
1512 2873 1650 2907 interior

118 2921 298 2966 apparebat
316 2920 418 2963 nuda,
435 2926 557 2966 praeter
574 2920 666 2954 illam
684 2926 814 2966 partem
833 2931 933 2965 quam
952 2919 1115 2953 caracalla
1128 2919 1298 2954 velabat.'’

1401 2979 1465 3011 ΜΞ
