1839 3186
543 213 604 245 ET
639 214 908 246 MIRACULIS
944 214 979 246 S.
1013 214 1231 246 GODRICI.
1565 207 1644 245 181

113 315 318 357 transibit.
381 317 586 360 Dominus
618 319 727 359 enim
750 318 785 358 ei
807 318 964 372 aliquot
994 333 1122 359 annos
1146 318 1200 360 ad
1225 318 1355 360 vitam
1380 319 1567 369 indulsit,
1604 320 1645 361 in

113 382 260 436 quibus
288 389 458 438 peccata
495 385 707 440 praeterita
744 384 911 440 expiare
939 384 1133 439 poterit.''
1194 384 1395 427 Deferens
1419 386 1455 427 ei
1476 386 1646 428 nuntius

113 448 214 489 talia
237 450 447 502 mandata,
487 457 528 492 et
557 451 747 506 quaedam
780 466 952 492 munera
982 451 1147 492 modica
1183 451 1233 492 de
1265 467 1372 506 pane
1396 453 1461 495 vel
1497 454 1642 508 pomis,

111 530 200 569 quae
221 515 284 557 vir
305 516 385 558 Dei
414 533 486 559 sua
509 518 796 559 benedictione
819 518 1070 573 perfuderat,
1095 517 1237 559 statim
1259 523 1306 559 ut
1328 533 1377 559 ea
1406 520 1642 561 comederat

109 596 152 623 se
180 582 348 624 sanitati
383 584 594 626 redditum
627 585 846 627 sentiebat.
910 585 991 638 Qui
1027 584 1196 626 sanitati
1231 585 1412 640 perfecte
1439 586 1640 635 redditus,

108 647 188 689 iter
212 649 266 689 ad
285 649 429 692 limina
454 651 597 693 Sancti
613 652 643 693 J
647 652 763 693 acobi
787 651 954 693 devovit
973 669 983 701 ;
1019 656 1059 692 et
1076 651 1284 706 profectus
1305 652 1359 693 ad
1374 668 1538 694 servum
1561 653 1642 694 Dei

107 716 220 756 venit
245 721 286 757 et
310 716 369 757 illi
389 719 545 773 gratias
567 718 679 773 egit;
715 718 1009 772 sciscitansque
1028 718 1179 759 iterum
1199 718 1298 772 quid
1318 719 1399 760 Dei
1422 719 1643 761 elementia

108 781 159 822 de
181 781 308 837 ipsius
328 783 475 826 itinere
500 785 759 840 providisset,
783 785 1007 839 respondit,
1034 785 1144 839 quod
1166 800 1357 840 prospere
1380 786 1458 827 iret
1483 792 1524 827 et
1549 787 1640 828 red-

105 846 197 898 iret,
222 864 425 905 sanusque
447 867 541 893 cum
564 852 676 893 omni
701 852 986 893 incolumitate
1008 851 1174 902 rediret,
1199 857 1240 893 et
1273 857 1418 907 postea
1439 868 1532 894 cum
1553 853 1641 894 feli-

106 914 232 956 citate
262 917 399 971 aliqua
429 918 599 960 viveret.
662 919 749 959 Nec
781 933 898 959 secus
920 918 956 959 ei
977 919 1019 959 in
1055 917 1190 973 aliquo
1225 919 1409 973 contigit,
1434 935 1557 973 quam
1579 920 1642 961 vir

107 980 187 1022 Dei
208 982 286 1037 ipsi
316 984 525 1038 praedixit.
591 985 852 1039 Rediensque
883 1000 955 1039 per
985 985 1114 1034 illum,
1148 986 1287 1026 onmia
1308 986 1366 1027 sic
1390 986 1467 1028 sibi
1496 987 1639 1027 retulit

103 1048 311 1100 accidisse,
349 1051 698 1105 quemadmodum
720 1052 782 1093 vir
804 1051 883 1092 Dei
905 1051 948 1092 in
969 1051 1056 1106 ipso
1078 1051 1224 1093 itinere
1247 1052 1305 1093 illi
1336 1053 1639 1108 praescripserat

102 1121 400 1169 proventurum
421 1118 558 1159 fuisse.

172 1181 315 1237 §1¹72
354 1184 631 1226 Postmodum
665 1184 725 1226 vir
751 1185 832 1226 Dei
869 1184 923 1226 ad
956 1186 1127 1227 domum
1158 1185 1267 1227 illius
1298 1186 1505 1240 quendam
1542 1186 1636 1228 diri—

101 1263 196 1303 gere
220 1249 475 1302 deliberavit,
510 1252 574 1293 cui
605 1267 687 1293 non
718 1257 806 1293 tam
837 1252 949 1308 regio
983 1268 1107 1306 quam
1129 1252 1271 1293 villula
1306 1259 1347 1294 et
1382 1254 1529 1295 domus
1550 1252 1637 1308 ejus

102 1330 268 1369 prorsus
288 1317 499 1373 incognita
528 1318 622 1360 fuit.
694 1319 876 1360 Proinde
900 1319 1104 1360 obnitenti
1136 1334 1274 1374 puero,
1307 1320 1370 1362 vir
1392 1320 1472 1361 Dei
1499 1321 1637 1361 cuncti

100 1381 227 1437 ipsius
251 1383 410 1426 itineris
431 1385 539 1427 viam
571 1386 776 1441 exposuit,
810 1401 884 1427 nec
915 1401 995 1427 non
1021 1386 1159 1427 villam
1189 1386 1434 1427 nominatim
1458 1387 1634 1438 edocuit,

101 1454 142 1490 et
166 1449 208 1490 in
243 1465 324 1504 qua
362 1450 448 1507 ejus
484 1458 601 1507 parte
647 1453 794 1494 domus
832 1451 919 1508 ejus
960 1453 1137 1493 fundata
1171 1453 1315 1495 fuisset
1352 1454 1634 1509 praesignavit.

102 1518 126 1538 “
153 1515 306 1567 Talis,”
342 1518 541 1573 inquiens,
582 1524 607 1541 “
626 1520 772 1561 domus
796 1520 904 1561 illius
936 1524 1110 1560 tecturae
1134 1525 1209 1570 est,
1233 1525 1273 1561 et
1296 1525 1382 1562 tam
1405 1521 1636 1576 propinqua

97 1587 139 1623 et
175 1589 334 1625 semota
355 1600 380 1626 a
402 1586 592 1628 domibus
622 1586 712 1628 aliis
749 1591 839 1635 est,
878 1591 1002 1641 atque
1024 1586 1122 1628 villa
1157 1586 1200 1627 in
1240 1587 1314 1628 tali
1351 1592 1471 1628 terrae
1508 1588 1635 1643 ipsius

97 1650 253 1704 gremio
276 1651 356 1692 sita
378 1658 452 1703 est,
477 1658 600 1707 atque
622 1653 696 1694 tali
718 1653 922 1694 montium
944 1659 985 1694 et
1011 1653 1176 1694 collium
1198 1653 1313 1695 obice
1336 1654 1635 1696 circumvoluta

98 1721 173 1766 est,
197 1717 333 1771 sicque
355 1718 545 1774 virgultis
567 1720 833 1771 1obstruitur,
855 1725 896 1760 et
918 1720 1071 1761 talibus
1092 1719 1252 1761 indiciis
1275 1721 1421 1762 domus
1438 1721 1545 1763 illius
1563 1722 1632 1763 de-

95 1783 349 1837 prehendere
391 1786 468 1827 tibi
504 1786 696 1841 possibile
732 1786 1039 1841 perinittetur.”
1111 1786 1191 1839 Qui
1229 1787 1451 1841 profectus,
1494 1789 1633 1830 omnia

95 1849 201 1890 sicut
239 1851 441 1902 audierat,
484 1853 685 1907 repperit,
722 1859 763 1894 et
791 1853 953 1894 nemine
988 1853 1158 1894 ductore
1194 1853 1259 1895 vel
1301 1854 1448 1903 indice,
1489 1855 1630 1896 villam

94 1923 219 1970 atque
251 1917 394 1959 domos
416 1918 597 1974 singulas
622 1919 840 1961 manifeste
871 1919 1077 1974 cognovit.
1142 1919 1269 1961 Unde
1293 1920 1477 1975 profecto
1498 1921 1629 1962 mani-

93 1982 196 2024 feste
214 1984 351 2038 patuit
373 1985 482 2039 quod
506 1987 569 2028 vir
589 1986 666 2027 iste
688 1986 878 2041 spiritum
900 1985 1127 2041 prophetice
1152 1986 1312 2038 habuit,
1336 1987 1432 2041 quia
1453 2003 1514 2039 ea,
1538 2003 1627 2043 quae

93 2064 304 2105 nunquam
326 2051 498 2103 viderat,
522 2052 613 2095 aliis
633 2053 826 2095 intimare
847 2052 862 2074 ⁰⁴
869 2052 1101 2109 praevaluit.

141 2159 151 2178 ¹
174 2158 378 2194 Obstruitur.
427 2161 614 2206 Obseritur,
637 2163 683 2197 H.

138 2205 151 2223 ²
168 2205 365 2241 Praevaluit.
415 2208 510 2242 Thus
531 2209 588 2242 the
615 2209 710 2242 Harl.
736 2209 881 2254 legend:
909 2210 1094 2253 “Quidam
1116 2211 1293 2245 familiaris
1317 2213 1390 2255 ejus
1414 2213 1447 2246 in
1473 2214 1627 2259 partibus

93 2250 279 2287 Laudoniae
311 2253 405 2300 [Ms.
426 2255 630 2301 Lundoniae]
653 2257 799 2301 graviter
819 2257 1013 2301 aegrotabat,
1040 2258 1087 2291 ita
1104 2264 1141 2291 111
1160 2264 1248 2291 esset
1265 2270 1284 2291 a
1302 2259 1444 2293 medicis
1470 2260 1625 2306 despera-

89 2303 156 2332 tus.
207 2298 274 2333 Hic
299 2300 392 2334 misit
418 2301 459 2334 ad
483 2314 572 2346 eum,
598 2314 718 2347 rogans
743 2309 781 2336 ut
797 2315 927 2336 memor
945 2310 1034 2337 essct
1051 2304 1168 2349 ipsius,
1187 2305 1266 2349 quia
1288 2306 1471 2340 moriturus
1497 2313 1568 2340 erat
1590 2308 1625 2341 in

87 2344 254 2388 proximo.
304 2346 368 2380 Vir
385 2347 450 2381 Dei
468 2360 567 2381 suum
585 2349 716 2382 remisit
733 2350 890 2383 nuntium
921 2349 1037 2383 dicens
1054 2363 1060 2385 :
1089 2352 1097 2368 ‘
1113 2350 1177 2384 Dic
1196 2351 1226 2384 ei
1252 2351 1340 2396 quod
1359 2353 1570 2387 convalescet
1588 2354 1623 2387 in

88 2390 192 2435 brevi,
211 2398 243 2424 et
261 2392 372 2426 adhuc
389 2400 493 2427 terras
518 2395 733 2439 pertransibit
752 2396 884 2441 ignotas
902 2409 910 2437 ;
936 2397 1015 2441 quia
1041 2397 1134 2430 Deus
1153 2398 1183 2430 ei
1202 2398 1348 2442 spatium
1371 2401 1537 2433 concessit
1556 2413 1622 2445 quo

87 2448 148 2469 sua
176 2439 283 2482 possit
308 2440 445 2485 expiare
471 2441 616 2474 dclicta.⁷
667 2442 765 2475 Misit
791 2443 893 2475 etiam
919 2443 949 2475 ei
975 2455 1075 2488 poma
1101 2449 1133 2476 ct
1151 2456 1271 2489 panem
1299 2456 1360 2478 sua
1384 2445 1624 2480 bencdictione

87 2491 267 2528 sacratum,
299 2498 373 2531 quae
399 2499 476 2520 cum
505 2487 562 2520 ille
594 2494 776 2532 gustasset,
804 2490 931 2534 recepit
957 2490 1134 2534 pristinam
1165 2491 1357 2525 sanitatem.
1408 2491 1516 2537 Igltur
1542 2505 1618 2526 cum

87 2530 233 2573 vovisset
250 2532 314 2565 iter
331 2533 374 2565 ad
399 2534 560 2567 Sanctum
579 2534 600 2567 J
603 2535 758 2578 acobum,
777 2536 868 2569 venit
885 2536 927 2569 ad
951 2547 1083 2569 servum
1103 2536 1167 2570 Dei
1184 2537 1309 2581 gratias
1335 2550 1448 2582 agens,
1467 2545 1500 2571 et
1518 2540 1620 2572 inter--

86 2587 218 2621 rogans,
243 2578 323 2623 quid
347 2579 388 2612 de
412 2580 477 2613 hoc
502 2581 622 2614 itinere
642 2581 862 2626 praevidisset.
915 2582 982 2624 Qui
1008 2583 1191 2628 respondit,
1210 2584 1299 2628 quod
1326 2584 1387 2617 iret
1405 2597 1563 2630 prospere
1587 2592 1619 2619 et

86 2622 220 2667 rediret,
243 2631 427 2671 posteaque
444 2626 588 2660 feliciter
605 2627 732 2660 viveret
749 2641 756 2670 3
783 2628 873 2673 quod
899 2629 945 2661 ita
972 2630 1113 2674 contigit
1129 2636 1167 2662 111
1184 2630 1353 2675 praedixit.
1407 2631 1526 2664 Voluit
1543 2639 1619 2677 post

85 2668 149 2702 hoc
168 2670 301 2708 vierei
320 2672 362 2705 ad
380 2673 518 2706 domum
536 2674 628 2707 illius
647 2674 789 2719 dirigere
807 2675 975 2719 nuntium,
996 2676 1052 2720 (1111
1067 2676 1285 2718 renitebatur,
1304 2677 1382 2721 quia
1400 2683 1433 2710 et
1447 2677 1566 2711 domus
1585 2685 1618 2712 ct

86 2715 165 2748 villa
182 2716 246 2750 fuit
264 2717 294 2750 ci
312 2730 447 2763 prorsus
474 2719 598 2764 ignota.
650 2720 728 2765 Ipse
747 2721 848 2765 igitur
872 2721 1011 2755 modum
1030 2722 1106 2766 viae,
1124 2722 1255 2765 domus,
1275 2729 1308 2756 et
1322 2723 1421 2765 villae,
1440 2723 1619 2769 diligenter

85 2761 244 2804 edocuit3
270 2764 317 2797 ita
342 2765 431 2809 quod
456 2766 596 2799 nuntius
624 2766 704 2800 illuc
722 2768 904 2813 profectus,
921 2780 980 2813 per
998 2769 1094 2813 signa
1112 2781 1188 2813 quae
1213 2769 1356 2811 dixerat,
1375 2769 1489 2802 villam
1508 2777 1540 2803 et
1559 2771 1617 2805 do-

83 2818 189 2851 mum,
219 2809 313 2843 nullo
341 2811 452 2844 indice
477 2812 529 2845 vel
559 2812 710 2857 ductore,
739 2814 921 2860 cognovit,
948 2815 1102 2860 quamvis
1130 2815 1248 2849 eadem
1273 2815 1347 2849 loca
1373 2827 1544 2861 nunquam
1569 2819 1618 2852 vir

85 2861 222 2889 sanctus
240 2856 310 2902 ipse
329 2857 504 2892 vidisset.⁷’
