1839 3186
534 190 592 220 ET
628 189 893 221 MIRACULrs
929 190 964 220 s.
998 189 1215 220 GODRICI.
1591 184 1644 223 25

116 293 257 334 rilibus
290 293 407 333 annis
431 292 672 348 simpliciter
694 293 804 334 domi
831 294 1063 343 transactis,
1088 294 1208 349 coepit
1231 294 1529 336 adolescentior
1551 311 1644 350 pru-

117 360 322 401 dentiores
344 359 439 400 vitae
460 360 548 401 vias
578 360 776 410 excolere,
801 365 842 401 et
874 360 1123 401 documenta
1144 361 1337 403 secularis
1359 362 1642 416 providentiae,

116 426 316 467 1sollicite
353 431 393 467 et
426 426 651 467 exercitate
683 426 926 481 perdiscere.
991 427 1116 468 Unde
1139 443 1219 468 non
1256 428 1516 482 agriculturae
1539 429 1645 469 dele-

114 493 175 548 git
195 493 392 534 exercitia
423 493 567 544 colere,
602 493 673 534 sed
705 494 842 548 potius
872 509 961 548 quae
987 494 1207 549 sagacioris
1241 494 1368 535 animi
1396 500 1504 544 sunt,
1534 495 1645 536 rudi-

114 564 256 600 menta
291 559 452 601 studuit
490 560 722 615 arripiendo
754 575 957 601 exercere.
1021 561 1134 602 Hinc
1167 566 1228 602 est
1265 561 1375 615 quod
1408 562 1646 603 mercatoris

115 626 331 668 aemulatus
367 626 565 674 studium,
598 627 719 682 coepit
760 627 1014 669 mercimonii
1050 628 1309 683 frequentare
1340 628 1566 683 negotium,
1605 634 1646 670 et

114 693 305 748 primitus
343 693 385 734 in
425 694 651 735 minoribus
692 693 857 748 quidem
899 699 940 735 et
985 694 1107 736 rebus
1138 695 1260 750 pretii
1287 695 1488 736 inferioris
1524 696 1645 750 coepit

115 759 300 801 lucrandi
333 759 466 801 officia
497 760 680 809 discere;
733 761 1000 815 postmodum
1035 777 1132 803 vero
1165 762 1366 817 paulatim
1394 762 1448 803 ad
1478 761 1647 817 majoris

114 826 235 881 pretii
257 828 534 868 emolumenta
556 827 846 868 adolescentiae
872 843 953 869 suae
973 828 1137 883 ingenia
1157 844 1408 885 promovere.
1471 828 1581 870 Nam
1606 834 1647 870 et

114 893 156 934 in
194 893 428 949 primordiis
468 909 540 948 per
575 909 670 935 rura
703 899 744 935 et
775 894 948 937 villanos
980 895 1296 950 circumquaque
1330 895 1485 951 positos
1525 896 1647 951 coepit

114 975 208 1001 cum
231 960 435 1001 mercibus
459 960 628 1002 minutis
651 961 915 1016 pervagando
938 961 1120 1012 circuire,
1146 963 1413 1018 postmodum
1434 978 1530 1004 vero
1546 979 1646 1018 pau—

113 1026 230 1067 latim
253 1042 294 1068 se
325 1027 493 1068 urbanis
517 1028 815 1069 mercatoribus
848 1029 1119 1069 consociando
1142 1028 1448 1071 200nfoederare.
1520 1030 1647 1071 Unde

113 1093 154 1133 in
176 1093 290 1134 brevi
316 1093 489 1148 contigit
516 1099 563 1134 ut
596 1093 664 1148 qui
687 1109 759 1149 per
783 1094 945 1135 villulas
980 1100 1020 1135 et
1042 1111 1138 1136 rura
1165 1096 1321 1137 diutius
1342 1097 1501 1138 solebat
1532 1097 1645 1152 pedi-

113 1160 189 1201 bus
239 1160 498 1202 lassabundis
543 1160 744 1211 incedere,
794 1167 940 1216 postea
984 1166 1111 1203 aetate
1154 1162 1372 1204 3similiter
1403 1179 1497 1204 cum
1543 1164 1648 1218 sapi-

113 1226 236 1267 entiae
280 1224 446 1282 majoris
492 1227 719 1283 sagacitate
761 1232 981 1279 crescente,
1037 1244 1130 1270 cum
1173 1230 1380 1271 sodalibus
1429 1231 1647 1272 coaetaneis

114 1293 234 1348 coepit
272 1309 345 1349 per
384 1299 520 1335 castra
555 1300 596 1335 et
633 1295 813 1344 castella,
853 1294 1101 1337 munitiones
1135 1301 1175 1337 et
1209 1297 1414 1346 civitates,
1451 1297 1505 1338 ad
1542 1313 1646 1338 nun-

115 1360 231 1401 dinas
255 1376 328 1415 per
359 1360 540 1402 diversas
573 1361 649 1401 fori
675 1361 839 1403 venales
870 1360 1064 1412 officinas,
1101 1363 1155 1404 ad
1186 1363 1352 1418 publica
1381 1364 1646 1406 mercimonia

113 1427 374 1481 exsequenda
394 1426 643 1482 4procedere.

159 1537 168 1557 ¹
189 1538 336 1573 Sollicite
352 1545 385 1573 et
400 1539 609 1586 exercitata]
639 1539 712 1572 The
730 1539 805 1572 MS.
824 1540 921 1573 reads
940 1540 1152 1574 “sollicitate
1170 1540 1389 1573 exercitate.'’

157 1584 170 1604 2
191 1585 447 1632 Οοζιίὶιῑάενανε]
477 1585 553 1620 MS.
572 1586 761 1620 confedere.

158 1631 171 1650 3
189 1631 379 1679 Simililer]
408 1633 483 1667 MS.
501 1632 633 1667 similis.

158 1678 172 1699 4
190 1679 403 1725 Procedere]
433 1679 506 1712 The
524 1691 734 1724 anonymous
754 1679 850 1713 Harl.
867 1680 931 1713 MS
948 1707 956 1723 ,
974 1679 1131 1713 followed
1149 1679 1275 1726 closely
1292 1680 1339 1726 by
1358 1680 1542 1726 Capgravc,
1568 1682 1646 1716 thus

112 1724 267 1770 abridges
281 1726 338 1758 the
356 1726 493 1771 chapter
508 1738 514 1760 :
542 1727 563 1745 ‘⁶
576 1726 744 1759 Godricus
761 1726 858 1760 bonae
877 1726 1000 1759 indolis
1017 1739 1100 1772 puer
1117 1733 1198 1768 erat,
1214 1733 1246 1760 et
1263 1728 1385 1761 futurae
1402 1728 1578 1773 probitatis
1596 1729 1646 1762 in-

114 1771 252 1814 dicium,
266 1778 365 1817 prout
382 1779 464 1805 aetas
489 1772 547 1805 illa
564 1772 701 1817 patitur,
718 1773 928 1817 praeferebat.
980 1773 1148 1817 Equidem
1174 1774 1359 1818 puerilibus
1385 1775 1482 1808 annis
1508 1775 1646 1809 domum

114 1818 313 1863 simpliciter
338 1819 601 1863 innocenterque
627 1819 816 1862 transactis,
842 1825 1008 1852 mercator
1026 1820 1190 1861 efficitur3
1217 1827 1249 1853 et
1266 1820 1375 1865 primo
1394 1822 1482 1854 circa
1500 1821 1595 1855 villas
1614 1829 1647 1856 et

113 1876 189 1897 rura
222 1865 362 1898 minoris
391 1865 491 1910 pretii
520 1865 690 1898 mercibus
725 1872 912 1899 exercetur.
967 1866 1090 1899 Postea
1117 1878 1194 1899 vero
1224 1878 1378 1900 crescens
1407 1868 1585 1912 prudentia
1612 1875 1645 1902 et

113 1916 223 1954 aetate,
243 1923 319 1945 cum
338 1912 438 1945 sociis
464 1912 707 1945 mercatoribus
733 1913 835 1957 coepit
861 1912 984 1958 oppida
1009 1919 1042 1945 et
1067 1913 1220 1946 civitates
1238 1920 1272 1946 et
1294 1913 1462 1947 nundinas
1491 1915 1644 1959 publicas

112 1957 360 2001 frequentare.'’
411 1958 572 1991 Galfrid's
590 1958 755 1991 narrative
778 1959 807 1992 is
832 1971 868 1992 as
886 1959 1036 1993 follows:
1064 1960 1085 1977 “
1100 1959 1210 1992 Annis
1235 1972 1313 1993 vcro
1338 1960 1523 2005 puerilibus
1554 1961 1644 1995 domi

112 2004 267 2049 peractis,
292 2004 395 2050 coepit
424 2004 620 2038 adolescens
639 2005 807 2038 Godricus
834 2006 946 2038 animo
970 2006 1176 2050 prudentiori
1195 2006 1355 2040 secularis
1375 2007 1450 2040 vitae
1468 2007 1643 2042 scientiam

113 2050 289 2095 exquirere
304 2064 312 2093 ;
338 2057 371 2084 et
399 2052 594 2085 mercatoris
622 2052 785 2085 aemulans
815 2052 937 2095 studia,
963 2052 1047 2085 lucri
1073 2053 1268 2097 temporalis
1294 2053 1459 2086 sollicitus
1489 2066 1646 2089 exercere

112 2097 258 2141 negotia.
314 2098 414 2131 Vicos
437 2104 469 2131 et
493 2098 630 2131 castella
654 2098 872 2143 perlustrans⁷
898 2099 1067 2132 fortunam
1093 2099 1177 2132 adeo
1201 2106 1361 2145 expertus
1383 2107 1433 2134 est
1453 2101 1644 2146 propitiam,

114 2143 203 2188 quod
220 2144 414 2189 acquirendi
431 2145 539 2189 gratia
557 2157 782 2188 succrescens,
802 2146 912 2178 socios
938 2145 1128 2189 excederet,
1148 2152 1181 2179 et
1197 2146 1362 2180 mercium
1381 2159 1516 2181 suarum
1534 2148 1646 2182 fructu

113 2202 180 2223 non
197 2196 266 2223 tam
284 2203 380 2225 suam
398 2203 498 2236 quam
517 2192 619 2225 etiam
637 2198 814 2237 parentum
832 2192 1001 2238 suppleret
1019 2192 1205 2238 mopiam.''
