1839 3186
681 187 1044 221 ARGUMENTUM.

102 307 231 349 Unde
263 306 376 348 locus
406 305 473 346 ille
509 303 565 346 sic
588 302 723 344 dictus
754 302 820 352 sit,
852 307 977 356 atque
1009 307 1165 356 quanta
1194 300 1358 356 rupium
1390 308 1431 343 et

1610 182 1633 218 5

1436 261 1632 283 CAPITULUM

162 373 347 415 nemoris
361 372 566 413 densitate
591 368 907 411 circumcinctus
928 368 981 410 sit
1526 368 1629 425 xxij.

102 441 292 495 Qualiter
324 439 381 481 ibi
417 437 580 488 vixerit,
615 437 680 478 vel
723 434 954 491 cujusmodi
989 434 1069 476 cibi
1104 434 1300 476 alimonia
1334 451 1428 477 con-

160 512 302 549 tentus
323 506 462 556 fuerit,
486 510 527 546 et
549 508 749 559 quantum
770 503 904 544 aliena
925 501 1034 543 dona
1054 502 1278 557 reppulerit
1510 501 1628 558 xxiij.

103 574 214 628 Quid
238 574 288 615 de
309 572 548 615 muneribus
569 570 718 612 oblatis
740 569 897 612 efficere
919 569 1144 619 consuevit,
1166 569 1232 611 vel
1256 569 1431 624 qua-liter

158 646 257 683 vota
279 640 539 682 offerentium
562 638 742 680 Domino
764 636 1115 678 commendaverit
1511 635 1626 678 xxiv.

103 708 291 762 Qualiter
320 707 479 750 devotae
508 704 689 747 mulieris
720 704 867 745 exenia
889 702 1061 758 accepit,
1085 702 1170 745 sive
1189 702 1289 757 quid
1315 708 1434 758 post-'

152 775 323 817 modum
346 774 397 815 de
418 774 476 816 eis
497 778 636 815 actum
660 772 712 814 sit
1527 785 1626 812 xxv.

100 842 290 896 Qualiter
310 840 453 891 rustici
474 840 510 882 ei
532 839 787 889 invadentes,
806 842 958 879 terram
973 852 1096 892 quam
1117 842 1300 881 seruerat
1321 837 1427 879 radi-

157 909 263 951 citus
288 908 591 964 depascebant3
630 905 702 948 sed
726 910 926 947 autumno
958 904 1080 955 facto,
1108 920 1238 961 grana
1261 905 1427 947 uberius

153 981 318 1017 matura
338 974 639 1030 respiraverant
1510 970 1627 1027 xxvj.

99 1043 242 1097 Qualis
278 1042 424 1083 inediae
460 1039 714 1083 continentia
749 1054 896 1094 corpus
930 1038 1190 1088 attenuabat,
1221 1044 1263 1080 et
1290 1054 1315 1080 a
1347 1054 1426 1094 quo

156 1109 323 1165 spiritus
355 1109 512 1150 fervore
546 1107 588 1148 in
625 1122 667 1148 se
701 1105 906 1148 saevientis
939 1105 1112 1146 luxuriae
1140 1105 1330 1147 incendia
1362 1121 1427 1147 re-

152 1176 356 1232 primebat
1494 1172 1626 1228 xxvij.

100 1243 221 1296 Quod
256 1242 367 1284 omni
408 1249 593 1297 tempore
632 1240 763 1282 cilicio
806 1245 930 1294 atque
972 1239 1098 1281 lorica
1137 1254 1234 1281 usus
1276 1239 1341 1290 sit,
1385 1244 1426 1280 et

155 1310 310 1351 nudam
332 1324 496 1351 carnem
521 1309 598 1350 hoc
622 1308 864 1350 indumento
886 1306 1156 1362 cooperuerit,
1181 1306 1271 1348 vel
1260 1322 1303 1347 1n
1324 1312 1425 1362 quot

154 1377 366 1432 speciebus
387 1391 482 1417 eum
504 1375 691 1417 diabolus
713 1375 917 1416 deterrere
939 1373 1207 1429 temptaverit
1413 1407 1422 1418 ,
1479 1372 1624 1428 xxviij.

97 1443 338 1499 Oujusmodi
371 1458 476 1499 pane
504 1458 600 1484 usus
629 1442 693 1492 sit,
716 1442 781 1483 vel
809 1441 1013 1496 quomodo
1046 1441 1162 1482 illum
1190 1439 1427 1490 confecerit,

154 1519 195 1552 et
220 1511 353 1552 cinere
378 1509 650 1551 commixtum
676 1508 831 1550 diutius
851 1507 1045 1549 obdurari
1066 1507 1297 1562 permiserit
1507 1506 1625 1548 xxix.

99 1577 242 1631 Qualis
278 1582 456 1619 cocturae
490 1576 750 1631 pulmentum
776 1575 852 1616 sibi
880 1575 1113 1625 confecerit,
1143 1579 1184 1616 et
1221 1574 1425 1628 quomodo

163 1650 255 1700 post
278 1644 519 1685 diuturnum
540 1643 648 1684 illius
669 1642 899 1697 squalorem
920 1642 988 1683 illo
1013 1657 1110 1683 usus
1132 1641 1186 1683 sit
1522 1655 1625 1681 xxx.

99 1712 163 1753 De
188 1711 297 1765 quali
324 1725 465 1751 mensa
486 1709 598 1751 cibos
623 1708 855 1763 sumpserit,
880 1708 945 1749 vel
977 1713 1133 1762 quanta
1162 1707 1424 1750 dissentionis

157 1777 371 1819 altercatio
396 1777 503 1817 inter
527 1776 716 1831 spiritum
740 1780 781 1817 et
806 1790 969 1816 carnem
989 1774 1140 1829 saepius
1161 1780 1308 1815 exorta
1329 1774 1382 1815 sit
1415 1807 1423 1816 .
1506 1772 1625 1829 xxxj.

101 1844 261 1897 Quibus
306 1843 419 1885 horis
461 1841 571 1884 refici
607 1841 879 1892 consueverit,
925 1842 988 1883 vel
1024 1840 1304 1891 obdormierit,
1341 1841 1426 1882 sive

157 1911 287 1952 labori
315 1925 481 1965 operam
509 1908 769 1964 impenderit,
799 1923 870 1950 seu
892 1912 1047 1962 quanta
1068 1907 1322 1949 fortitudinis
1346 1908 1426 1949 vir-

157 1982 247 2019 tute
269 1977 446 2032 viguerit
1490 1972 1624 2030 xxxij.

101 2044 288 2097 Qualiter
318 2058 475 2098 pernox
506 2042 548 2083 in
583 2057 684 2084 saxo
721 2057 900 2083 concavo
935 2057 978 2083 se
1008 2040 1277 2092 balneaverit,
1316 2045 1357 2082 et
1385 2041 1427 2082 in

155 2110 271 2165 aquis
300 2109 573 2165 glacientibus
608 2110 672 2151 vel
702 2109 936 2164 gelantibus
967 2113 1057 2150 tota
1087 2113 1207 2149 nocte
1239 2113 1430 2149 oraturus

156 2176 438 2233 perduraverit
1416 2207 1426 2218 .
1478 2173 1626 2229 xxxiij.

101 2243 289 2296 Qualiter
317 2243 359 2284 in
390 2242 507 2297 aquis
538 2242 673 2283 oranti
709 2241 896 2284 diabolus
927 2240 1149 2283 invidendo
1186 2240 1363 2292 affuerit,
1387 2245 1428 2282 et

168 2309 254 2366 ejus
278 2310 521 2351 indumenta
543 2309 717 2364 diripere
740 2308 1006 2364 temptaverit
1421 2340 1429 2348 .
1482 2307 1626 2348 xxxiv.

103 2368 289 2421 Qualiter
324 2376 493 2431 spiritus
523 2390 699 2429 nequam
736 2374 772 2416 ei
808 2375 948 2430 alapas
980 2374 1141 2416 dederit
1177 2379 1218 2415 et
1250 2374 1429 2430 colaphi-

157 2443 286 2483 zando
308 2441 575 2497 temptaverit
1498 2454 1627 2481 xxxv.

104 2510 237 2562 Quam
259 2509 459 2550 acerrima
480 2507 802 2563 temptationum
829 2506 1019 2549 incendia
1047 2521 1261 2563 perpessus
1296 2506 1361 2556 sit,
1388 2512 1429 2547 et

160 2580 315 2630 quanta
347 2589 558 2630 poenarum
595 2574 874 2615 decertatione
910 2573 1091 2616 libidinis
1123 2573 1332 2615 incentiva
1365 2588 1431 2614 re-

159 2641 305 2696 pressit
350 2673 360 2683 .
778 2672 787 2682 .
1423 2672 1430 2680 .
1479 2636 1626 2693 xxxvj.

103 2707 167 2748 De
204 2708 313 2748 (lolio
344 2707 453 2761 quod
496 2706 537 2746 in
575 2705 768 2747 Oratorio
808 2721 880 2748 suo
916 2705 1127 2756 effoderat,
1169 2705 1280 2746 intra
1319 2705 1429 2758 quod

160 2774 276 2827 aquis
298 2773 528 2828 1repletum
554 2777 744 2814 oraturus
769 2772 1014 2814 descendere
1037 2776 1303 2814 consueverat
1422 2805 1429 2812 .
1468 2769 1627 2826 xxxvij.

105 2839 291 2891 Qualiter
313 2839 480 2894 spiritus
507 2854 682 2892 nequam
712 2838 753 2878 in
777 2838 967 2879 Oratorio
999 2838 1086 2893 ejus
1118 2853 1214 2880 vasa
1245 2852 1361 2879 sacra
1391 2837 1433 2879 in

618 2921 626 2941 ยน
650 2920 853 2967 Repletzcm]
883 2920 956 2955 MS.
977 2920 1115 2965 repleto,
