1839 3186
197 161 280 201 238
712 171 946 203 LIBELLUS
983 171 1046 201 DE
1083 170 1199 202 vrrA

198 274 310 329 apud
333 274 345 295 ¹
359 275 593 316 warennes
624 280 762 317 stanes
793 290 909 316 secus
929 274 1272 316 ‘2Windleshores
1299 274 1489 324 occurrit,
1514 279 1555 315 et
1577 280 1726 316 cuncta

198 355 250 381 ex
281 340 423 382 ordine
454 341 511 383 illi
543 341 762 396 exposuit3
797 341 866 395 qui
894 341 1080 382 consulto
1104 341 1255 382 abbate
1282 345 1423 382 utrum
1444 340 1579 381 Virum
1608 340 1725 381 illum

196 406 370 457 noverit,
392 407 604 462 respondit
627 407 722 462 quia
743 408 896 462 optime
921 407 1050 448 novit.
1100 407 1226 448 Unde
1248 407 1306 447 ait
1336 407 1477 456 abbas,
1502 411 1528 428 ‘⁶
1546 406 1724 447 Consulo

199 478 246 513 ut
278 470 365 527 ejus
398 474 598 514 mandata
624 478 837 528 gratanter
862 473 1099 527 accipiatis3
1135 473 1230 527 quia
1256 473 1403 527 saepius
1430 472 1654 527 praedicere
1685 478 1726 513 et

198 553 287 592 quae
308 539 450 580 futura
480 545 575 580 sunt
608 539 819 581 consuevit
841 554 1044 593 exponere
1076 539 1258 580 multis.”
1329 539 1457 579 Mane
1480 538 1601 589 facto,
1625 553 1724 578 mox

196 603 255 645 illi
279 604 439 646 litteras
461 620 554 646 suas
573 620 666 646 cum
697 605 953 646 absolutione
976 604 1144 653 direxit,
1173 605 1215 645 in
1237 604 1384 658 quibus
1414 619 1455 645 se
1481 603 1568 659 ejus
1588 609 1724 658 pater-

196 670 320 711 nitati
352 677 393 711 et
425 671 678 712 orationibus
708 671 909 712 attentius
940 671 1270 718 commendavit3
1306 676 1347 711 et
1370 670 1463 724 quia
1488 670 1548 711 vir
1571 670 1651 711 Dei
1683 671 1724 711 in

195 735 260 778 his
289 752 423 791 praeco
445 737 633 778 veritatis
662 736 838 785 exstitit,
864 736 991 777 3infra
1020 741 1104 777 tres
1131 751 1293 777 menses
1323 737 1616 790 subsequentes
1637 737 1724 790 qui-

195 801 273 844 bus
302 802 346 843 id
375 803 639 858 praedixerat,
663 802 725 843 ira
747 803 854 857 regis
887 802 1240 857 archiepiscopum
1261 802 1513 856 insequente,
1537 802 1723 843 exsilium

197 868 332 922 petiit.

257 935 278 989 ξ
305 936 401 975 224.
435 934 668 975 Exsulante
699 949 771 990 per
792 949 921 976 annos
951 934 1107 988 aliquot
1129 934 1450 989 archiepiscop0,
1473 935 1574 975 item
1595 933 1723 975 frater

195 998 319 1050 idem,
345 1000 684 1055 compellentibus
705 1001 770 1043 vel
791 1000 1038 1055 quibusdam
1064 1000 1240 1055 negotiis
1272 1000 1547 1054 exigentibus,
1570 1000 1624 1041 ad
1645 1000 1722 1042 viri

196 1064 276 1107 Dei
297 1066 500 1120 colloquia
531 1067 667 1117 rediit,
690 1067 798 1107 inter
829 1082 922 1121 quae
955 1066 1152 1107 nonnulla
1180 1066 1306 1107 etiam
1335 1066 1385 1106 de
1417 1066 1560 1107 exsilio
1590 1067 1721 1107 archi—

197 1132 376 1186 episcopi
411 1132 669 1183 interserens,
701 1133 773 1181 ait,
813 1133 1032 1182 “Domne,
1065 1132 1136 1172 diu
1170 1137 1231 1173 est
1260 1132 1370 1185 quod
1403 1131 1722 1173 Oantuariorum

194 1197 524 1253 archiepiscopus
544 1199 586 1240 in
608 1199 751 1240 exsilio
774 1199 1025 1247 demoratur,
1049 1203 1089 1238 et
1111 1213 1216 1248 ecce,
1229 1196 1320 1253 jam
1351 1198 1522 1239 ulterius
1548 1198 1661 1239 nulla
1685 1198 1721 1239 ei

195 1264 537 1306 reconciliationis
559 1280 650 1319 spes
670 1264 713 1305 in
734 1270 935 1306 aeternum
955 1264 1226 1318 relinquitur3
1265 1279 1362 1304 nam
1389 1269 1452 1305 tot
1481 1264 1517 1305 ei
1548 1264 1720 1306 adversa

196 1329 409 1371 imminere
442 1331 688 1380 audivimus,
716 1331 826 1385 quod.
858 1345 1068 1384 nunquam
1100 1330 1216 1371 illum
1250 1330 1425 1385 amplius
1458 1330 1499 1370 in
1522 1330 1720 1385 Angliam

194 1395 425 1438 rediturum
447 1396 532 1437 fore
552 1395 858 1438 “confidimus''
911 1396 983 1436 Ad
1005 1411 1094 1450 quae
1115 1396 1178 1437 vir
1200 1396 1292 1446 Dei,
1318 1401 1342 1418 ‘⁴
1362 1396 1516 1437 Adhuc
1537 1396 1720 1450 aliquan-

194 1462 329 1502 tulum
368 1462 565 1517 temporis
606 1463 817 1517 aliquanto
854 1462 1009 1503 diutius
1055 1462 1238 1517 patietur
1288 1462 1491 1512 exsilium,
1530 1462 1625 1503 licet
1667 1462 1720 1504 sit

195 1532 336 1568 tamen
373 1529 570 1583 temporis
603 1529 812 1569 modicum
831 1546 841 1577 3
875 1544 1023 1583 nempe
1045 1543 1205 1582 semper
1226 1528 1394 1583 longum
1413 1528 1587 1583 deputat
1612 1529 1718 1582 quis-

196 1593 286 1647 quis
317 1594 392 1635 sub
417 1594 668 1635 adversitate
700 1594 939 1635 desudando
972 1599 1013 1635 et
1044 1594 1267 1635 differendo
1298 1595 1484 1642 laborat3
1518 1609 1593 1634 nec
1621 1595 1720 1635 dum

195 1659 361 1712 quidem
382 1665 546 1714 tempus
566 1660 820 1715 poenitentiae
843 1675 929 1702 suae
951 1660 1123 1714 peregit,
1147 1660 1243 1714 quia
1263 1660 1398 1701 adhuc
1431 1660 1586 1714 aliquid
1615 1665 1720 1701 tem-

195 1725 306 1779 poris
328 1731 526 1780 superest,
550 1726 592 1766 in
613 1742 692 1780 quo
723 1726 945 1780 perfectius
976 1726 1038 1767 sui
1065 1727 1209 1781 agonis
1230 1731 1450 1776 certamen,
1476 1741 1567 1766 cum
1595 1726 1720 1781 poeni-

196 1791 337 1832 tentiee
352 1796 537 1846 tempore
560 1792 678 1847 plene
700 1797 881 1847 peracto,
899 1792 1134 1846 complebit.
1178 1792 1295 1833 Tunc
1311 1791 1437 1846 igitur
1455 1793 1561 1846 regis
1582 1792 1720 1833 favore

195 1856 254 1897 illi
288 1858 555 1911 permittente
592 1858 799 1899 rediturus
832 1858 909 1899 erit
934 1857 976 1898 in
1009 1858 1149 1899 sedem
1185 1858 1391 1913 propriam
1421 1857 1591 1909 Cantiae,
1627 1873 1720 1899 cum

195 1921 343 1978 majori
366 1923 586 1978 potestatis
610 1923 726 1979 apice
748 1939 871 1978 quam
893 1923 1057 1977 quando
1083 1925 1295 1965 exsulatus
1318 1924 1466 1974 fuerat,
1490 1929 1531 1964 et
1552 1924 1718 1965 honore.

195 2048 324 2081 noviter
342 2048 376 2081 in
395 2048 554 2081 exsilium
578 2047 777 2092 expelletur.
828 2047 1098 2092 Peregrinabitur
1118 2059 1193 2080 vero
1218 2048 1305 2081 inter
1330 2048 1457 2081 alienos
1475 2060 1580 2093 usque
1598 2049 1640 2082 ad
1657 2054 1722 2082 ter-

193 2095 325 2127 minum
358 2094 591 2137 constitutum,
614 2100 647 2127 et
664 2099 782 2138 postea
806 2099 989 2126 revertetur
1014 2093 1048 2126 in
1067 2093 1226 2138 Angliam
1253 2094 1294 2127 ad
1320 2094 1435 2127 sedem
1460 2094 1640 2139 propriam,
1662 2107 1721 2140 po-

195 2141 319 2173 tentior
344 2146 444 2184 atque
474 2139 651 2172 sublimior
679 2151 779 2183 quam
809 2139 887 2171 inde
911 2139 1097 2173 recesserit.
1149 2139 1227 2184 Ipse
1255 2139 1391 2184 quidem
1410 2146 1443 2173 et
1460 2141 1636 2173 Scotorum
1661 2153 1721 2174 rex

193 2185 398 2220 Malcolmus
424 2186 510 2218 inter
534 2190 707 2229 magnates
726 2185 782 2229 qui
808 2190 886 2217 sunt
903 2185 945 2217 ab
963 2184 1108 2229 Alpibus
1136 2196 1242 2230 usque
1260 2186 1301 2218 ad
1318 2186 1404 2219 fines
1420 2187 1513 2231 regni
1532 2186 1721 2228 Scotorum,

193 2232 266 2265 Deo
295 2237 373 2265 sunt
390 2231 497 2275 magis
524 2231 652 2275 accepti
668 2244 676 2272 ;
702 2231 761 2264 sed
790 2242 851 2263 rex
881 2231 1010 2275 praemii
1039 2231 1090 2263 sui
1119 2231 1292 2264 denarium
1317 2232 1383 2265 cito
1413 2232 1586 2277 percipiet.
1636 2233 1721 2266 Haec

192 2278 285 2311 dices
303 2277 392 2322 quod
409 2277 655 2310 absolutionem
674 2277 779 2322 ipsius
794 2276 834 2309 de
852 2277 998 2322 peccatis
1012 2277 1097 2309 mcis
1111 2278 1269 2322 scriptam
1287 2278 1370 2311 mihi
1389 2277 1584 2323 pe1·quires.’
1644 2279 1720 2312 Mo-

191 2324 319 2357 nachus
337 2323 379 2356 ad
396 2323 460 2356 hoc
477 2323 672 2366 mirabatur,
690 2322 849 2367 quoniam
867 2322 1138 2367 archiepiscopus
1164 2335 1277 2368 regem
1300 2330 1381 2358 tunc
1400 2324 1574 2358 videbatur
1598 2325 1721 2358 habere

190 2369 409 2416 propitium.”

240 2417 248 2435 ¹
277 2416 450 2450 Warenwes
466 2414 598 2460 stanes]
627 2413 773 2447 Neithcr
790 2413 846 2447 the
864 2425 959 2458 maps
984 2426 1045 2447 nor
1061 2414 1147 2447 local
1172 2415 1328 2448 histories
1346 2416 1463 2449 enable
1481 2427 1520 2449 us
1538 2422 1572 2449 to
1585 2417 1633 2449 fix
1652 2417 1721 2450 this

189 2462 340 2507 locality.
391 2461 464 2494 The
481 2472 580 2493 name
596 2472 676 2505 may
694 2459 776 2492 have
801 2459 885 2492 been
912 2460 1048 2493 derived
1065 2460 1150 2493 from
1176 2461 1219 2494 its
1245 2473 1368 2502 owner,
1387 2462 1447 2495 but
1466 2462 1597 2506 Lysons
1614 2462 1649 2495 in
1666 2463 1720 2496 his

193 2509 335 2552 History
352 2507 390 2540 of
402 2507 595 2550 Bcrkshirc,
613 2518 648 2551 p.
666 2506 743 2548 178,
761 2505 837 2538 tells
855 2517 894 2538 us
912 2506 984 2538 that
1001 2506 1057 2539 thc
1082 2507 1303 2540 Fitzwarrens
1330 2507 1387 2541 did
1412 2514 1470 2541 not
1487 2508 1626 2542 become
1643 2521 1719 2553 pos-

190 2554 305 2588 sessed
323 2554 360 2586 of
373 2559 530 2598 property
547 2553 581 2585 in
598 2552 670 2585 that
689 2558 813 2596 county
832 2551 882 2584 till
901 2552 958 2584 the
975 2552 1067 2596 reign
1086 2552 1123 2585 of
1135 2553 1217 2596 king·
1234 2552 1255 2585 J
1258 2553 1335 2586 olm.

236 2601 249 2620 ²
274 2600 509 2633 Windleslzores
525 2596 696 2643 occ-arria]
724 2597 990 2630 Wandleshores
1010 2599 1092 2631 fines
1111 2599 1265 2641 occurrit,
1287 2598 1335 2631 H.

236 2647 249 2666 ³
268 2646 368 2691 Irgfta
394 2652 458 2679 tres
481 2645 626 2690 menses]
653 2644 707 2677 He
736 2643 918 2677 cmbarkcd
945 2655 987 2676 on
1017 2643 1074 2676 the
1091 2647 1114 2676 4
1132 2643 1251 2677 Nones
1284 2643 1339 2690 [2]
1372 2644 1579 2689 November,
1605 2648 1717 2687 11643

190 2693 317 2726 Decem
337 2692 457 2736 Script.
474 2703 529 2736 pp.
551 2693 651 2733 1393,
670 2690 771 2724 1671.

236 2740 249 2759 ⁴
270 2737 498 2783 Confidimus]
523 2737 585 2770 See
602 2742 681 2769 note
698 2741 732 2769 at
750 2734 767 2780 ξ
786 2737 842 2778 99,
860 2746 949 2779 upon
969 2735 1026 2768 tho
1045 2747 1104 2768 use
1122 2736 1159 2768 of
1172 2735 1229 2769 the
1247 2736 1338 2769 word
1357 2737 1378 2754 ‘⁶
1391 2737 1524 2781 spcro.''
