1839 3186
572 225 630 256 ET
666 226 936 259 MIRACULIS
969 229 1003 259 s.
1024 229 1242 262 GODRICI.
1589 224 1672 268 377

139 332 183 367 at
218 327 315 368 illuc
343 328 493 379 delata,
527 329 672 370 eadem
712 335 833 372 nocte
875 347 956 385 qua
986 339 1155 374 venerat
1189 334 1416 388 perfectam
1452 338 1673 380 sanitatem

139 392 377 448 recipiebat,
400 409 448 436 ac
473 394 642 437 domum
666 411 804 452 sospes
825 412 873 439 ae
895 413 994 440 sana
1015 400 1241 442 remeabat.

603 563 724 588 XVIII.
758 565 809 588 DE
841 565 994 590 CAPITIS
1027 566 1190 591 DOLORE.

150 668 153 669 ’
202 659 220 712 §
243 658 339 704 370.
377 661 489 702 ALIA
511 663 700 717 quaedam
723 665 774 705 de
803 665 1011 707 ¹Bentune
1037 682 1062 707 a
1079 667 1299 709 nativitate
1322 669 1505 711 dolorem
1524 671 1672 725 capitis

134 726 239 767 adeo
267 727 568 771 intolerabilem
589 730 796 783 sustinuit,
822 733 932 786 quod
954 733 1030 775 sibi
1062 738 1103 774 et
1135 735 1324 777 omnibus
1342 751 1446 791 pene
1475 736 1668 792 despera-

132 792 226 835 bilis
246 793 338 835 fuit.
401 794 528 837 Unde
549 812 601 838 ex
631 797 885 840 medicorum
906 799 1123 851 industria,
1148 801 1340 856 exigente
1361 803 1542 859 physicae
1564 804 1666 846 artis

132 859 295 914 peritia,
318 866 456 902 cutem
478 867 596 904 testae
614 865 761 919 capitis
779 864 822 906 in
843 865 1014 907 modum
1038 867 1169 909 crucis
1187 868 1229 909 in
1255 874 1431 922 quatuor
1451 871 1665 925 regionum

130 931 269 981 partes
289 928 502 982 praecisam
523 930 683 982 habuit,
707 932 779 972 sed
802 932 859 973 nil
890 933 1061 974 remedii
1082 934 1336 976 medicorum
1358 936 1664 991 praecisionibus

129 993 338 1047 percipere
359 995 510 1049 potuit.
573 996 775 1051 Denique,
794 998 893 1039 dum
919 999 973 1039 ad
994 1000 1069 1041 viri
1093 1000 1172 1041 Dei
1194 1002 1383 1044 tumbam
1400 1002 1441 1044 in
1465 1003 1664 1046 Finchale

128 1060 328 1114 pervenit,
351 1060 408 1102 ibi
429 1062 657 1116 perfectam
679 1065 900 1106 sanitatem
923 1067 1121 1121 percepit.

605 1222 694 1249 XIX.
727 1224 778 1249 DE
810 1224 982 1250 FEMORIS
1013 1226 1179 1252 DOLORE.

193 1325 211 1377 ᾧ
237 1324 333 1369 371.
373 1326 587 1367 MATRONA
609 1325 799 1380 quaedam
836 1325 886 1367 de
923 1324 1221 1369 2Hwiteberne
1243 1333 1409 1372 tantum
1435 1331 1657 1388 languoris,

125 1396 232 1433 teste
253 1392 466 1433 sacerdote
489 1407 573 1439 suo,
598 1393 640 1433 in
663 1407 745 1433 uno
767 1392 971 1434 femorum
1004 1394 1247 1448 pertulerat,
1272 1397 1382 1450 quod
1409 1396 1554 1452 jacens
1586 1406 1658 1442 aut

122 1458 305 1500 residens
322 1474 532 1513 nunquam
547 1459 597 1499 de
616 1459 705 1500 loco
727 1458 780 1500 ad
796 1459 945 1509 locum,
962 1460 1038 1502 nisi
1056 1461 1201 1502 baculo
1217 1468 1489 1514 sustentante,
1504 1468 1661 1508 moveri

123 1525 300 1566 valebat.
364 1526 465 1579 Quae
503 1525 601 1566 illuc
623 1526 807 1575 devecta,
832 1525 889 1567 ibi
914 1527 1107 1568 baculum
1144 1543 1267 1583 super
1297 1530 1427 1572 altare
1450 1531 1656 1588 deposuit,

122 1606 169 1632 ac
191 1591 277 1633 sine
299 1593 410 1634 omni
432 1592 730 1635 sustentamine
753 1608 853 1634 sana
881 1598 921 1634 et
945 1593 1161 1637 incolumis
1181 1595 1352 1638 domum
1374 1598 1510 1640 rediit.

587 1759 658 1784 XX.
692 1759 744 1784 DE
777 1759 958 1784 MULIERE
989 1759 1179 1784 [NFLATA.

178 1859 196 1912 ᾖ
219 1859 316 1904 372.
351 1860 525 1900 MULIER
552 1858 741 1913 quaedam
762 1857 812 1899 de
834 1857 1059 1899 3Herdwic
1095 1874 1168 1913 per
1200 1863 1292 1899 octo
1317 1871 1445 1899 annos
1476 1858 1536 1899 ita
1565 1864 1654 1900 toto

119 1941 285 1981 corpore
307 1925 450 1967 inflata
471 1925 562 1975 fuit,
581 1925 691 1979 quod
711 1940 921 1979 nunquam
942 1924 996 1965 ad
1017 1924 1183 1979 aliquod
1206 1940 1309 1980 opus
1330 1941 1371 1967 se
1396 1940 1560 1966 movere
1585 1942 1656 1980 po-

117 1993 258 2034 tuerit.
321 1992 446 2033 Unde
468 1997 558 2033 toto
578 1992 656 2032 hoc
685 1996 871 2046 tempore
894 2007 945 2032 ex
962 1991 1133 2032 aliorum
1161 1992 1430 2048 eleemosynis
1446 1992 1653 2047 stipendia

118 2059 212 2100 vitae
242 2059 516 2101 mendicando
544 2059 690 2100 misere
718 2058 994 2106 sustentavit;
1034 2058 1106 2100 sed
1130 2058 1200 2100 illo
1227 2058 1407 2109 veniens,
1431 2059 1653 2101 sanitatem

116 2126 310 2182 percepit.

447 2225 535 2250 XXI.
569 2225 620 2249 DE
651 2223 838 2250 PECToms
868 2224 1069 2250 TUMOREM
1102 2225 1316 2251 PATIENTE.

171 2324 189 2376 ᾧ
213 2322 311 2367 373.
349 2324 472 2365 F1L1A
498 2323 682 2379 ejusdem
713 2324 765 2365 ab
798 2324 887 2379 ipsa
917 2325 1138 2366 nativitate
1161 2340 1235 2366 sua
1270 2331 1474 2365 tumorem
1495 2324 1651 2379 gravis-

112 2389 274 2440 simum,
297 2391 427 2432 instar
448 2390 564 2445 panis
584 2391 900 2445 grossissimum,
924 2391 1032 2432 circa
1052 2397 1197 2446 pectus
1219 2397 1260 2432 et
1283 2406 1351 2431 cor
1368 2406 1526 2445 gerens,
1549 2391 1646 2432 illuc

111 2457 278 2499 veniens
309 2462 350 2499 et
391 2457 433 2498 in
468 2457 616 2512 agonia
647 2457 875 2512 procidens,
915 2463 1084 2512 repente
1108 2458 1307 2499 Sanctum
1330 2457 1361 2498 J
1365 2457 1569 2498 ohannem
1602 2463 1643 2499 et

112 2523 313 2565 Sanctum
336 2524 545 2565 Thomam
567 2529 608 2565 et
637 2524 819 2565 Beatum
850 2523 1090 2574 Godricum,
1115 2525 1157 2565 in
1180 2525 1314 2579 specie
1341 2524 1469 2565 trium
1497 2524 1638 2565 avium

110 2591 376 2633 candentium
396 2592 504 2632 circa
525 2595 649 2646 caput
671 2588 758 2646 ejus
777 2591 1020 2641 volantium,
1042 2591 1205 2646 aspexit
1223 2608 1234 2639 ς
1260 2591 1370 2645 quod
1396 2605 1494 2630 mox
1515 2595 1562 2631 ut
1584 2606 1649 2632 as-

156 2701 163 2720 ¹
194 2700 375 2748 Bentzme.]
403 2701 571 2744 Bentuna,
594 2700 640 2734 H.
690 2701 860 2746 Probably
878 2701 982 2735 Little
1008 2701 1154 2745 Benton,
1178 2714 1214 2735 or
1240 2701 1336 2746 Long
1353 2701 1498 2743 Benton,
1518 2713 1561 2734 on
1586 2702 1644 2735 the

107 2748 205 2781 north
223 2748 295 2781 side
313 2748 350 2780 of
363 2748 420 2781 the
440 2748 548 2793 Tyne,
567 2759 646 2780 near
664 2747 855 2781 WVallsend.

153 2795 165 2813 ²
191 2791 429 2841 Hwiteberne]
449 2794 664 2838 VViteburne,
682 2794 729 2828 H.
744 2808 753 2837 ;
771 2807 790 2828 a
806 2794 919 2840 parish
937 2807 980 2828 on
998 2795 1055 2828 the
1073 2801 1240 2828 sea-coast
1258 2794 1409 2828 between
1427 2793 1561 2828 Shields
1578 2796 1644 2829 and

105 2841 326 2874 Sunderland.

151 2888 163 2907 ³
191 2886 375 2933 Herdwic]
405 2887 513 2920 There
536 2899 591 2920 are
619 2893 685 2920 two
717 2887 918 2921 Hardwicks
937 2899 1016 2920 near
1034 2886 1186 2920 Durhaln
1201 2899 1210 2929 3
1242 2898 1305 2920 one
1331 2887 1365 2920 in
1391 2887 1446 2921 the
1472 2888 1584 2933 parish
1609 2890 1646 2923 of

106 2934 280 2978 Hesilden,
299 2934 356 2967 the
374 2933 468 2967 other
486 2934 519 2967 in
539 2933 595 2966 the
612 2934 725 2978 pai-ish
742 2934 779 2967 of
792 2933 994 2978 Scdgefield.
