<?xml version="1.0" encoding="UTF-8"?>
<!DOCTYPE html PUBLIC "-//W3C//DTD XHTML 1.0 Transitional//EN"
    "http://www.w3.org/TR/xhtml1/DTD/xhtml1-transitional.dtd">
<html xmlns="http://www.w3.org/1999/xhtml" xml:lang="en" lang="en">
 <head>
  <title>
</title>
<meta http-equiv="Content-Type" content="text/html;charset=utf-8" />
  <meta name='ocr-system' content='tesseract 3.04.00' />
  <meta name='ocr-capabilities' content='ocr_page ocr_carea ocr_par ocr_line ocrx_word'/>
</head>
<body>
  <div class='ocr_page' id='page_1' title='image "./libellusdevitaet00regi_0519.png"; bbox 0 0 1839 3186; ppageno 0'>
   <div class='ocr_carea' id='block_1_1' title="bbox 558 173 1655 218">
    <p class='ocr_par' dir='ltr' id='par_1_1' title="bbox 558 173 1655 218">
     <span class='ocr_line' id='line_1_1' title="bbox 558 173 1655 218; baseline -0.003 0"><span class='ocrx_word' id='word_1_1' title='bbox 558 187 617 218; x_wconf 85' lang='lat' dir='ltr'>ET</span> <span class='ocrx_word' id='word_1_2' title='bbox 651 185 915 218; x_wconf 82' lang='lat' dir='ltr'><strong>MIRACULIS</strong></span> <span class='ocrx_word' id='word_1_3' title='bbox 952 184 1225 216; x_wconf 72' lang='grc'><strong>5001111101.</strong></span> <span class='ocrx_word' id='word_1_4' title='bbox 1572 173 1655 217; x_wconf 73' lang='lat'>473</span> 
     </span>
    </p>
   </div>
   <div class='ocr_carea' id='block_1_2' title="bbox 117 289 1654 2867">
    <p class='ocr_par' dir='ltr' id='par_1_2' title="bbox 120 289 1654 1408">
     <span class='ocr_line' id='line_1_2' title="bbox 124 289 1650 346; baseline 0 -15"><span class='ocrx_word' id='word_1_5' title='bbox 124 290 210 331; x_wconf 87' lang='lat' dir='ltr'>fore</span> <span class='ocrx_word' id='word_1_6' title='bbox 246 290 527 346; x_wconf 89' lang='lat' dir='ltr'>permodicum</span> <span class='ocrx_word' id='word_1_7' title='bbox 551 289 771 346; x_wconf 86' lang='lat' dir='ltr'>judicavit,</span> <span class='ocrx_word' id='word_1_8' title='bbox 805 304 902 330; x_wconf 87' lang='lat' dir='ltr'>nam</span> <span class='ocrx_word' id='word_1_9' title='bbox 937 291 979 330; x_wconf 86' lang='lat' dir='ltr'>et</span> <span class='ocrx_word' id='word_1_10' title='bbox 1011 289 1089 329; x_wconf 83' lang='lat' dir='ltr'>olei</span> <span class='ocrx_word' id='word_1_11' title='bbox 1121 289 1364 344; x_wconf 61' lang='lat' dir='ltr'>praeferebat</span> <span class='ocrx_word' id='word_1_12' title='bbox 1387 290 1650 341; x_wconf 84' lang='lat' dir='ltr'>suavitatem,</span> 
     </span>
     <span class='ocr_line' id='line_1_3' title="bbox 125 355 1653 410; baseline 0.001 -14"><span class='ocrx_word' id='word_1_13' title='bbox 125 357 244 398; x_wconf 88' lang='lat' dir='ltr'>lactis</span> <span class='ocrx_word' id='word_1_14' title='bbox 274 357 505 405; x_wconf 75' lang='lat' dir='ltr'>lenitatem,</span> <span class='ocrx_word' id='word_1_15' title='bbox 538 356 750 409; x_wconf 90' lang='lat' dir='ltr'>mellisque</span> <span class='ocrx_word' id='word_1_16' title='bbox 785 355 1061 409; x_wconf 77' lang='lat' dir='ltr'>exsuperabat</span> <span class='ocrx_word' id='word_1_17' title='bbox 1094 356 1370 404; x_wconf 78' lang='lat' dir='ltr'>dulcedinem,</span> <span class='ocrx_word' id='word_1_18' title='bbox 1394 357 1532 410; x_wconf 88' lang='lat' dir='ltr'>sicque</span> <span class='ocrx_word' id='word_1_19' title='bbox 1565 362 1653 398; x_wconf 90' lang='lat' dir='ltr'>tam</span> 
     </span>
     <span class='ocr_line' id='line_1_4' title="bbox 126 421 1653 477; baseline 0.001 -14"><span class='ocrx_word' id='word_1_20' title='bbox 126 422 317 464; x_wconf 88' lang='lat' dir='ltr'>dulciflue</span> <span class='ocrx_word' id='word_1_21' title='bbox 341 422 570 463; x_wconf 84' lang='lat' dir='ltr'>haurientis</span> <span class='ocrx_word' id='word_1_22' title='bbox 601 422 789 462; x_wconf 85' lang='lat' dir='ltr'>faucibus</span> <span class='ocrx_word' id='word_1_23' title='bbox 819 421 983 462; x_wconf 78' lang='lat' dir='ltr'>inhaesit</span> <span class='ocrx_word' id='word_1_24' title='bbox 1005 421 1115 475; x_wconf 87' lang='lat' dir='ltr'>quod</span> <span class='ocrx_word' id='word_1_25' title='bbox 1137 422 1370 463; x_wconf 74' lang='lat' dir='ltr'>lethiferam</span> <span class='ocrx_word' id='word_1_26' title='bbox 1400 423 1653 477; x_wconf 84' lang='lat' dir='ltr'>desperati0-</span> 
     </span>
     <span class='ocr_line' id='line_1_5' title="bbox 126 487 1653 544; baseline 0.001 -15"><span class='ocrx_word' id='word_1_27' title='bbox 126 504 221 530; x_wconf 92' lang='lat' dir='ltr'>nem</span> <span class='ocrx_word' id='word_1_28' title='bbox 242 489 509 544; x_wconf 88' lang='lat' dir='ltr'>postmodum</span> <span class='ocrx_word' id='word_1_29' title='bbox 526 488 603 536; x_wconf 87' lang='lat' dir='ltr'>sibi</span> <span class='ocrx_word' id='word_1_30' title='bbox 626 497 667 529; x_wconf 84' lang='lat' dir='ltr'>et</span> <span class='ocrx_word' id='word_1_31' title='bbox 684 488 768 529; x_wconf 90' lang='lat' dir='ltr'>suis</span> <span class='ocrx_word' id='word_1_32' title='bbox 792 487 983 528; x_wconf 88' lang='lat' dir='ltr'>omnibus</span> <span class='ocrx_word' id='word_1_33' title='bbox 1004 488 1159 528; x_wconf 90' lang='lat' dir='ltr'>intulit.</span> <span class='ocrx_word' id='word_1_34' title='bbox 1203 488 1363 543; x_wconf 87' lang='lat' dir='ltr'>Nempe</span> <span class='ocrx_word' id='word_1_35' title='bbox 1385 504 1509 543; x_wconf 89' lang='lat' dir='ltr'>quam</span> <span class='ocrx_word' id='word_1_36' title='bbox 1532 489 1653 531; x_wconf 83' lang='lat' dir='ltr'>citius</span> 
     </span>
     <span class='ocr_line' id='line_1_6' title="bbox 127 554 1652 610; baseline 0.001 -14"><span class='ocrx_word' id='word_1_37' title='bbox 127 555 178 596; x_wconf 90' lang='lat' dir='ltr'>de</span> <span class='ocrx_word' id='word_1_38' title='bbox 204 570 251 596; x_wconf 91' lang='grc'>00</span> <span class='ocrx_word' id='word_1_39' title='bbox 272 555 427 609; x_wconf 91' lang='lat' dir='ltr'>liquore</span> <span class='ocrx_word' id='word_1_40' title='bbox 448 560 677 610; x_wconf 88' lang='lat' dir='ltr'>potaverat,</span> <span class='ocrx_word' id='word_1_41' title='bbox 701 569 801 595; x_wconf 87' lang='lat' dir='ltr'>mox</span> <span class='ocrx_word' id='word_1_42' title='bbox 832 554 1034 608; x_wconf 89' lang='lat' dir='ltr'>paulatim</span> <span class='ocrx_word' id='word_1_43' title='bbox 1065 569 1186 595; x_wconf 89' lang='lat' dir='ltr'>omne</span> <span class='ocrx_word' id='word_1_44' title='bbox 1208 570 1355 609; x_wconf 86' lang='lat' dir='ltr'>corpus</span> <span class='ocrx_word' id='word_1_45' title='bbox 1387 554 1474 610; x_wconf 83' lang='lat' dir='ltr'>ejus</span> <span class='ocrx_word' id='word_1_46' title='bbox 1496 571 1652 597; x_wconf 87' lang='lat' dir='ltr'>veneno</span> 
     </span>
     <span class='ocr_line' id='line_1_7' title="bbox 123 621 1653 676; baseline 0.001 -15"><span class='ocrx_word' id='word_1_47' title='bbox 123 621 295 663; x_wconf 88' lang='lat' dir='ltr'>interius</span> <span class='ocrx_word' id='word_1_48' title='bbox 325 627 551 676; x_wconf 75' lang='lat' dir='ltr'>grassante,</span> <span class='ocrx_word' id='word_1_49' title='bbox 576 627 617 662; x_wconf 87' lang='lat' dir='ltr'>et</span> <span class='ocrx_word' id='word_1_50' title='bbox 647 621 820 662; x_wconf 90' lang='lat' dir='ltr'>ducibus</span> <span class='ocrx_word' id='word_1_51' title='bbox 840 621 955 663; x_wconf 88' lang='lat' dir='ltr'>venis</span> <span class='ocrx_word' id='word_1_52' title='bbox 991 625 1032 662; x_wconf 90' lang='lat' dir='ltr'>et</span> <span class='ocrx_word' id='word_1_53' title='bbox 1063 621 1224 662; x_wconf 89' lang='lat' dir='ltr'>arteriis</span> <span class='ocrx_word' id='word_1_54' title='bbox 1254 621 1546 672; x_wconf 77' lang='lat' dir='ltr'>mediantibus,</span> <span class='ocrx_word' id='word_1_55' title='bbox 1581 637 1653 676; x_wconf 91' lang='lat' dir='ltr'>per</span> 
     </span>
     <span class='ocr_line' id='line_1_8' title="bbox 125 687 1654 743; baseline 0.001 -15"><span class='ocrx_word' id='word_1_56' title='bbox 125 692 241 729; x_wconf 88' lang='lat' dir='ltr'>artus</span> <span class='ocrx_word' id='word_1_57' title='bbox 272 688 453 743; x_wconf 86' lang='lat' dir='ltr'>singulos</span> <span class='ocrx_word' id='word_1_58' title='bbox 485 688 752 737; x_wconf 76' lang='lat' dir='ltr'>discurrente,</span> <span class='ocrx_word' id='word_1_59' title='bbox 776 687 898 742; x_wconf 83' lang='lat' dir='ltr'>coepit</span> <span class='ocrx_word' id='word_1_60' title='bbox 930 687 1216 738; x_wconf 81' lang='lat' dir='ltr'>intumescere,</span> <span class='ocrx_word' id='word_1_61' title='bbox 1240 693 1281 728; x_wconf 92' lang='lat' dir='ltr'>et</span> <span class='ocrx_word' id='word_1_62' title='bbox 1303 693 1505 743; x_wconf 86' lang='lat' dir='ltr'>quantum</span> <span class='ocrx_word' id='word_1_63' title='bbox 1536 688 1654 742; x_wconf 90' lang='lat' dir='ltr'>pellis</span> 
     </span>
     <span class='ocr_line' id='line_1_9' title="bbox 126 753 1654 809; baseline 0.001 -15"><span class='ocrx_word' id='word_1_64' title='bbox 126 753 305 795; x_wconf 86' lang='lat' dir='ltr'>distendi</span> <span class='ocrx_word' id='word_1_65' title='bbox 327 759 505 809; x_wconf 80' lang='lat' dir='ltr'>poterat,</span> <span class='ocrx_word' id='word_1_66' title='bbox 530 770 571 796; x_wconf 87' lang='lat' dir='ltr'>se</span> <span class='ocrx_word' id='word_1_67' title='bbox 601 754 918 808; x_wconf 83' lang='lat' dir='ltr'>circumquaque</span> <span class='ocrx_word' id='word_1_68' title='bbox 945 754 1206 809; x_wconf 86' lang='lat' dir='ltr'>protendere.</span> <span class='ocrx_word' id='word_1_69' title='bbox 1268 754 1389 807; x_wconf 70' lang='lat' dir='ltr'>Quod</span> <span class='ocrx_word' id='word_1_70' title='bbox 1411 754 1555 796; x_wconf 88' lang='lat' dir='ltr'>videns</span> <span class='ocrx_word' id='word_1_71' title='bbox 1582 754 1654 796; x_wconf 87' lang='lat' dir='ltr'>illa</span> 
     </span>
     <span class='ocr_line' id='line_1_10' title="bbox 125 820 1653 876; baseline 0.001 -16"><span class='ocrx_word' id='word_1_72' title='bbox 125 835 214 873; x_wconf 86' lang='lat' dir='ltr'>quae</span> <span class='ocrx_word' id='word_1_73' title='bbox 236 826 381 875; x_wconf 89' lang='lat' dir='ltr'>potum</span> <span class='ocrx_word' id='word_1_74' title='bbox 407 821 644 862; x_wconf 81' lang='lat' dir='ltr'>lethiferum</span> <span class='ocrx_word' id='word_1_75' title='bbox 667 820 779 875; x_wconf 90' lang='lat' dir='ltr'>prius</span> <span class='ocrx_word' id='word_1_76' title='bbox 800 820 1000 861; x_wconf 84' lang='lat' dir='ltr'>attulerat</span> <span class='ocrx_word' id='word_1_77' title='bbox 1023 821 1159 862; x_wconf 87' lang='lat' dir='ltr'>subito</span> <span class='ocrx_word' id='word_1_78' title='bbox 1182 821 1341 876; x_wconf 87' lang='lat' dir='ltr'>dilapsa</span> <span class='ocrx_word' id='word_1_79' title='bbox 1366 836 1568 875; x_wconf 84' lang='lat' dir='ltr'>nusquam</span> <span class='ocrx_word' id='word_1_80' title='bbox 1592 821 1653 862; x_wconf 92' lang='lat' dir='ltr'>ul-</span> 
     </span>
     <span class='ocr_line' id='line_1_11' title="bbox 125 887 1653 943; baseline 0.001 -16"><span class='ocrx_word' id='word_1_81' title='bbox 125 887 253 928; x_wconf 85' lang='lat' dir='ltr'>terius</span> <span class='ocrx_word' id='word_1_82' title='bbox 274 887 447 928; x_wconf 88' lang='lat' dir='ltr'>inveniri</span> <span class='ocrx_word' id='word_1_83' title='bbox 471 903 554 943; x_wconf 84' lang='lat' dir='ltr'>prae</span> <span class='ocrx_word' id='word_1_84' title='bbox 571 887 648 928; x_wconf 87' lang='lat' dir='ltr'>viri</span> <span class='ocrx_word' id='word_1_85' title='bbox 669 891 783 928; x_wconf 90' lang='lat' dir='ltr'>metu</span> <span class='ocrx_word' id='word_1_86' title='bbox 806 892 847 928; x_wconf 93' lang='lat' dir='ltr'>et</span> <span class='ocrx_word' id='word_1_87' title='bbox 869 887 1042 928; x_wconf 88' lang='lat' dir='ltr'>aliorum</span> <span class='ocrx_word' id='word_1_88' title='bbox 1064 888 1288 929; x_wconf 89' lang='lat' dir='ltr'>multorum</span> <span class='ocrx_word' id='word_1_89' title='bbox 1311 903 1353 930; x_wconf 90' lang='lat' dir='ltr'>se</span> <span class='ocrx_word' id='word_1_90' title='bbox 1376 887 1653 942; x_wconf 76' lang='lat' dir='ltr'>quaerentium</span> 
     </span>
     <span class='ocr_line' id='line_1_12' title="bbox 124 953 1653 1010; baseline 0.001 -16"><span class='ocrx_word' id='word_1_91' title='bbox 124 958 302 1007; x_wconf 87' lang='lat' dir='ltr'>poterat.</span> <span class='ocrx_word' id='word_1_92' title='bbox 366 954 475 995; x_wconf 88' lang='lat' dir='ltr'>Nam</span> <span class='ocrx_word' id='word_1_93' title='bbox 497 958 666 1009; x_wconf 88' lang='lat' dir='ltr'>repente</span> <span class='ocrx_word' id='word_1_94' title='bbox 689 969 741 994; x_wconf 90' lang='lat' dir='ltr'>ex</span> <span class='ocrx_word' id='word_1_95' title='bbox 763 968 842 1007; x_wconf 90' lang='lat' dir='ltr'>quo</span> <span class='ocrx_word' id='word_1_96' title='bbox 863 954 941 994; x_wconf 89' lang='lat' dir='ltr'>hoc</span> <span class='ocrx_word' id='word_1_97' title='bbox 963 954 1083 994; x_wconf 85' lang='lat' dir='ltr'>uxori</span> <span class='ocrx_word' id='word_1_98' title='bbox 1106 953 1193 1010; x_wconf 79' lang='lat' dir='ltr'>ejus</span> <span class='ocrx_word' id='word_1_99' title='bbox 1214 955 1436 1004; x_wconf 84' lang='lat' dir='ltr'>acciderat,</span> <span class='ocrx_word' id='word_1_100' title='bbox 1461 954 1522 995; x_wconf 86' lang='lat' dir='ltr'>vir</span> <span class='ocrx_word' id='word_1_101' title='bbox 1543 954 1653 995; x_wconf 91' lang='lat' dir='ltr'>illius</span> 
     </span>
     <span class='ocr_line' id='line_1_13' title="bbox 125 1020 1652 1075; baseline 0.001 -15"><span class='ocrx_word' id='word_1_102' title='bbox 125 1035 177 1060; x_wconf 88' lang='lat' dir='ltr'>ex</span> <span class='ocrx_word' id='word_1_103' title='bbox 198 1020 405 1074; x_wconf 87' lang='lat' dir='ltr'>insperato</span> <span class='ocrx_word' id='word_1_104' title='bbox 428 1021 748 1070; x_wconf 84' lang='lat' dir='ltr'>subintraverat,</span> <span class='ocrx_word' id='word_1_105' title='bbox 772 1020 845 1061; x_wconf 92' lang='lat' dir='ltr'>sed</span> <span class='ocrx_word' id='word_1_106' title='bbox 867 1035 947 1074; x_wconf 87' lang='lat' dir='ltr'>qua</span> <span class='ocrx_word' id='word_1_107' title='bbox 968 1020 1108 1075; x_wconf 88' lang='lat' dir='ltr'>fugam</span> <span class='ocrx_word' id='word_1_108' title='bbox 1130 1021 1272 1063; x_wconf 87' lang='lat' dir='ltr'>inisset</span> <span class='ocrx_word' id='word_1_109' title='bbox 1293 1036 1496 1075; x_wconf 85' lang='lat' dir='ltr'>nusquam</span> <span class='ocrx_word' id='word_1_110' title='bbox 1518 1021 1652 1062; x_wconf 88' lang='lat' dir='ltr'>inves-</span> 
     </span>
     <span class='ocr_line' id='line_1_14' title="bbox 123 1085 1652 1141; baseline 0.001 -15"><span class='ocrx_word' id='word_1_111' title='bbox 123 1085 255 1140; x_wconf 86' lang='lat' dir='ltr'>tigare</span> <span class='ocrx_word' id='word_1_112' title='bbox 291 1087 470 1128; x_wconf 86' lang='lat' dir='ltr'>valebat.</span> <span class='ocrx_word' id='word_1_113' title='bbox 544 1086 823 1128; x_wconf 87' lang='lat' dir='ltr'>Dimetientes</span> <span class='ocrx_word' id='word_1_114' title='bbox 857 1087 984 1141; x_wconf 87' lang='lat' dir='ltr'>igitur</span> <span class='ocrx_word' id='word_1_115' title='bbox 1019 1087 1176 1129; x_wconf 85' lang='lat' dir='ltr'>ventris</span> <span class='ocrx_word' id='word_1_116' title='bbox 1211 1086 1363 1129; x_wconf 66' lang='lat' dir='ltr'>inflatae</span> <span class='ocrx_word' id='word_1_117' title='bbox 1386 1087 1652 1128; x_wconf 88' lang='lat' dir='ltr'>latitudinem</span> 
     </span>
     <span class='ocr_line' id='line_1_15' title="bbox 123 1152 1652 1209; baseline 0 -15"><span class='ocrx_word' id='word_1_118' title='bbox 123 1154 448 1208; x_wconf 82' lang='lat' dir='ltr'>comprobabant</span> <span class='ocrx_word' id='word_1_119' title='bbox 469 1168 543 1208; x_wconf 89' lang='lat' dir='ltr'>pro</span> <span class='ocrx_word' id='word_1_120' title='bbox 569 1158 693 1204; x_wconf 86' lang='lat' dir='ltr'>cer-to,</span> <span class='ocrx_word' id='word_1_121' title='bbox 719 1153 829 1207; x_wconf 90' lang='lat' dir='ltr'>quod</span> <span class='ocrx_word' id='word_1_122' title='bbox 851 1152 1010 1194; x_wconf 86' lang='lat' dir='ltr'>cunctis</span> <span class='ocrx_word' id='word_1_123' title='bbox 1031 1154 1145 1208; x_wconf 89' lang='lat' dir='ltr'>prius</span> <span class='ocrx_word' id='word_1_124' title='bbox 1176 1159 1262 1195; x_wconf 88' lang='lat' dir='ltr'>erat</span> <span class='ocrx_word' id='word_1_125' title='bbox 1286 1154 1524 1208; x_wconf 86' lang='lat' dir='ltr'>inoptabile,</span> <span class='ocrx_word' id='word_1_126' title='bbox 1548 1154 1652 1209; x_wconf 88' lang='lat' dir='ltr'>regi-</span> 
     </span>
     <span class='ocr_line' id='line_1_16' title="bbox 121 1220 1649 1275; baseline 0.001 -16"><span class='ocrx_word' id='word_1_127' title='bbox 121 1234 239 1260; x_wconf 86' lang='lat' dir='ltr'>arum</span> <span class='ocrx_word' id='word_1_128' title='bbox 260 1220 451 1261; x_wconf 88' lang='lat' dir='ltr'>ulnarum</span> <span class='ocrx_word' id='word_1_129' title='bbox 474 1220 649 1260; x_wconf 89' lang='lat' dir='ltr'>duarum</span> <span class='ocrx_word' id='word_1_130' title='bbox 671 1234 765 1260; x_wconf 88' lang='lat' dir='ltr'>cum</span> <span class='ocrx_word' id='word_1_131' title='bbox 788 1220 929 1274; x_wconf 79' lang='lat' dir='ltr'>digitis</span> <span class='ocrx_word' id='word_1_132' title='bbox 951 1220 1058 1261; x_wconf 89' lang='lat' dir='ltr'>senis</span> <span class='ocrx_word' id='word_1_133' title='bbox 1080 1220 1279 1262; x_wconf 78' lang='lat' dir='ltr'>excedere</span> <span class='ocrx_word' id='word_1_134' title='bbox 1300 1220 1649 1275; x_wconf 72' lang='lat' dir='ltr'>grossitudinem,</span> 
     </span>
     <span class='ocr_line' id='line_1_17' title="bbox 123 1284 1654 1341; baseline 0.001 -15"><span class='ocrx_word' id='word_1_135' title='bbox 123 1284 238 1341; x_wconf 79' lang='lat' dir='ltr'>cujus</span> <span class='ocrx_word' id='word_1_136' title='bbox 269 1287 508 1328; x_wconf 77' lang='lat' dir='ltr'>orbiCularis</span> <span class='ocrx_word' id='word_1_137' title='bbox 540 1286 837 1327; x_wconf 83' lang='lat' dir='ltr'>circumductio</span> <span class='ocrx_word' id='word_1_138' title='bbox 865 1291 953 1327; x_wconf 91' lang='lat' dir='ltr'>tam</span> <span class='ocrx_word' id='word_1_139' title='bbox 984 1287 1236 1329; x_wconf 85' lang='lat' dir='ltr'>incredibilis</span> <span class='ocrx_word' id='word_1_140' title='bbox 1267 1292 1355 1328; x_wconf 86' lang='lat' dir='ltr'>era-t</span> <span class='ocrx_word' id='word_1_141' title='bbox 1388 1286 1654 1328; x_wconf 85' lang='lat' dir='ltr'>dimensionis</span> 
     </span>
     <span class='ocr_line' id='line_1_18' title="bbox 120 1352 1284 1408; baseline 0.001 -15"><span class='ocrx_word' id='word_1_142' title='bbox 120 1352 412 1406; x_wconf 81' lang='lat' dir='ltr'>probatissima</span> <span class='ocrx_word' id='word_1_143' title='bbox 431 1353 667 1394; x_wconf 88' lang='lat' dir='ltr'>rotunditas</span> <span class='ocrx_word' id='word_1_144' title='bbox 689 1357 730 1393; x_wconf 93' lang='lat' dir='ltr'>et</span> <span class='ocrx_word' id='word_1_145' title='bbox 753 1353 983 1394; x_wconf 85' lang='lat' dir='ltr'>certissima</span> <span class='ocrx_word' id='word_1_146' title='bbox 1002 1353 1284 1408; x_wconf 86' lang='lat' dir='ltr'>intercapedo.</span> 
     </span>
    </p>

    <p class='ocr_par' dir='ltr' id='par_1_3' title="bbox 118 1419 1654 2534">
     <span class='ocr_line' id='line_1_19' title="bbox 180 1419 1653 1475; baseline 0.001 -16"><span class='ocrx_word' id='word_1_147' title='bbox 180 1419 199 1471; x_wconf 58' lang='grc' dir='ltr'><em>ἓ</em></span> <span class='ocrx_word' id='word_1_148' title='bbox 223 1420 319 1460; x_wconf 86' lang='grc'><strong>601.</strong></span> <span class='ocrx_word' id='word_1_149' title='bbox 355 1419 472 1460; x_wconf 83' lang='grc' dir='ltr'><strong>Τ11110</strong></span> <span class='ocrx_word' id='word_1_150' title='bbox 524 1434 565 1460; x_wconf 89' lang='grc'>50</span> <span class='ocrx_word' id='word_1_151' title='bbox 615 1419 848 1473; x_wconf 87' lang='lat' dir='ltr'>discerpens</span> <span class='ocrx_word' id='word_1_152' title='bbox 892 1424 933 1460; x_wconf 93' lang='lat' dir='ltr'>et</span> <span class='ocrx_word' id='word_1_153' title='bbox 977 1420 1277 1475; x_wconf 86' lang='lat' dir='ltr'>propemodum</span> <span class='ocrx_word' id='word_1_154' title='bbox 1321 1419 1528 1461; x_wconf 89' lang='lat' dir='ltr'>insaniens</span> <span class='ocrx_word' id='word_1_155' title='bbox 1560 1419 1653 1475; x_wconf 80' lang='lat' dir='ltr'>jam</span> 
     </span>
     <span class='ocr_line' id='line_1_20' title="bbox 120 1484 1651 1542; baseline 0.001 -17"><span class='ocrx_word' id='word_1_156' title='bbox 120 1484 265 1525; x_wconf 88' lang='lat' dir='ltr'>horam</span> <span class='ocrx_word' id='word_1_157' title='bbox 299 1486 481 1540; x_wconf 88' lang='lat' dir='ltr'>pendula</span> <span class='ocrx_word' id='word_1_158' title='bbox 510 1486 584 1528; x_wconf 88' lang='lat' dir='ltr'>sub</span> <span class='ocrx_word' id='word_1_159' title='bbox 608 1485 805 1526; x_wconf 79' lang='lat' dir='ltr'>dilatione</span> <span class='ocrx_word' id='word_1_160' title='bbox 836 1486 1064 1540; x_wconf 73' lang='lat' dir='ltr'>praestolari</span> <span class='ocrx_word' id='word_1_161' title='bbox 1096 1487 1216 1542; x_wconf 84' lang='lat' dir='ltr'>coepit</span> <span class='ocrx_word' id='word_1_162' title='bbox 1251 1502 1331 1541; x_wconf 86' lang='lat' dir='ltr'>qua</span> <span class='ocrx_word' id='word_1_163' title='bbox 1359 1487 1424 1527; x_wconf 90' lang='lat' dir='ltr'>vel</span> <span class='ocrx_word' id='word_1_164' title='bbox 1451 1486 1556 1527; x_wconf 91' lang='lat' dir='ltr'>mori</span> <span class='ocrx_word' id='word_1_165' title='bbox 1588 1487 1651 1527; x_wconf 93' lang='lat' dir='ltr'>vel</span> 
     </span>
     <span class='ocr_line' id='line_1_21' title="bbox 120 1551 1652 1608; baseline 0.001 -16"><span class='ocrx_word' id='word_1_166' title='bbox 120 1566 284 1606; x_wconf 90' lang='lat' dir='ltr'>crepere</span> <span class='ocrx_word' id='word_1_167' title='bbox 299 1551 461 1600; x_wconf 76' lang='lat' dir='ltr'>debuit;</span> <span class='ocrx_word' id='word_1_168' title='bbox 489 1568 573 1593; x_wconf 91' lang='lat' dir='ltr'>non</span> <span class='ocrx_word' id='word_1_169' title='bbox 594 1552 702 1593; x_wconf 87' lang='lat' dir='ltr'>enim</span> <span class='ocrx_word' id='word_1_170' title='bbox 726 1552 892 1606; x_wconf 89' lang='lat' dir='ltr'>aliquod</span> <span class='ocrx_word' id='word_1_171' title='bbox 912 1553 1130 1594; x_wconf 85' lang='lat' dir='ltr'>medicinae</span> <span class='ocrx_word' id='word_1_172' title='bbox 1152 1568 1282 1608; x_wconf 88' lang='lat' dir='ltr'>genus</span> <span class='ocrx_word' id='word_1_173' title='bbox 1303 1553 1522 1594; x_wconf 84' lang='lat' dir='ltr'>exstiterat</span> <span class='ocrx_word' id='word_1_174' title='bbox 1542 1553 1652 1607; x_wconf 86' lang='lat' dir='ltr'>quod</span> 
     </span>
     <span class='ocr_line' id='line_1_22' title="bbox 120 1618 1654 1673; baseline 0.001 -15"><span class='ocrx_word' id='word_1_175' title='bbox 120 1626 208 1658; x_wconf 89' lang='lat' dir='ltr'>tam</span> <span class='ocrx_word' id='word_1_176' title='bbox 229 1633 355 1673; x_wconf 90' lang='lat' dir='ltr'>prope</span> <span class='ocrx_word' id='word_1_177' title='bbox 375 1618 660 1660; x_wconf 87' lang='lat' dir='ltr'>imminentem</span> <span class='ocrx_word' id='word_1_178' title='bbox 682 1619 806 1659; x_wconf 91' lang='lat' dir='ltr'>morti</span> <span class='ocrx_word' id='word_1_179' title='bbox 827 1619 1113 1673; x_wconf 56' lang='lat' dir='ltr'>praeveniendo</span> <span class='ocrx_word' id='word_1_180' title='bbox 1136 1635 1277 1660; x_wconf 87' lang='lat' dir='ltr'>curare</span> <span class='ocrx_word' id='word_1_181' title='bbox 1299 1620 1477 1661; x_wconf 88' lang='lat' dir='ltr'>valebat.</span> <span class='ocrx_word' id='word_1_182' title='bbox 1534 1619 1654 1661; x_wconf 81' lang='lat' dir='ltr'>Circa</span> 
     </span>
     <span class='ocr_line' id='line_1_23' title="bbox 120 1684 1654 1741; baseline 0.001 -16"><span class='ocrx_word' id='word_1_183' title='bbox 120 1684 264 1725; x_wconf 84' lang='lat' dir='ltr'>horam</span> <span class='ocrx_word' id='word_1_184' title='bbox 285 1685 424 1739; x_wconf 86' lang='lat' dir='ltr'>itaque</span> <span class='ocrx_word' id='word_1_185' title='bbox 446 1685 622 1740; x_wconf 88' lang='lat' dir='ltr'>primam</span> <span class='ocrx_word' id='word_1_186' title='bbox 644 1685 725 1726; x_wconf 88' lang='lat' dir='ltr'>diei</span> <span class='ocrx_word' id='word_1_187' title='bbox 751 1685 925 1726; x_wconf 86' lang='lat' dir='ltr'>Sabbati</span> <span class='ocrx_word' id='word_1_188' title='bbox 946 1686 1124 1726; x_wconf 86' lang='lat' dir='ltr'>lethiferi</span> <span class='ocrx_word' id='word_1_189' title='bbox 1148 1691 1271 1741; x_wconf 89' lang='lat' dir='ltr'>potus</span> <span class='ocrx_word' id='word_1_190' title='bbox 1295 1686 1490 1727; x_wconf 90' lang='lat' dir='ltr'>haustum</span> <span class='ocrx_word' id='word_1_191' title='bbox 1509 1691 1654 1740; x_wconf 87' lang='lat' dir='ltr'>gusta-</span> 
     </span>
     <span class='ocr_line' id='line_1_24' title="bbox 119 1751 1652 1805; baseline 0.001 -13"><span class='ocrx_word' id='word_1_192' title='bbox 119 1756 252 1799; x_wconf 85' lang='lat' dir='ltr'>verat,</span> <span class='ocrx_word' id='word_1_193' title='bbox 276 1756 317 1792; x_wconf 92' lang='lat' dir='ltr'>et</span> <span class='ocrx_word' id='word_1_194' title='bbox 340 1751 406 1792; x_wconf 90' lang='lat' dir='ltr'>die</span> <span class='ocrx_word' id='word_1_195' title='bbox 428 1752 499 1793; x_wconf 90' lang='lat' dir='ltr'>illa</span> <span class='ocrx_word' id='word_1_196' title='bbox 528 1756 619 1792; x_wconf 87' lang='lat' dir='ltr'>tota</span> <span class='ocrx_word' id='word_1_197' title='bbox 646 1767 774 1805; x_wconf 89' lang='lat' dir='ltr'>usque</span> <span class='ocrx_word' id='word_1_198' title='bbox 801 1756 898 1792; x_wconf 88' lang='lat' dir='ltr'>ante</span> <span class='ocrx_word' id='word_1_199' title='bbox 929 1752 1159 1793; x_wconf 84' lang='lat' dir='ltr'>Dominicae</span> <span class='ocrx_word' id='word_1_200' title='bbox 1181 1752 1315 1794; x_wconf 85' lang='lat' dir='ltr'>noctis</span> <span class='ocrx_word' id='word_1_201' title='bbox 1336 1768 1527 1793; x_wconf 87' lang='lat' dir='ltr'>auroram</span> <span class='ocrx_word' id='word_1_202' title='bbox 1554 1753 1652 1794; x_wconf 87' lang='lat' dir='ltr'>talis</span> 
     </span>
     <span class='ocr_line' id='line_1_25' title="bbox 122 1817 1651 1873; baseline 0.001 -15"><span class='ocrx_word' id='word_1_203' title='bbox 122 1817 197 1858; x_wconf 90' lang='lat' dir='ltr'>sub</span> <span class='ocrx_word' id='word_1_204' title='bbox 220 1817 329 1858; x_wconf 86' lang='lat' dir='ltr'>fasce</span> <span class='ocrx_word' id='word_1_205' title='bbox 349 1818 524 1859; x_wconf 77' lang='lat' dir='ltr'>miseriae</span> <span class='ocrx_word' id='word_1_206' title='bbox 547 1818 764 1872; x_wconf 87' lang='lat' dir='ltr'>desperata</span> <span class='ocrx_word' id='word_1_207' title='bbox 786 1818 1082 1867; x_wconf 87' lang='lat' dir='ltr'>desudaverat;</span> <span class='ocrx_word' id='word_1_208' title='bbox 1118 1824 1159 1860; x_wconf 90' lang='lat' dir='ltr'>et</span> <span class='ocrx_word' id='word_1_209' title='bbox 1180 1834 1287 1868; x_wconf 86' lang='lat' dir='ltr'>ecce,</span> <span class='ocrx_word' id='word_1_210' title='bbox 1311 1824 1432 1860; x_wconf 90' lang='lat' dir='ltr'>nocte</span> <span class='ocrx_word' id='word_1_211' title='bbox 1454 1819 1543 1873; x_wconf 87' lang='lat' dir='ltr'>ipsa</span> <span class='ocrx_word' id='word_1_212' title='bbox 1564 1818 1651 1873; x_wconf 88' lang='lat' dir='ltr'>qui-</span> 
     </span>
     <span class='ocr_line' id='line_1_26' title="bbox 123 1883 1650 1939; baseline 0.001 -15"><span class='ocrx_word' id='word_1_213' title='bbox 123 1883 218 1924; x_wconf 88' lang='lat' dir='ltr'>dam</span> <span class='ocrx_word' id='word_1_214' title='bbox 241 1884 475 1939; x_wconf 84' lang='lat' dir='ltr'>desperanti</span> <span class='ocrx_word' id='word_1_215' title='bbox 501 1885 551 1925; x_wconf 91' lang='lat' dir='ltr'>de</span> <span class='ocrx_word' id='word_1_216' title='bbox 573 1884 662 1925; x_wconf 89' lang='lat' dir='ltr'>vita</span> <span class='ocrx_word' id='word_1_217' title='bbox 691 1885 851 1925; x_wconf 87' lang='lat' dir='ltr'>mulieri</span> <span class='ocrx_word' id='word_1_218' title='bbox 874 1884 916 1925; x_wconf 89' lang='lat' dir='ltr'>in</span> <span class='ocrx_word' id='word_1_219' title='bbox 931 1885 1021 1927; x_wconf 85' lang='lat' dir='ltr'>visu</span> <span class='ocrx_word' id='word_1_220' title='bbox 1042 1885 1176 1927; x_wconf 88' lang='grc'><strong>1100115</strong></span> <span class='ocrx_word' id='word_1_221' title='bbox 1194 1886 1340 1937; x_wconf 87' lang='lat' dir='ltr'>astitit,</span> <span class='ocrx_word' id='word_1_222' title='bbox 1368 1885 1436 1939; x_wconf 89' lang='lat' dir='ltr'>qui</span> <span class='ocrx_word' id='word_1_223' title='bbox 1460 1885 1559 1927; x_wconf 86' lang='lat' dir='ltr'>satis</span> <span class='ocrx_word' id='word_1_224' title='bbox 1582 1901 1650 1926; x_wconf 91' lang='lat' dir='ltr'>ve-</span> 
     </span>
     <span class='ocr_line' id='line_1_27' title="bbox 121 1950 1652 2006; baseline 0.002 -16"><span class='ocrx_word' id='word_1_225' title='bbox 121 1950 233 1991; x_wconf 89' lang='lat' dir='ltr'>nusti</span> <span class='ocrx_word' id='word_1_226' title='bbox 255 1951 394 1992; x_wconf 88' lang='lat' dir='ltr'>vultus</span> <span class='ocrx_word' id='word_1_227' title='bbox 415 1951 612 2006; x_wconf 59' lang='lat' dir='ltr'>praeclara</span> <span class='ocrx_word' id='word_1_228' title='bbox 634 1951 738 1991; x_wconf 85' lang='lat' dir='ltr'>facie</span> <span class='ocrx_word' id='word_1_229' title='bbox 769 1951 913 2002; x_wconf 79' lang='lat' dir='ltr'>eluxit,</span> <span class='ocrx_word' id='word_1_230' title='bbox 937 1957 978 1993; x_wconf 89' lang='lat' dir='ltr'>et</span> <span class='ocrx_word' id='word_1_231' title='bbox 1009 1952 1150 1993; x_wconf 87' lang='lat' dir='ltr'>taliter</span> <span class='ocrx_word' id='word_1_232' title='bbox 1181 1967 1350 1994; x_wconf 84' lang='lat' dir='ltr'>exorsus</span> <span class='ocrx_word' id='word_1_233' title='bbox 1378 1952 1449 2002; x_wconf 89' lang='lat' dir='ltr'>ait,</span> <span class='ocrx_word' id='word_1_234' title='bbox 1476 1957 1500 1974; x_wconf 74' lang='lat'>‘⁶</span> <span class='ocrx_word' id='word_1_235' title='bbox 1521 1951 1565 1993; x_wconf 82' lang='lat' dir='ltr'>Si</span> <span class='ocrx_word' id='word_1_236' title='bbox 1589 1952 1652 1993; x_wconf 90' lang='lat' dir='ltr'>vis</span> 
     </span>
     <span class='ocr_line' id='line_1_28' title="bbox 121 2015 1647 2067; baseline 0.001 -10"><span class='ocrx_word' id='word_1_237' title='bbox 121 2031 221 2057; x_wconf 85' lang='lat' dir='ltr'>sana</span> <span class='ocrx_word' id='word_1_238' title='bbox 244 2015 343 2067; x_wconf 91' lang='lat' dir='ltr'>fieri,</span> <span class='ocrx_word' id='word_1_239' title='bbox 362 2018 483 2058; x_wconf 89' lang='lat' dir='ltr'>mitte</span> <span class='ocrx_word' id='word_1_240' title='bbox 506 2017 560 2058; x_wconf 92' lang='lat' dir='ltr'>ad</span> <span class='ocrx_word' id='word_1_241' title='bbox 582 2017 830 2058; x_wconf 87' lang='lat' dir='ltr'>confratrem</span> <span class='ocrx_word' id='word_1_242' title='bbox 852 2033 990 2059; x_wconf 87' lang='lat' dir='ltr'>meum</span> <span class='ocrx_word' id='word_1_243' title='bbox 1012 2019 1053 2059; x_wconf 90' lang='lat' dir='ltr'>in</span> <span class='ocrx_word' id='word_1_244' title='bbox 1071 2018 1161 2059; x_wconf 90' lang='lat' dir='ltr'>Deo</span> <span class='ocrx_word' id='word_1_245' title='bbox 1177 2018 1379 2060; x_wconf 85' lang='lat' dir='ltr'>Sanctum</span> <span class='ocrx_word' id='word_1_246' title='bbox 1399 2018 1647 2067; x_wconf 65' lang='lat' dir='ltr'>Godricumg</span> 
     </span>
     <span class='ocr_line' id='line_1_29' title="bbox 121 2083 1652 2140; baseline 0.001 -17"><span class='ocrx_word' id='word_1_247' title='bbox 121 2088 161 2123; x_wconf 94' lang='lat' dir='ltr'>et</span> <span class='ocrx_word' id='word_1_248' title='bbox 182 2083 308 2137; x_wconf 89' lang='lat' dir='ltr'>pedes</span> <span class='ocrx_word' id='word_1_249' title='bbox 330 2083 514 2125; x_wconf 89' lang='lat' dir='ltr'>crucifixi</span> <span class='ocrx_word' id='word_1_250' title='bbox 540 2083 649 2138; x_wconf 89' lang='lat' dir='ltr'>quod</span> <span class='ocrx_word' id='word_1_251' title='bbox 671 2089 732 2125; x_wconf 85' lang='lat' dir='ltr'>est</span> <span class='ocrx_word' id='word_1_252' title='bbox 754 2084 796 2124; x_wconf 88' lang='lat' dir='ltr'>in</span> <span class='ocrx_word' id='word_1_253' title='bbox 821 2084 1019 2125; x_wconf 87' lang='lat' dir='ltr'>Finchale</span> <span class='ocrx_word' id='word_1_254' title='bbox 1043 2100 1126 2126; x_wconf 90' lang='lat' dir='ltr'>una</span> <span class='ocrx_word' id='word_1_255' title='bbox 1148 2100 1240 2126; x_wconf 90' lang='lat' dir='ltr'>cum</span> <span class='ocrx_word' id='word_1_256' title='bbox 1263 2085 1502 2140; x_wconf 87' lang='lat' dir='ltr'>capillorum</span> <span class='ocrx_word' id='word_1_257' title='bbox 1525 2085 1652 2139; x_wconf 85' lang='lat' dir='ltr'>ipsius</span> 
     </span>
     <span class='ocr_line' id='line_1_30' title="bbox 119 2149 1652 2206; baseline 0.002 -17"><span class='ocrx_word' id='word_1_258' title='bbox 119 2149 316 2191; x_wconf 86' lang='lat' dir='ltr'>ceterisve</span> <span class='ocrx_word' id='word_1_259' title='bbox 347 2150 398 2191; x_wconf 89' lang='lat' dir='ltr'>de</span> <span class='ocrx_word' id='word_1_260' title='bbox 429 2149 515 2205; x_wconf 84' lang='lat' dir='ltr'>ejus</span> <span class='ocrx_word' id='word_1_261' title='bbox 545 2150 726 2204; x_wconf 88' lang='lat' dir='ltr'>reliquiis</span> <span class='ocrx_word' id='word_1_262' title='bbox 756 2151 1028 2205; x_wconf 87' lang='lat' dir='ltr'>portiunculis</span> <span class='ocrx_word' id='word_1_263' title='bbox 1050 2167 1138 2205; x_wconf 85' lang='lat' dir='ltr'>quae</span> <span class='ocrx_word' id='word_1_264' title='bbox 1165 2152 1220 2192; x_wconf 90' lang='lat' dir='ltr'>ibi</span> <span class='ocrx_word' id='word_1_265' title='bbox 1253 2157 1363 2200; x_wconf 86' lang='lat' dir='ltr'>sunt,</span> <span class='ocrx_word' id='word_1_266' title='bbox 1386 2151 1514 2192; x_wconf 89' lang='lat' dir='ltr'>facin</span> <span class='ocrx_word' id='word_1_267' title='bbox 1535 2152 1652 2206; x_wconf 89' lang='lat' dir='ltr'>aquis</span> 
     </span>
     <span class='ocr_line' id='line_1_31' title="bbox 119 2215 1652 2271; baseline 0.003 -16"><span class='ocrx_word' id='word_1_268' title='bbox 119 2215 243 2265; x_wconf 90' lang='lat' dir='ltr'>ablui,</span> <span class='ocrx_word' id='word_1_269' title='bbox 261 2220 302 2256; x_wconf 91' lang='lat' dir='ltr'>et</span> <span class='ocrx_word' id='word_1_270' title='bbox 323 2217 433 2270; x_wconf 90' lang='lat' dir='ltr'>ipsas</span> <span class='ocrx_word' id='word_1_271' title='bbox 453 2216 530 2257; x_wconf 88' lang='lat' dir='ltr'>tibi</span> <span class='ocrx_word' id='word_1_272' title='bbox 552 2217 756 2271; x_wconf 87' lang='lat' dir='ltr'>potandas</span> <span class='ocrx_word' id='word_1_273' title='bbox 778 2217 913 2265; x_wconf 75' lang='lat' dir='ltr'>afferi3</span> <span class='ocrx_word' id='word_1_274' title='bbox 940 2232 1036 2258; x_wconf 89' lang='lat' dir='ltr'>nam</span> <span class='ocrx_word' id='word_1_275' title='bbox 1058 2218 1166 2259; x_wconf 90' lang='grc'><strong>1111115</strong></span> <span class='ocrx_word' id='word_1_276' title='bbox 1188 2218 1471 2259; x_wconf 86' lang='lat' dir='ltr'>obtinentibus</span> <span class='ocrx_word' id='word_1_277' title='bbox 1491 2218 1652 2259; x_wconf 86' lang='lat' dir='ltr'>meritis</span> 
     </span>
     <span class='ocr_line' id='line_1_32' title="bbox 118 2281 1652 2339; baseline 0.002 -17"><span class='ocrx_word' id='word_1_278' title='bbox 118 2281 289 2336; x_wconf 87' lang='lat' dir='ltr'>adipisci</span> <span class='ocrx_word' id='word_1_279' title='bbox 320 2283 474 2337; x_wconf 87' lang='lat' dir='ltr'>poteris</span> <span class='ocrx_word' id='word_1_280' title='bbox 501 2282 699 2337; x_wconf 87' lang='lat' dir='ltr'>gaudium</span> <span class='ocrx_word' id='word_1_281' title='bbox 722 2283 964 2325; x_wconf 63' lang='lat' dir='ltr'>desideratae</span> <span class='ocrx_word' id='word_1_282' title='bbox 995 2284 1152 2325; x_wconf 87' lang='lat' dir='ltr'>salutis.</span> <span class='ocrx_word' id='word_1_283' title='bbox 1214 2284 1306 2339; x_wconf 90' lang='lat' dir='ltr'>Ego</span> <span class='ocrx_word' id='word_1_284' title='bbox 1328 2285 1437 2325; x_wconf 89' lang='lat' dir='ltr'>enim</span> <span class='ocrx_word' id='word_1_285' title='bbox 1466 2284 1554 2325; x_wconf 79' lang='lat' dir='ltr'>haec</span> <span class='ocrx_word' id='word_1_286' title='bbox 1575 2285 1652 2326; x_wconf 91' lang='lat' dir='ltr'>tibi</span> 
     </span>
     <span class='ocr_line' id='line_1_33' title="bbox 118 2348 1651 2403; baseline 0.002 -15"><span class='ocrx_word' id='word_1_287' title='bbox 118 2348 198 2388; x_wconf 91' lang='lat' dir='ltr'>huc</span> <span class='ocrx_word' id='word_1_288' title='bbox 213 2348 536 2391; x_wconf 75' lang='lat' dir='ltr'>denunciaturus</span> <span class='ocrx_word' id='word_1_289' title='bbox 554 2349 716 2399; x_wconf 85' lang='lat' dir='ltr'>adveni,</span> <span class='ocrx_word' id='word_1_290' title='bbox 741 2349 837 2403; x_wconf 88' lang='lat' dir='ltr'>quia</span> <span class='ocrx_word' id='word_1_291' title='bbox 858 2350 1106 2391; x_wconf 87' lang='lat' dir='ltr'>confratrem</span> <span class='ocrx_word' id='word_1_292' title='bbox 1122 2365 1261 2391; x_wconf 88' lang='lat' dir='ltr'>meum</span> <span class='ocrx_word' id='word_1_293' title='bbox 1282 2351 1324 2391; x_wconf 89' lang='lat' dir='ltr'>in</span> <span class='ocrx_word' id='word_1_294' title='bbox 1341 2351 1432 2391; x_wconf 91' lang='lat' dir='ltr'>Deo</span> <span class='ocrx_word' id='word_1_295' title='bbox 1450 2350 1651 2392; x_wconf 87' lang='lat' dir='ltr'>Sanctum</span> 
     </span>
     <span class='ocr_line' id='line_1_34' title="bbox 120 2414 1650 2472; baseline 0.003 -18"><span class='ocrx_word' id='word_1_296' title='bbox 120 2414 347 2455; x_wconf 80' lang='lat' dir='ltr'>Godricum</span> <span class='ocrx_word' id='word_1_297' title='bbox 363 2415 587 2471; x_wconf 85' lang='lat' dir='ltr'>plurimum</span> <span class='ocrx_word' id='word_1_298' title='bbox 608 2415 650 2455; x_wconf 89' lang='grc'>111</span> <span class='ocrx_word' id='word_1_299' title='bbox 668 2415 900 2458; x_wconf 87' lang='lat' dir='ltr'>coelestibus</span> <span class='ocrx_word' id='word_1_300' title='bbox 919 2431 1057 2457; x_wconf 88' lang='lat' dir='ltr'>coram</span> <span class='ocrx_word' id='word_1_301' title='bbox 1077 2417 1167 2457; x_wconf 88' lang='lat' dir='ltr'>Deo</span> <span class='ocrx_word' id='word_1_302' title='bbox 1189 2417 1279 2458; x_wconf 88' lang='lat' dir='ltr'>aliis</span> <span class='ocrx_word' id='word_1_303' title='bbox 1299 2432 1418 2472; x_wconf 88' lang='lat' dir='ltr'>posse</span> <span class='ocrx_word' id='word_1_304' title='bbox 1435 2417 1650 2459; x_wconf 87' lang='lat' dir='ltr'>subvenire</span> 
     </span>
     <span class='ocr_line' id='line_1_35' title="bbox 118 2480 334 2534; baseline 0.005 -13"><span class='ocrx_word' id='word_1_305' title='bbox 118 2480 334 2534; x_wconf 75' lang='lat' dir='ltr'>cognovi.&#39;&#39;</span> 
     </span>
    </p>

    <p class='ocr_par' dir='ltr' id='par_1_4' title="bbox 117 2546 1652 2867">
     <span class='ocr_line' id='line_1_36' title="bbox 175 2546 1651 2605; baseline 0.002 -18"><span class='ocrx_word' id='word_1_306' title='bbox 175 2547 192 2598; x_wconf 55' lang='grc' dir='ltr'>ᾗ</span> <span class='ocrx_word' id='word_1_307' title='bbox 220 2548 315 2587; x_wconf 81' lang='lat'>602.</span> <span class='ocrx_word' id='word_1_308' title='bbox 350 2546 508 2599; x_wconf 74' lang='lat' dir='ltr'>Quibus</span> <span class='ocrx_word' id='word_1_309' title='bbox 530 2546 651 2588; x_wconf 88' lang='lat' dir='ltr'>dictis</span> <span class='ocrx_word' id='word_1_310' title='bbox 672 2547 866 2596; x_wconf 72' lang='lat' dir='ltr'>evanuit3</span> <span class='ocrx_word' id='word_1_311' title='bbox 902 2548 974 2589; x_wconf 88' lang='lat' dir='ltr'>sed</span> <span class='ocrx_word' id='word_1_312' title='bbox 1004 2550 1218 2590; x_wconf 88' lang='lat' dir='ltr'>mulierem</span> <span class='ocrx_word' id='word_1_313' title='bbox 1250 2549 1366 2605; x_wconf 86' lang='lat' dir='ltr'>cujus</span> <span class='ocrx_word' id='word_1_314' title='bbox 1397 2549 1527 2590; x_wconf 89' lang='lat' dir='ltr'>sancti</span> <span class='ocrx_word' id='word_1_315' title='bbox 1560 2564 1651 2603; x_wconf 90' lang='lat' dir='ltr'>per-</span> 
     </span>
     <span class='ocr_line' id='line_1_37' title="bbox 118 2612 1650 2669; baseline 0.001 -15"><span class='ocrx_word' id='word_1_316' title='bbox 118 2627 218 2654; x_wconf 85' lang='lat' dir='ltr'>sona</span> <span class='ocrx_word' id='word_1_317' title='bbox 249 2612 372 2654; x_wconf 88' lang='lat' dir='ltr'>fuerit</span> <span class='ocrx_word' id='word_1_318' title='bbox 404 2619 636 2668; x_wconf 86' lang='lat' dir='ltr'>suspectam</span> <span class='ocrx_word' id='word_1_319' title='bbox 667 2613 849 2654; x_wconf 87' lang='lat' dir='ltr'>reddidit</span> <span class='ocrx_word' id='word_1_320' title='bbox 879 2614 984 2655; x_wconf 88' lang='lat' dir='ltr'>forte</span> <span class='ocrx_word' id='word_1_321' title='bbox 1005 2614 1194 2669; x_wconf 84' lang='lat' dir='ltr'>lquidem</span> <span class='ocrx_word' id='word_1_322' title='bbox 1217 2614 1473 2657; x_wconf 87' lang='lat' dir='ltr'>venerandus</span> <span class='ocrx_word' id='word_1_323' title='bbox 1496 2615 1650 2656; x_wconf 80' lang='lat' dir='ltr'>Christi</span> 
     </span>
     <span class='ocr_line' id='line_1_38' title="bbox 118 2679 1652 2735; baseline 0.002 -16"><span class='ocrx_word' id='word_1_324' title='bbox 118 2683 279 2734; x_wconf 84' lang='lat' dir='ltr'>martyr</span> <span class='ocrx_word' id='word_1_325' title='bbox 317 2679 494 2721; x_wconf 86' lang='lat' dir='ltr'>Sanctus</span> <span class='ocrx_word' id='word_1_326' title='bbox 528 2680 710 2721; x_wconf 86' lang='lat' dir='ltr'>Thomas</span> <span class='ocrx_word' id='word_1_327' title='bbox 747 2680 922 2731; x_wconf 78' lang='lat' dir='ltr'>exstitIt,</span> <span class='ocrx_word' id='word_1_328' title='bbox 958 2682 1027 2735; x_wconf 88' lang='lat' dir='ltr'>qui</span> <span class='ocrx_word' id='word_1_329' title='bbox 1066 2681 1279 2722; x_wconf 86' lang='lat' dir='ltr'>multoties</span> <span class='ocrx_word' id='word_1_330' title='bbox 1314 2681 1557 2735; x_wconf 81' lang='lat' dir='ltr'>languentes</span> <span class='ocrx_word' id='word_1_331' title='bbox 1597 2681 1652 2722; x_wconf 87' lang='lat' dir='ltr'>ad</span> 
     </span>
     <span class='ocr_line' id='line_1_39' title="bbox 119 2744 1651 2788; baseline 0.002 -3"><span class='ocrx_word' id='word_1_332' title='bbox 119 2744 318 2786; x_wconf 87' lang='lat' dir='ltr'>Sanctum</span> <span class='ocrx_word' id='word_1_333' title='bbox 335 2745 560 2787; x_wconf 79' lang='lat' dir='ltr'>Godricum</span> <span class='ocrx_word' id='word_1_334' title='bbox 582 2746 869 2787; x_wconf 88' lang='lat' dir='ltr'>transmittens</span> <span class='ocrx_word' id='word_1_335' title='bbox 889 2762 982 2788; x_wconf 88' lang='lat' dir='ltr'>eum</span> <span class='ocrx_word' id='word_1_336' title='bbox 1002 2748 1249 2788; x_wconf 79' lang='lat' dir='ltr'>confratrem</span> <span class='ocrx_word' id='word_1_337' title='bbox 1271 2762 1391 2788; x_wconf 87' lang='lat' dir='ltr'>suum</span> <span class='ocrx_word' id='word_1_338' title='bbox 1412 2747 1453 2787; x_wconf 89' lang='lat' dir='ltr'>in</span> <span class='ocrx_word' id='word_1_339' title='bbox 1471 2747 1651 2788; x_wconf 90' lang='lat' dir='ltr'>Domino</span> 
     </span>
     <span class='ocr_line' id='line_1_40' title="bbox 117 2810 1649 2867; baseline 0.002 -16"><span class='ocrx_word' id='word_1_340' title='bbox 117 2810 329 2852; x_wconf 85' lang='lat' dir='ltr'>nominare</span> <span class='ocrx_word' id='word_1_341' title='bbox 361 2813 586 2854; x_wconf 87' lang='lat' dir='ltr'>consuevit.</span> <span class='ocrx_word' id='word_1_342' title='bbox 668 2812 822 2853; x_wconf 90' lang='lat' dir='ltr'>Mulier</span> <span class='ocrx_word' id='word_1_343' title='bbox 852 2813 979 2867; x_wconf 86' lang='lat' dir='ltr'>igitur</span> <span class='ocrx_word' id='word_1_344' title='bbox 1009 2814 1206 2855; x_wconf 88' lang='lat' dir='ltr'>accersito</span> <span class='ocrx_word' id='word_1_345' title='bbox 1244 2813 1330 2855; x_wconf 86' lang='lat' dir='ltr'>viro</span> <span class='ocrx_word' id='word_1_346' title='bbox 1362 2828 1446 2863; x_wconf 88' lang='lat' dir='ltr'>suo,</span> <span class='ocrx_word' id='word_1_347' title='bbox 1482 2829 1530 2854; x_wconf 90' lang='lat' dir='ltr'>ea</span> <span class='ocrx_word' id='word_1_348' title='bbox 1561 2829 1649 2867; x_wconf 79' lang='grc' dir='ltr'><strong>(111εο</strong></span> 
     </span>
    </p>
   </div>
   <div class='ocr_carea' id='block_1_3' title="bbox 574 2895 1109 2940">
    <p class='ocr_par' dir='ltr' id='par_1_5' title="bbox 574 2895 1109 2940">
     <span class='ocr_line' id='line_1_41' title="bbox 574 2895 1109 2940; baseline 0.002 -12"><span class='ocrx_word' id='word_1_349' title='bbox 574 2895 580 2913; x_wconf 86' lang='lat'>¹</span> <span class='ocrx_word' id='word_1_350' title='bbox 612 2895 781 2940; x_wconf 58' lang='lat' dir='ltr'>Quidem]</span> <span class='ocrx_word' id='word_1_351' title='bbox 807 2895 883 2929; x_wconf 82' lang='lat' dir='ltr'>MS.</span> <span class='ocrx_word' id='word_1_352' title='bbox 902 2896 1109 2940; x_wconf 53' lang='lat' dir='ltr'>“quidamff&#39;</span> 
     </span>
    </p>
   </div>
  </div>
 </body>
</html>
