<?xml version="1.0" encoding="UTF-8"?>
<!DOCTYPE html PUBLIC "-//W3C//DTD XHTML 1.0 Transitional//EN"
    "http://www.w3.org/TR/xhtml1/DTD/xhtml1-transitional.dtd">
<html xmlns="http://www.w3.org/1999/xhtml" xml:lang="en" lang="en">
 <head>
  <title>
</title>
<meta http-equiv="Content-Type" content="text/html;charset=utf-8" />
  <meta name='ocr-system' content='tesseract 3.04.00' />
  <meta name='ocr-capabilities' content='ocr_page ocr_carea ocr_par ocr_line ocrx_word'/>
</head>
<body>
  <div class='ocr_page' id='page_1' title='image "./libellusdevitaet00regi/libellusdevitaet00regi_0439.png"; bbox 0 0 1839 3186; ppageno 0'>
   <div class='ocr_carea' id='block_1_1' title="bbox 538 223 1652 273">
    <p class='ocr_par' dir='ltr' id='par_1_1' title="bbox 538 223 1652 273">
     <span class='ocr_line' id='line_1_1' title="bbox 538 223 1652 273; baseline -0.011 1"><span class='ocrx_word' id='word_1_1' title='bbox 538 242 598 273; x_wconf 83' lang='lat' dir='ltr'>ET</span> <span class='ocrx_word' id='word_1_2' title='bbox 633 241 902 273; x_wconf 75' lang='lat' dir='ltr'>MIRAOUffls</span> <span class='ocrx_word' id='word_1_3' title='bbox 938 241 972 273; x_wconf 87' lang='grc'>5.</span> <span class='ocrx_word' id='word_1_4' title='bbox 999 238 1212 272; x_wconf 67' lang='lat' dir='ltr'>comum.</span> <span class='ocrx_word' id='word_1_5' title='bbox 1570 223 1652 264; x_wconf 81' lang='lat'>393</span> 
     </span>
    </p>
   </div>
   <div class='ocr_carea' id='block_1_2' title="bbox 111 338 1651 469">
    <p class='ocr_par' dir='ltr' id='par_1_2' title="bbox 111 338 1651 469">
     <span class='ocr_line' id='line_1_2' title="bbox 111 338 1651 401; baseline -0.006 -14"><span class='ocrx_word' id='word_1_6' title='bbox 111 346 201 401; x_wconf 88' lang='lat' dir='ltr'>ipsa</span> <span class='ocrx_word' id='word_1_7' title='bbox 220 346 441 389; x_wconf 80' lang='lat' dir='ltr'>nativitate</span> <span class='ocrx_word' id='word_1_8' title='bbox 463 361 538 388; x_wconf 85' lang='lat' dir='ltr'>sua</span> <span class='ocrx_word' id='word_1_9' title='bbox 558 348 743 388; x_wconf 88' lang='lat' dir='ltr'>omnium</span> <span class='ocrx_word' id='word_1_10' title='bbox 766 346 1047 387; x_wconf 83' lang='lat' dir='ltr'>membrorum</span> <span class='ocrx_word' id='word_1_11' title='bbox 1070 342 1204 385; x_wconf 88' lang='lat' dir='ltr'>officio</span> <span class='ocrx_word' id='word_1_12' title='bbox 1229 340 1445 390; x_wconf 82' lang='lat' dir='ltr'>destituta,</span> <span class='ocrx_word' id='word_1_13' title='bbox 1470 338 1651 381; x_wconf 84' lang='lat' dir='ltr'>sanitate</span> 
     </span>
     <span class='ocr_line' id='line_1_3' title="bbox 115 412 1076 469; baseline -0.003 -14"><span class='ocrx_word' id='word_1_14' title='bbox 115 418 323 469; x_wconf 83' lang='lat' dir='ltr'>percepta,</span> <span class='ocrx_word' id='word_1_15' title='bbox 350 413 569 455; x_wconf 83' lang='lat' dir='ltr'>incolumis</span> <span class='ocrx_word' id='word_1_16' title='bbox 592 413 795 455; x_wconf 85' lang='lat' dir='ltr'>remeavit</span> <span class='ocrx_word' id='word_1_17' title='bbox 816 412 871 454; x_wconf 84' lang='lat' dir='ltr'>ad</span> <span class='ocrx_word' id='word_1_18' title='bbox 897 412 1076 467; x_wconf 86' lang='lat' dir='ltr'>propria.</span> 
     </span>
    </p>
   </div>
   <div class='ocr_carea' id='block_1_3' title="bbox 637 569 1125 599">
    <p class='ocr_par' dir='ltr' id='par_1_3' title="bbox 637 569 1125 599">
     <span class='ocr_line' id='line_1_4' title="bbox 637 569 1125 599; baseline -0.01 0"><span class='ocrx_word' id='word_1_19' title='bbox 637 574 702 599; x_wconf 88' lang='lat' dir='ltr'>LV.</span> <span class='ocrx_word' id='word_1_20' title='bbox 734 572 786 597; x_wconf 89' lang='lat' dir='ltr'>DE</span> <span class='ocrx_word' id='word_1_21' title='bbox 818 571 923 597; x_wconf 87' lang='lat' dir='ltr'>CAECO</span> <span class='ocrx_word' id='word_1_22' title='bbox 954 569 1125 596; x_wconf 82' lang='lat' dir='ltr'>CURATO.</span> 
     </span>
    </p>
   </div>
   <div class='ocr_carea' id='block_1_4' title="bbox 115 649 1653 849">
    <p class='ocr_par' dir='ltr' id='par_1_4' title="bbox 115 649 1653 849">
     <span class='ocr_line' id='line_1_5' title="bbox 176 649 1653 714; baseline -0.009 -13"><span class='ocrx_word' id='word_1_23' title='bbox 176 660 197 714; x_wconf 63' lang='grc' dir='ltr'>ξ</span> <span class='ocrx_word' id='word_1_24' title='bbox 229 661 325 703; x_wconf 75' lang='lat'>416.</span> <span class='ocrx_word' id='word_1_25' title='bbox 359 660 616 701; x_wconf 79' lang='lat' dir='ltr'>RADULPHUs</span> <span class='ocrx_word' id='word_1_26' title='bbox 642 658 810 713; x_wconf 86' lang='lat' dir='ltr'>quidam</span> <span class='ocrx_word' id='word_1_27' title='bbox 840 656 890 697; x_wconf 85' lang='lat' dir='ltr'>de</span> <span class='ocrx_word' id='word_1_28' title='bbox 919 654 1156 696; x_wconf 83' lang='lat' dir='ltr'>Nedrintun</span> <span class='ocrx_word' id='word_1_29' title='bbox 1180 649 1352 693; x_wconf 84' lang='lat' dir='ltr'>dimidio</span> <span class='ocrx_word' id='word_1_30' title='bbox 1379 664 1488 690; x_wconf 84' lang='lat' dir='ltr'>anno</span> <span class='ocrx_word' id='word_1_31' title='bbox 1510 662 1653 697; x_wconf 85' lang='lat' dir='ltr'>caecus,</span> 
     </span>
     <span class='ocr_line' id='line_1_6' title="bbox 115 715 1652 781; baseline -0.01 -12"><span class='ocrx_word' id='word_1_32' title='bbox 115 732 157 768; x_wconf 88' lang='lat' dir='ltr'>et</span> <span class='ocrx_word' id='word_1_33' title='bbox 179 727 247 781; x_wconf 91' lang='lat' dir='ltr'>qui</span> <span class='ocrx_word' id='word_1_34' title='bbox 269 727 378 777; x_wconf 90' lang='lat' dir='ltr'>illuc,</span> <span class='ocrx_word' id='word_1_35' title='bbox 403 727 484 768; x_wconf 86' lang='lat' dir='ltr'>alio</span> <span class='ocrx_word' id='word_1_36' title='bbox 506 727 697 776; x_wconf 78' lang='lat' dir='ltr'>ducente,</span> <span class='ocrx_word' id='word_1_37' title='bbox 724 725 977 771; x_wconf 79' lang='lat' dir='ltr'>advenerat;</span> <span class='ocrx_word' id='word_1_38' title='bbox 1012 725 1178 776; x_wconf 85' lang='lat' dir='ltr'>recepto</span> <span class='ocrx_word' id='word_1_39' title='bbox 1204 718 1372 767; x_wconf 86' lang='lat' dir='ltr'>lumine,</span> <span class='ocrx_word' id='word_1_40' title='bbox 1399 715 1512 757; x_wconf 86' lang='lat' dir='ltr'>nullo</span> <span class='ocrx_word' id='word_1_41' title='bbox 1534 715 1652 763; x_wconf 87' lang='lat' dir='ltr'>duce,</span> 
     </span>
     <span class='ocr_line' id='line_1_7' title="bbox 118 792 825 849; baseline -0.004 -14"><span class='ocrx_word' id='word_1_42' title='bbox 118 809 190 849; x_wconf 88' lang='lat' dir='ltr'>per</span> <span class='ocrx_word' id='word_1_43' title='bbox 212 809 253 835; x_wconf 90' lang='lat' dir='ltr'>se</span> <span class='ocrx_word' id='word_1_44' title='bbox 276 794 385 835; x_wconf 85' lang='lat' dir='ltr'>solus</span> <span class='ocrx_word' id='word_1_45' title='bbox 407 794 577 835; x_wconf 84' lang='lat' dir='ltr'>domum</span> <span class='ocrx_word' id='word_1_46' title='bbox 597 792 825 835; x_wconf 80' lang='lat' dir='ltr'>remeabat.</span> 
     </span>
    </p>
   </div>
   <div class='ocr_carea' id='block_1_5' title="bbox 483 949 1280 983">
    <p class='ocr_par' dir='ltr' id='par_1_5' title="bbox 483 949 1280 983">
     <span class='ocr_line' id='line_1_8' title="bbox 483 949 1280 983; baseline -0.009 -1"><span class='ocrx_word' id='word_1_47' title='bbox 483 957 565 983; x_wconf 91' lang='lat' dir='ltr'><strong>LVI.</strong></span> <span class='ocrx_word' id='word_1_48' title='bbox 598 956 697 981; x_wconf 88' lang='lat' dir='ltr'>ITEM</span> <span class='ocrx_word' id='word_1_49' title='bbox 730 955 782 980; x_wconf 90' lang='lat' dir='ltr'>DE</span> <span class='ocrx_word' id='word_1_50' title='bbox 813 953 911 980; x_wconf 89' lang='lat' dir='ltr'><strong>ALIA</strong></span> <span class='ocrx_word' id='word_1_51' title='bbox 942 951 1126 978; x_wconf 87' lang='lat' dir='ltr'>MULIERE</span> <span class='ocrx_word' id='word_1_52' title='bbox 1156 949 1280 976; x_wconf 83' lang='lat' dir='ltr'>CAEOA.</span> 
     </span>
    </p>
   </div>
   <div class='ocr_carea' id='block_1_6' title="bbox 120 1032 1659 1160">
    <p class='ocr_par' dir='ltr' id='par_1_6' title="bbox 120 1032 1659 1160">
     <span class='ocr_line' id='line_1_9' title="bbox 181 1032 1659 1092; baseline -0.005 -13"><span class='ocrx_word' id='word_1_53' title='bbox 181 1037 203 1092; x_wconf 57' lang='grc' dir='ltr'><strong><em>ξ</em></strong></span> <span class='ocrx_word' id='word_1_54' title='bbox 240 1036 340 1082; x_wconf 73' lang='lat'>417.</span> <span class='ocrx_word' id='word_1_55' title='bbox 373 1038 487 1079; x_wconf 80' lang='lat' dir='ltr'><strong>ALIA</strong></span> <span class='ocrx_word' id='word_1_56' title='bbox 521 1038 675 1079; x_wconf 85' lang='lat' dir='ltr'>Siwine</span> <span class='ocrx_word' id='word_1_57' title='bbox 709 1037 888 1088; x_wconf 90' lang='lat' dir='ltr'>nomine,</span> <span class='ocrx_word' id='word_1_58' title='bbox 919 1036 970 1078; x_wconf 86' lang='lat' dir='ltr'>de</span> <span class='ocrx_word' id='word_1_59' title='bbox 1006 1036 1105 1078; x_wconf 86' lang='lat' dir='ltr'>villa</span> <span class='ocrx_word' id='word_1_60' title='bbox 1134 1035 1247 1077; x_wconf 84' lang='lat' dir='ltr'>dicta</span> <span class='ocrx_word' id='word_1_61' title='bbox 1279 1032 1529 1083; x_wconf 75' lang='lat' dir='ltr'>Heselclene,</span> <span class='ocrx_word' id='word_1_62' title='bbox 1552 1046 1659 1073; x_wconf 85' lang='lat' dir='ltr'>anno</span> 
     </span>
     <span class='ocr_line' id='line_1_10' title="bbox 120 1104 1087 1160; baseline -0.001 -15"><span class='ocrx_word' id='word_1_63' title='bbox 120 1119 203 1146; x_wconf 92' lang='lat' dir='ltr'>uno</span> <span class='ocrx_word' id='word_1_64' title='bbox 224 1120 345 1154; x_wconf 84' lang='lat' dir='ltr'>caeca,</span> <span class='ocrx_word' id='word_1_65' title='bbox 370 1105 426 1146; x_wconf 85' lang='lat' dir='ltr'>ibi</span> <span class='ocrx_word' id='word_1_66' title='bbox 448 1110 643 1160; x_wconf 85' lang='lat' dir='ltr'>reparato</span> <span class='ocrx_word' id='word_1_67' title='bbox 667 1104 823 1146; x_wconf 88' lang='lat' dir='ltr'>lumine</span> <span class='ocrx_word' id='word_1_68' title='bbox 845 1109 907 1145; x_wconf 89' lang='lat' dir='ltr'>est</span> <span class='ocrx_word' id='word_1_69' title='bbox 927 1108 1087 1144; x_wconf 83' lang='lat' dir='ltr'>curata.</span> 
     </span>
    </p>
   </div>
   <div class='ocr_carea' id='block_1_7' title="bbox 689 1267 1107 1294">
    <p class='ocr_par' dir='ltr' id='par_1_7' title="bbox 689 1267 1107 1294">
     <span class='ocr_line' id='line_1_11' title="bbox 689 1267 1107 1294; baseline -0.005 0"><span class='ocrx_word' id='word_1_70' title='bbox 689 1269 788 1294; x_wconf 90' lang='lat' dir='ltr'><strong>LVII.</strong></span> <span class='ocrx_word' id='word_1_71' title='bbox 825 1268 877 1293; x_wconf 88' lang='lat' dir='ltr'>DE</span> <span class='ocrx_word' id='word_1_72' title='bbox 909 1267 1107 1293; x_wconf 80' lang='lat' dir='ltr'><strong>PODAGRO.</strong></span> 
     </span>
    </p>
   </div>
   <div class='ocr_carea' id='block_1_8' title="bbox 122 1348 1664 1609">
    <p class='ocr_par' dir='ltr' id='par_1_8' title="bbox 122 1348 1664 1609">
     <span class='ocr_line' id='line_1_12' title="bbox 191 1348 1659 1408; baseline -0.004 -14"><span class='ocrx_word' id='word_1_73' title='bbox 191 1353 213 1408; x_wconf 60' lang='grc' dir='ltr'><strong>ἓ</strong></span> <span class='ocrx_word' id='word_1_74' title='bbox 249 1354 348 1394; x_wconf 78' lang='lat'>418.</span> <span class='ocrx_word' id='word_1_75' title='bbox 382 1351 470 1393; x_wconf 84' lang='lat' dir='ltr'>VIR</span> <span class='ocrx_word' id='word_1_76' title='bbox 512 1352 682 1408; x_wconf 81' lang='lat' dir='ltr'>quidam</span> <span class='ocrx_word' id='word_1_77' title='bbox 721 1351 772 1393; x_wconf 79' lang='lat' dir='ltr'>(le</span> <span class='ocrx_word' id='word_1_78' title='bbox 810 1351 1088 1402; x_wconf 74' lang='lat' dir='ltr'>³Lechesbiri,</span> <span class='ocrx_word' id='word_1_79' title='bbox 1133 1348 1374 1405; x_wconf 87' lang='lat' dir='ltr'>ngrimus</span> <span class='ocrx_word' id='word_1_80' title='bbox 1409 1349 1659 1398; x_wconf 82' lang='lat' dir='ltr'>nominatus,</span> 
     </span>
     <span class='ocr_line' id='line_1_13' title="bbox 125 1415 1663 1475; baseline -0.004 -14"><span class='ocrx_word' id='word_1_81' title='bbox 125 1418 287 1461; x_wconf 85' lang='lat' dir='ltr'>duobus</span> <span class='ocrx_word' id='word_1_82' title='bbox 305 1419 477 1475; x_wconf 78' lang='lat' dir='ltr'>integris</span> <span class='ocrx_word' id='word_1_83' title='bbox 492 1420 611 1462; x_wconf 83' lang='lat' dir='ltr'>annis</span> <span class='ocrx_word' id='word_1_84' title='bbox 629 1420 811 1461; x_wconf 85' lang='lat' dir='ltr'>incessus</span> <span class='ocrx_word' id='word_1_85' title='bbox 828 1419 982 1474; x_wconf 86' lang='lat' dir='ltr'>pedum</span> <span class='ocrx_word' id='word_1_86' title='bbox 999 1418 1218 1466; x_wconf 78' lang='lat' dir='ltr'>amiserat3</span> <span class='ocrx_word' id='word_1_87' title='bbox 1245 1431 1420 1471; x_wconf 85' lang='lat' dir='ltr'>quorum</span> <span class='ocrx_word' id='word_1_88' title='bbox 1440 1415 1663 1457; x_wconf 88' lang='lat' dir='ltr'>sanitatem</span> 
     </span>
     <span class='ocr_line' id='line_1_14' title="bbox 123 1481 1664 1543; baseline -0.003 -15"><span class='ocrx_word' id='word_1_89' title='bbox 123 1486 366 1543; x_wconf 82' lang='lat' dir='ltr'>percipiens,</span> <span class='ocrx_word' id='word_1_90' title='bbox 400 1487 569 1528; x_wconf 82' lang='lat' dir='ltr'>domum</span> <span class='ocrx_word' id='word_1_91' title='bbox 610 1501 749 1542; x_wconf 85' lang='lat' dir='ltr'>sospes</span> <span class='ocrx_word' id='word_1_92' title='bbox 785 1491 1011 1536; x_wconf 85' lang='lat' dir='ltr'>revertens,</span> <span class='ocrx_word' id='word_1_93' title='bbox 1052 1485 1283 1526; x_wconf 85' lang='lat' dir='ltr'>Dominum</span> <span class='ocrx_word' id='word_1_94' title='bbox 1319 1483 1362 1524; x_wconf 92' lang='grc'>111</span> <span class='ocrx_word' id='word_1_95' title='bbox 1393 1483 1546 1525; x_wconf 86' lang='lat' dir='ltr'>sanctis</span> <span class='ocrx_word' id='word_1_96' title='bbox 1569 1481 1664 1523; x_wconf 85' lang='lat' dir='ltr'>Suis</span> 
     </span>
     <span class='ocr_line' id='line_1_15' title="bbox 122 1553 657 1609; baseline -0.002 -13"><span class='ocrx_word' id='word_1_97' title='bbox 122 1553 361 1596; x_wconf 85' lang='lat' dir='ltr'>mirabilem</span> <span class='ocrx_word' id='word_1_98' title='bbox 382 1553 657 1609; x_wconf 82' lang='lat' dir='ltr'>glorificabat.</span> 
     </span>
    </p>
   </div>
   <div class='ocr_carea' id='block_1_9' title="bbox 595 1718 1181 1745">
    <p class='ocr_par' dir='ltr' id='par_1_9' title="bbox 595 1718 1181 1745">
     <span class='ocr_line' id='line_1_16' title="bbox 595 1718 1181 1745; baseline -0.002 -1"><span class='ocrx_word' id='word_1_99' title='bbox 595 1719 713 1745; x_wconf 81' lang='lat' dir='ltr'><strong>LVIII.</strong></span> <span class='ocrx_word' id='word_1_100' title='bbox 749 1719 801 1743; x_wconf 90' lang='lat' dir='ltr'>DE</span> <span class='ocrx_word' id='word_1_101' title='bbox 831 1719 984 1744; x_wconf 81' lang='lat' dir='ltr'>CAP1T1s</span> <span class='ocrx_word' id='word_1_102' title='bbox 1015 1718 1181 1744; x_wconf 85' lang='lat' dir='ltr'>DOLORE.</span> 
     </span>
    </p>
   </div>
   <div class='ocr_carea' id='block_1_10' title="bbox 127 1800 1668 2059">
    <p class='ocr_par' dir='ltr' id='par_1_10' title="bbox 127 1800 1668 2059">
     <span class='ocr_line' id='line_1_17' title="bbox 187 1800 1666 1859; baseline -0.003 -15"><span class='ocrx_word' id='word_1_103' title='bbox 187 1804 209 1859; x_wconf 61' lang='grc' dir='ltr'>ξ</span> <span class='ocrx_word' id='word_1_104' title='bbox 241 1805 341 1846; x_wconf 78' lang='lat'>419.</span> <span class='ocrx_word' id='word_1_105' title='bbox 375 1803 561 1854; x_wconf 82' lang='lat' dir='ltr'>MULIER,</span> <span class='ocrx_word' id='word_1_106' title='bbox 579 1802 771 1844; x_wconf 84' lang='lat' dir='ltr'>Wimarc</span> <span class='ocrx_word' id='word_1_107' title='bbox 792 1807 954 1853; x_wconf 86' lang='lat' dir='ltr'>vocata,</span> <span class='ocrx_word' id='word_1_108' title='bbox 974 1801 1025 1843; x_wconf 86' lang='lat' dir='ltr'>de</span> <span class='ocrx_word' id='word_1_109' title='bbox 1042 1802 1141 1844; x_wconf 89' lang='lat' dir='ltr'>villa</span> <span class='ocrx_word' id='word_1_110' title='bbox 1162 1800 1358 1843; x_wconf 62' lang='lat' dir='ltr'>‘²Alclent</span> <span class='ocrx_word' id='word_1_111' title='bbox 1381 1814 1470 1855; x_wconf 80' lang='lat' dir='ltr'>quae</span> <span class='ocrx_word' id='word_1_112' title='bbox 1491 1803 1666 1841; x_wconf 84' lang='lat' dir='ltr'>vocatur</span> 
     </span>
     <span class='ocr_line' id='line_1_18' title="bbox 130 1865 1667 1924; baseline -0.003 -12"><span class='ocrx_word' id='word_1_113' title='bbox 130 1870 294 1912; x_wconf 81' lang='lat' dir='ltr'>Sanctae</span> <span class='ocrx_word' id='word_1_114' title='bbox 317 1869 492 1911; x_wconf 86' lang='lat' dir='ltr'>Helenae</span> <span class='ocrx_word' id='word_1_115' title='bbox 517 1869 704 1920; x_wconf 88' lang='lat' dir='ltr'>oriunda,</span> <span class='ocrx_word' id='word_1_116' title='bbox 728 1884 781 1910; x_wconf 83' lang='lat' dir='ltr'>ex</span> <span class='ocrx_word' id='word_1_117' title='bbox 803 1869 943 1910; x_wconf 85' lang='lat' dir='ltr'>dolore</span> <span class='ocrx_word' id='word_1_118' title='bbox 967 1869 1163 1910; x_wconf 85' lang='lat' dir='ltr'>continuo</span> <span class='ocrx_word' id='word_1_119' title='bbox 1191 1868 1340 1923; x_wconf 84' lang='lat' dir='ltr'>capitis</span> <span class='ocrx_word' id='word_1_120' title='bbox 1360 1873 1402 1909; x_wconf 91' lang='lat' dir='ltr'>et</span> <span class='ocrx_word' id='word_1_121' title='bbox 1418 1865 1531 1924; x_wconf 83' lang='lat' dir='ltr'>jugis</span> <span class='ocrx_word' id='word_1_122' title='bbox 1552 1866 1667 1907; x_wconf 87' lang='lat' dir='ltr'>caeci-</span> 
     </span>
     <span class='ocr_line' id='line_1_19' title="bbox 128 1933 1668 1992; baseline -0.004 -13"><span class='ocrx_word' id='word_1_123' title='bbox 128 1937 243 1988; x_wconf 76' lang='lat' dir='ltr'>tatis,</span> <span class='ocrx_word' id='word_1_124' title='bbox 267 1937 415 1992; x_wconf 87' lang='lat' dir='ltr'>quibus</span> <span class='ocrx_word' id='word_1_125' title='bbox 438 1952 512 1992; x_wconf 87' lang='lat' dir='ltr'>per</span> <span class='ocrx_word' id='word_1_126' title='bbox 533 1941 667 1978; x_wconf 86' lang='lat' dir='ltr'>totam</span> <span class='ocrx_word' id='word_1_127' title='bbox 688 1936 784 1978; x_wconf 76' lang='lat' dir='ltr'>vitae</span> <span class='ocrx_word' id='word_1_128' title='bbox 806 1951 888 1978; x_wconf 85' lang='lat' dir='ltr'>suae</span> <span class='ocrx_word' id='word_1_129' title='bbox 911 1941 1083 1978; x_wconf 86' lang='lat' dir='ltr'>aetatem</span> <span class='ocrx_word' id='word_1_130' title='bbox 1106 1935 1262 1978; x_wconf 83' lang='lat' dir='ltr'>diutius</span> <span class='ocrx_word' id='word_1_131' title='bbox 1283 1939 1325 1977; x_wconf 91' lang='lat' dir='ltr'>et</span> <span class='ocrx_word' id='word_1_132' title='bbox 1348 1934 1484 1977; x_wconf 83' lang='lat' dir='ltr'>acrius</span> <span class='ocrx_word' id='word_1_133' title='bbox 1507 1933 1668 1974; x_wconf 86' lang='lat' dir='ltr'>labora-</span> 
     </span>
     <span class='ocr_line' id='line_1_20' title="bbox 127 2003 834 2059; baseline -0.004 -12"><span class='ocrx_word' id='word_1_134' title='bbox 127 2009 258 2055; x_wconf 81' lang='lat' dir='ltr'>verat,</span> <span class='ocrx_word' id='word_1_135' title='bbox 284 2004 340 2045; x_wconf 84' lang='lat' dir='ltr'>ibi</span> <span class='ocrx_word' id='word_1_136' title='bbox 362 2004 538 2046; x_wconf 84' lang='lat' dir='ltr'>salutem</span> <span class='ocrx_word' id='word_1_137' title='bbox 559 2003 834 2059; x_wconf 84' lang='lat' dir='ltr'>recuperavit.</span> 
     </span>
    </p>
   </div>
   <div class='ocr_carea' id='block_1_11' title="bbox 217 2165 1571 2196">
    <p class='ocr_par' dir='ltr' id='par_1_11' title="bbox 217 2165 1571 2196">
     <span class='ocr_line' id='line_1_21' title="bbox 217 2165 1571 2196; baseline -0.002 -3"><span class='ocrx_word' id='word_1_138' title='bbox 217 2167 300 2193; x_wconf 89' lang='lat' dir='ltr'>LIX.</span> <span class='ocrx_word' id='word_1_139' title='bbox 332 2167 384 2193; x_wconf 90' lang='lat' dir='ltr'>DE</span> <span class='ocrx_word' id='word_1_140' title='bbox 414 2167 530 2193; x_wconf 92' lang='lat' dir='ltr'><strong>MUTA</strong></span> <span class='ocrx_word' id='word_1_141' title='bbox 563 2167 773 2196; x_wconf 77' lang='lat' dir='ltr'>LOQUENTE</span> <span class='ocrx_word' id='word_1_142' title='bbox 803 2167 853 2192; x_wconf 88' lang='lat' dir='ltr'>ET</span> <span class='ocrx_word' id='word_1_143' title='bbox 884 2167 910 2192; x_wconf 91' lang='lat' dir='ltr'>A</span> <span class='ocrx_word' id='word_1_144' title='bbox 942 2166 1079 2192; x_wconf 88' lang='lat' dir='ltr'>FLUXU</span> <span class='ocrx_word' id='word_1_145' title='bbox 1111 2166 1328 2192; x_wconf 83' lang='lat' dir='ltr'>SANGUINIS</span> <span class='ocrx_word' id='word_1_146' title='bbox 1358 2165 1571 2191; x_wconf 85' lang='lat' dir='ltr'>LIBERATA.</span> 
     </span>
    </p>
   </div>
   <div class='ocr_carea' id='block_1_12' title="bbox 130 2250 1669 2440">
    <p class='ocr_par' dir='ltr' id='par_1_12' title="bbox 130 2250 1669 2440">
     <span class='ocr_line' id='line_1_22' title="bbox 188 2250 1666 2307; baseline -0.001 -15"><span class='ocrx_word' id='word_1_147' title='bbox 188 2252 211 2307; x_wconf 56' lang='grc' dir='ltr'><strong>ἓ</strong></span> <span class='ocrx_word' id='word_1_148' title='bbox 247 2253 345 2293; x_wconf 76' lang='lat'>420.</span> <span class='ocrx_word' id='word_1_149' title='bbox 379 2252 492 2292; x_wconf 74' lang='lat' dir='ltr'><strong>ALIA</strong></span> <span class='ocrx_word' id='word_1_150' title='bbox 523 2251 574 2292; x_wconf 79' lang='lat' dir='ltr'>(le</span> <span class='ocrx_word' id='word_1_151' title='bbox 607 2251 727 2293; x_wconf 91' lang='lat' dir='ltr'>Novo</span> <span class='ocrx_word' id='word_1_152' title='bbox 761 2251 958 2300; x_wconf 81' lang='lat' dir='ltr'>Castello,</span> <span class='ocrx_word' id='word_1_153' title='bbox 989 2250 1191 2292; x_wconf 82' lang='lat' dir='ltr'>Bothilda</span> <span class='ocrx_word' id='word_1_154' title='bbox 1216 2250 1431 2300; x_wconf 84' lang='lat' dir='ltr'>vocabule,</span> <span class='ocrx_word' id='word_1_155' title='bbox 1460 2250 1666 2304; x_wconf 85' lang='lat' dir='ltr'>loquelam</span> 
     </span>
     <span class='ocr_line' id='line_1_23' title="bbox 132 2316 1669 2373; baseline -0.001 -14"><span class='ocrx_word' id='word_1_156' title='bbox 132 2318 292 2360; x_wconf 87' lang='lat' dir='ltr'>diutino</span> <span class='ocrx_word' id='word_1_157' title='bbox 324 2323 511 2373; x_wconf 86' lang='lat' dir='ltr'>tempore</span> <span class='ocrx_word' id='word_1_158' title='bbox 540 2318 735 2360; x_wconf 84' lang='lat' dir='ltr'>amissam</span> <span class='ocrx_word' id='word_1_159' title='bbox 767 2318 823 2359; x_wconf 89' lang='lat' dir='ltr'>ibi</span> <span class='ocrx_word' id='word_1_160' title='bbox 856 2318 1038 2373; x_wconf 82' lang='lat' dir='ltr'>recepit3</span> <span class='ocrx_word' id='word_1_161' title='bbox 1076 2322 1117 2359; x_wconf 91' lang='lat' dir='ltr'>et</span> <span class='ocrx_word' id='word_1_162' title='bbox 1141 2333 1167 2358; x_wconf 82' lang='lat' dir='ltr'>a</span> <span class='ocrx_word' id='word_1_163' title='bbox 1188 2316 1303 2358; x_wconf 83' lang='lat' dir='ltr'>fluxu</span> <span class='ocrx_word' id='word_1_164' title='bbox 1325 2316 1536 2372; x_wconf 80' lang='lat' dir='ltr'>sanguinis</span> <span class='ocrx_word' id='word_1_165' title='bbox 1559 2317 1669 2359; x_wconf 86' lang='lat' dir='ltr'>simi-</span> 
     </span>
     <span class='ocr_line' id='line_1_24' title="bbox 130 2383 1466 2440; baseline -0.001 -14"><span class='ocrx_word' id='word_1_166' title='bbox 130 2385 237 2436; x_wconf 87' lang='lat' dir='ltr'>liter,</span> <span class='ocrx_word' id='word_1_167' title='bbox 260 2385 302 2426; x_wconf 90' lang='lat' dir='ltr'>in</span> <span class='ocrx_word' id='word_1_168' title='bbox 324 2400 404 2440; x_wconf 86' lang='lat' dir='ltr'>quo</span> <span class='ocrx_word' id='word_1_169' title='bbox 426 2385 582 2427; x_wconf 86' lang='lat' dir='ltr'>diutius</span> <span class='ocrx_word' id='word_1_170' title='bbox 601 2385 793 2427; x_wconf 85' lang='lat' dir='ltr'>laborans</span> <span class='ocrx_word' id='word_1_171' title='bbox 817 2385 1047 2440; x_wconf 69' lang='lat' dir='ltr'>aegrotavit,</span> <span class='ocrx_word' id='word_1_172' title='bbox 1070 2384 1203 2426; x_wconf 83' lang='lat' dir='ltr'>curari</span> <span class='ocrx_word' id='word_1_173' title='bbox 1225 2383 1466 2440; x_wconf 88' lang='lat' dir='ltr'>promeruit.</span> 
     </span>
    </p>
   </div>
   <div class='ocr_carea' id='block_1_13' title="bbox 662 2530 1126 2587">
    <p class='ocr_par' dir='ltr' id='par_1_13' title="bbox 662 2530 1126 2587">
     <span class='ocr_line' id='line_1_25' title="bbox 662 2530 1126 2587; baseline -0.002 -14"><span class='ocrx_word' id='word_1_174' title='bbox 662 2530 736 2587; x_wconf 88' lang='lat' dir='ltr'>[DE</span> <span class='ocrx_word' id='word_1_175' title='bbox 767 2547 900 2573; x_wconf 77' lang='lat' dir='ltr'><strong>GUTTA</strong></span> <span class='ocrx_word' id='word_1_176' title='bbox 931 2530 1126 2587; x_wconf 83' lang='lat' dir='ltr'><strong>CURATA.]</strong></span> 
     </span>
    </p>
   </div>
   <div class='ocr_carea' id='block_1_14' title="bbox 136 2629 1671 2755">
    <p class='ocr_par' dir='ltr' id='par_1_14' title="bbox 136 2629 1671 2755">
     <span class='ocr_line' id='line_1_26' title="bbox 204 2629 1670 2688; baseline -0.003 -13"><span class='ocrx_word' id='word_1_177' title='bbox 204 2633 226 2688; x_wconf 55' lang='grc' dir='ltr'>ξ</span> <span class='ocrx_word' id='word_1_178' title='bbox 258 2635 356 2675; x_wconf 76' lang='lat'>421.</span> <span class='ocrx_word' id='word_1_179' title='bbox 392 2633 608 2674; x_wconf 80' lang='lat' dir='ltr'><strong>MATRONA</strong></span> <span class='ocrx_word' id='word_1_180' title='bbox 646 2629 697 2672; x_wconf 84' lang='lat' dir='ltr'>de</span> <span class='ocrx_word' id='word_1_181' title='bbox 733 2629 1051 2681; x_wconf 81' lang='lat' dir='ltr'>³Hurdevvrde,</span> <span class='ocrx_word' id='word_1_182' title='bbox 1093 2630 1280 2671; x_wconf 86' lang='lat' dir='ltr'>Brictiva</span> <span class='ocrx_word' id='word_1_183' title='bbox 1318 2629 1444 2680; x_wconf 84' lang='lat' dir='ltr'>dicta,</span> <span class='ocrx_word' id='word_1_184' title='bbox 1484 2645 1509 2670; x_wconf 88' lang='lat' dir='ltr'>a</span> <span class='ocrx_word' id='word_1_185' title='bbox 1547 2633 1670 2684; x_wconf 84' lang='lat' dir='ltr'>gutta</span> 
     </span>
     <span class='ocr_line' id='line_1_27' title="bbox 136 2696 1671 2755; baseline -0.004 -13"><span class='ocrx_word' id='word_1_186' title='bbox 136 2700 295 2743; x_wconf 84' lang='lat' dir='ltr'>volatili</span> <span class='ocrx_word' id='word_1_187' title='bbox 317 2705 441 2754; x_wconf 85' lang='lat' dir='ltr'>atque</span> <span class='ocrx_word' id='word_1_188' title='bbox 462 2715 535 2755; x_wconf 84' lang='lat' dir='ltr'>per</span> <span class='ocrx_word' id='word_1_189' title='bbox 552 2697 691 2740; x_wconf 88' lang='lat' dir='ltr'>omnia</span> <span class='ocrx_word' id='word_1_190' title='bbox 709 2698 897 2739; x_wconf 86' lang='lat' dir='ltr'>membra</span> <span class='ocrx_word' id='word_1_191' title='bbox 917 2697 1106 2748; x_wconf 84' lang='lat' dir='ltr'>erratica,</span> <span class='ocrx_word' id='word_1_192' title='bbox 1125 2697 1195 2738; x_wconf 91' lang='lat' dir='ltr'>illo</span> <span class='ocrx_word' id='word_1_193' title='bbox 1215 2696 1382 2739; x_wconf 87' lang='lat' dir='ltr'>veniens</span> <span class='ocrx_word' id='word_1_194' title='bbox 1400 2701 1461 2738; x_wconf 86' lang='lat' dir='ltr'>est</span> <span class='ocrx_word' id='word_1_195' title='bbox 1483 2696 1671 2737; x_wconf 87' lang='lat' dir='ltr'>liberata.</span> 
     </span>
    </p>
   </div>
   <div class='ocr_carea' id='block_1_15' title="bbox 180 2817 1669 2912">
    <p class='ocr_par' dir='ltr' id='par_1_15' title="bbox 180 2817 1669 2912">
     <span class='ocr_line' id='line_1_28' title="bbox 182 2817 1464 2865; baseline -0.002 -11"><span class='ocrx_word' id='word_1_196' title='bbox 182 2819 191 2839; x_wconf 93' lang='lat'>¹</span> <span class='ocrx_word' id='word_1_197' title='bbox 214 2819 425 2865; x_wconf 63' lang='lat' dir='ltr'>Leclzesbiri]</span> <span class='ocrx_word' id='word_1_198' title='bbox 450 2819 599 2864; x_wconf 82' lang='lat' dir='ltr'>Perhaps</span> <span class='ocrx_word' id='word_1_199' title='bbox 617 2818 782 2864; x_wconf 80' lang='lat' dir='ltr'>Lesbury,</span> <span class='ocrx_word' id='word_1_200' title='bbox 799 2830 879 2852; x_wconf 80' lang='lat' dir='ltr'>near</span> <span class='ocrx_word' id='word_1_201' title='bbox 896 2818 1065 2862; x_wconf 81' lang='lat' dir='ltr'>Alnwick,</span> <span class='ocrx_word' id='word_1_202' title='bbox 1084 2818 1117 2851; x_wconf 84' lang='lat' dir='ltr'>in</span> <span class='ocrx_word' id='word_1_203' title='bbox 1138 2817 1464 2852; x_wconf 79' lang='lat' dir='ltr'>Nortlmmberland.</span> 
     </span>
     <span class='ocr_line' id='line_1_29' title="bbox 180 2864 1669 2912; baseline -0.001 -13"><span class='ocrx_word' id='word_1_204' title='bbox 180 2869 193 2888; x_wconf 83' lang='lat'><strong>2</strong></span> <span class='ocrx_word' id='word_1_205' title='bbox 210 2866 344 2901; x_wconf 80' lang='lat' dir='ltr'>Alelent</span> <span class='ocrx_word' id='word_1_206' title='bbox 361 2894 367 2901; x_wconf 88' lang='lat'><em>.</em></span> <span class='ocrx_word' id='word_1_207' title='bbox 390 2893 396 2900; x_wconf 91' lang='lat'><strong>.</strong></span> <span class='ocrx_word' id='word_1_208' title='bbox 415 2894 422 2901; x_wconf 91' lang='lat'>.</span> <span class='ocrx_word' id='word_1_209' title='bbox 443 2866 476 2901; x_wconf 84' lang='lat' dir='ltr'>S.</span> <span class='ocrx_word' id='word_1_210' title='bbox 499 2864 662 2912; x_wconf 67' lang='lat' dir='ltr'>Hetenoe]</span> <span class='ocrx_word' id='word_1_211' title='bbox 690 2866 739 2899; x_wconf 81' lang='lat' dir='ltr'>St.</span> <span class='ocrx_word' id='word_1_212' title='bbox 760 2865 901 2899; x_wconf 78' lang='lat' dir='ltr'>Hclcn&#39;s</span> <span class='ocrx_word' id='word_1_213' title='bbox 920 2864 1114 2908; x_wconf 80' lang='lat' dir='ltr'>Auckland,</span> <span class='ocrx_word' id='word_1_214' title='bbox 1139 2870 1197 2897; x_wconf 88' lang='lat' dir='ltr'>not</span> <span class='ocrx_word' id='word_1_215' title='bbox 1218 2864 1268 2897; x_wconf 82' lang='lat' dir='ltr'>far</span> <span class='ocrx_word' id='word_1_216' title='bbox 1288 2865 1374 2898; x_wconf 78' lang='lat' dir='ltr'>from</span> <span class='ocrx_word' id='word_1_217' title='bbox 1401 2865 1531 2910; x_wconf 78' lang='lat' dir='ltr'>Bishop</span> <span class='ocrx_word' id='word_1_218' title='bbox 1550 2864 1669 2898; x_wconf 82' lang='lat' dir='ltr'>Auck-</span> 
     </span>
    </p>
   </div>
   <div class='ocr_carea' id='block_1_16' title="bbox 137 2912 818 3005">
    <p class='ocr_par' dir='ltr' id='par_1_16' title="bbox 137 2912 818 3005">
     <span class='ocr_line' id='line_1_30' title="bbox 137 2912 818 3005; baseline 0.003 -14"><span class='ocrx_word' id='word_1_219' title='bbox 137 2912 464 3005; x_wconf 41' lang='lat' dir='ltr'>lalgdfimdevvrda]</span> <span class='ocrx_word' id='word_1_220' title='bbox 492 2959 582 2993; x_wconf 88' lang='lat' dir='ltr'>Now</span> <span class='ocrx_word' id='word_1_221' title='bbox 602 2958 818 2993; x_wconf 84' lang='lat' dir='ltr'>Hurworthc.</span> 
     </span>
    </p>
   </div>
  </div>
 </body>
</html>
