1839 3186
531 222 589 253 ΕΤ
624 222 889 254 MIRACULIs
926 222 961 253 s.
986 220 1205 253 conarer.
1550 206 1634 251 237

99 341 411 381 progressurus,
447 329 571 379 atque
596 325 638 365 in
656 325 853 366 extremis
874 324 1023 366 finibus
1046 323 1301 378 aliquamdiu
1322 322 1562 378 peregrinus
1591 327 1632 364 et

99 392 260 434 advena
291 391 512 440 exsulabit,
551 406 760 445 quousque
792 395 955 445 tempus
987 390 1246 445 poenitentiae
1279 388 1356 430 sibi
1391 389 1632 430 institutum

99 458 216 512 plene
252 458 450 513 exegerit.
521 457 753 498 Novissime
787 472 883 499 vero
911 457 1095 497 omnium
1119 456 1160 496 in
1185 460 1296 496 terra
1320 455 1568 510 Anglornm,
1592 456 1634 496 in

99 524 272 579 propriee
304 523 411 565 sedis
444 523 652 565 rediturus
684 523 761 564 erit
795 522 1225 577 archiepiscopatum;
1264 520 1387 562 altior
1418 521 1633 576 dignitatis

99 589 215 644 apice
237 594 279 630 et
302 589 538 631 1sublimior
562 588 812 639 efficiendus,
840 604 964 643 quam
986 604 1034 629 ea
1057 589 1122 629 die
1150 587 1274 629 fuerit
1296 602 1377 641 qua
1402 587 1453 628 de
1475 587 1634 642 Anglo-

100 669 191 697 rum
237 656 314 697 erit
355 655 505 697 finibus
542 656 819 697 exsulaturus.
893 655 1052 709 Nempe
1091 654 1159 695 ille
1200 653 1547 708 archiepiscopus,
1591 658 1632 694 et

100 721 364 763 2Scott0rum
386 737 460 763 rex
485 722 746 772 Malcolmus,
771 722 853 763 duo
874 721 1089 762 hominum
1112 720 1268 761 divitiis
1289 719 1632 774 praepollentium,

100 803 125 829 a
160 788 383 843 primordio
415 788 587 843 Alpium
623 803 752 842 usque
788 787 830 828 in
862 792 1071 829 extremos
1107 785 1208 828 fines
1243 786 1359 841 regni
1393 785 1635 827 Scottorum

100 859 197 895 sunt
225 855 291 908 qui
330 854 420 895 Deo
454 854 705 909 acceptiores
734 854 954 905 exsistunt,
991 858 1033 894 et
1066 852 1330 908 gratiosiores
1360 852 1489 893 futuri
1523 857 1634 893 sunt.

101 920 164 961 At
199 926 340 961 tamen
376 936 451 961 rex
486 920 734 962 Malcolmus
757 920 937 961 ³coelitus
967 925 1028 961 est
1061 919 1218 974 praemii
1253 919 1315 960 sui
1337 917 1578 959 4denarium
1609 933 1635 959 a

103 986 283 1027 Domino
315 992 594 1041 percepturus.
659 986 717 1028 Et
750 992 795 1027 ut
826 986 863 1027 ei
898 986 979 1027 ista
1015 985 1180 1035 dixeris,
1217 999 1356 1039 quaeso
1386 989 1433 1025 ut
1472 984 1634 1025 absolu-

101 1053 257 1093 tionem
274 1051 360 1108 ejus
375 1053 476 1093 mihi
497 1068 548 1093 ex
562 1052 752 1093 omnibus
766 1052 947 1107 peccatis
961 1052 1063 1093 meis
1080 1051 1337 1105 acquisitam,
1357 1056 1398 1091 et
1411 1050 1634 1105 transcrip-

101 1124 189 1160 tam
211 1134 258 1159 ac
289 1119 655 1160 transmittendam
677 1118 779 1159 mihi
802 1118 854 1159 ab
878 1133 924 1159 eo
953 1133 1026 1172 per
1047 1117 1225 1171 aliquem
1246 1117 1498 1172 pe1¹quiras.”
1560 1116 1635 1157 Ad

102 1200 191 1239 quae
213 1185 341 1226 frater
361 1185 442 1234 ille,
478 1190 502 1208 ‘⁶
521 1185 697 1235 Domne,
722 1184 776 1226 ad
797 1184 896 1238 quid
917 1184 978 1225 vis
1007 1182 1094 1239 ejus
1125 1183 1426 1224 absolutionem
1457 1182 1634 1237 exigere,

103 1266 197 1292 cum
219 1256 380 1292 constet
401 1256 443 1292 te
467 1251 518 1292 de
540 1249 627 1306 ejus
651 1266 774 1306 grege
796 1266 878 1291 non
901 1265 988 1292 esse
1004 1251 1043 1291 3⁵⁹
1095 1249 1255 1302 Quibus
1278 1248 1339 1290 vir
1362 1248 1455 1298 Dei,
1483 1253 1508 1271 ‘⁶
1527 1248 1637 1290 Novi

104 1333 195 1359 eam
216 1317 316 1358 mihi
337 1317 609 1372 profuturam,
634 1322 675 1358 et
698 1317 790 1358 ideo
813 1332 905 1358 eam
922 1316 1022 1358 mihi
1040 1316 1205 1371 postulo
1227 1315 1636 1356 transmsttendamf'

105 1384 431 1439 Obstupefactus
470 1384 537 1425 ille
570 1383 794 1439 plurimum
831 1383 953 1438 coepit
989 1382 1186 1423 admirari
1219 1381 1262 1422 in
1302 1381 1506 1431 omnibus,
1542 1382 1639 1435 quia

105 1450 283 1491 Sanctus
298 1450 479 1491 Thomas
493 1450 629 1491 adhuc
648 1455 748 1491 tunc
768 1449 966 1504 temporis
986 1464 1117 1504 nuper
1139 1453 1302 1489 creatus
1326 1453 1414 1489 erat
1436 1448 1637 1502 archiepi-

105 1532 265 1571 scopus,
299 1522 340 1558 et
371 1517 508 1558 adhuc
536 1516 764 1558 secundum
793 1516 1088 1557 aestimationes
1109 1515 1323 1555 hominum
1345 1514 1452 1569 regis
1475 1515 1638 1556 vultum

104 1588 372 1624 consueverat
407 1583 559 1624 habere
601 1581 877 1638 5propitium;
922 1582 1019 1624 licet
1056 1580 1143 1637 ejus
1184 1581 1382 1631 animum,
1423 1581 1515 1622 Deo
1552 1581 1637 1622 solo

105 1655 225 1699 teste,
249 1649 420 1690 haberet
442 1644 684 1691 6infensum.

166 1716 187 1770 ξ
217 1718 312 1757 223.
367 1715 550 1757 Rediens
585 1731 682 1757 vero
721 1715 874 1756 domno
909 1714 1217 1769 archiepiscopo
1252 1729 1346 1755 cum
1378 1728 1450 1755 suo
1486 1713 1638 1755 abbate

155 1828 161 1846 ¹
182 1824 583 1871 Sublimiorefficiendas]
608 1824 748 1867 Beckct,
776 1835 819 1856 on
848 1823 901 1856 his
930 1823 1108 1867 departure
1134 1823 1220 1856 from
1250 1821 1419 1865 England,
1445 1833 1513 1855 was
1543 1822 1639 1855 arch-

104 1872 225 1917 bishop
244 1873 282 1905 of
297 1872 521 1917 Canterbury3
539 1882 583 1904 on
604 1871 657 1903 his
681 1876 795 1904 return
812 1869 855 1902 he
873 1881 940 1902 was
959 1869 1057 1914 papal
1082 1869 1192 1913 legate
1209 1881 1215 1902 ε
1243 1879 1299 1901 see
1317 1868 1374 1901 the
1392 1868 1587 1902 conclusion
1606 1868 1645 1901 of

105 1919 173 1953 this
192 1919 339 1964 chapter,
361 1915 378 1963 ᾧ
399 1920 476 1951 225.

153 1966 165 1984 ²
182 1965 366 1998 Scottorum
391 1977 449 1998 rex
476 1961 704 2008 BIalcolmus]
734 1962 808 1996 The
840 1961 1050 1994 attachment
1079 1961 1116 1994 of
1141 1960 1306 1994 Malcolm
1333 1965 1367 1993 to
1397 1960 1454 1993 the
1482 1972 1582 1994 cause
1608 1960 1646 1993 of

107 2011 237 2045 Becket
262 2011 290 2044 is
316 2010 511 2043 mentioned
528 2009 610 2042 with
636 2009 738 2042 much
763 2008 966 2041 admiration
992 2007 1037 2053 by
1054 2019 1140 2052 pope
1159 2006 1355 2040 Alexander
1372 2007 1407 2039 in
1424 2019 1443 2040 a
1460 2007 1559 2040 letter
1584 2007 1642 2040 ad-

107 2057 244 2091 dressed
262 2064 296 2090 to
315 2057 471 2090 William
490 2056 547 2089 the
574 2056 670 2099 Lion,
692 2055 774 2100 king
792 2054 829 2087 of
851 2053 1022 2095 Scotland,
1040 2053 1151 2087 which
1177 2065 1255 2098 may
1271 2053 1313 2086 be
1332 2065 1411 2086 seen
1430 2054 1463 2086 in
1481 2054 1642 2087 Becket's

107 2104 251 2147 Letters,
276 2116 308 2149 p.
329 2106 383 2146 89,
411 2103 490 2136 edit.
512 2103 638 2147 Lupus,
657 2105 688 2145 4,
716 2102 824 2135 Brux.
846 2103 946 2134 1682.
997 2100 1070 2133 The
1093 2100 1304 2144 indignation
1330 2099 1441 2133 which
1464 2099 1516 2133 his
1543 2100 1644 2133 death

108 2150 308 2184 occasioned
330 2150 364 2183 in
387 2148 545 2182 Scotland
572 2160 649 2193 may
668 2148 710 2181 be
726 2147 888 2192 gathered
905 2147 990 2180 from
1008 2146 1066 2180 the
1084 2153 1187 2180 terms
1213 2146 1247 2179 in
1264 2145 1376 2179 Which
1394 2147 1420 2179 it
1437 2147 1466 2179 is
1483 2146 1644 2180 recorded

107 2198 141 2230 in
160 2197 217 2230 the
237 2196 416 2229 Chronicle
434 2196 471 2228 of
485 2195 643 2238 Melrose,
664 2206 738 2228 A.n.
760 2195 860 2228 1171.

155 2244 168 2264 3
189 2242 352 2288 melitus]
379 2242 541 2284 Celerius,
569 2241 616 2274 H.
666 2240 830 2274 Maleolm
858 2239 923 2273 IV.
949 2239 1027 2272 died
1057 2251 1129 2273 ΑΛ).
1156 2241 1268 2273 1165;
1303 2238 1382 2272 Joh.
1410 2239 1564 2284 Brompt.
1591 2251 1645 2285 ap.

110 2290 238 2323 Decem
257 2289 377 2334 Seript.
398 2290 487 2321 1059
503 2300 511 2329 3
539 2287 664 2321 Chron.
683 2287 724 2319 de
744 2286 897 2319 Mailros,
916 2285 959 2318 ad
976 2297 1029 2319 an.

156 2338 166 2355 ‘¹
187 2333 406 2380 Demetrium]
436 2334 475 2367 In
501 2333 645 2367 allusion
669 2339 703 2366 to
731 2333 780 2366 St.
796 2332 897 2367 Matt.
922 2344 982 2366 xx.
1000 2334 1032 2376 9,
1058 2343 1149 2377 upon
1166 2331 1277 2364 which
1303 2343 1445 2376 passage
1471 2343 1528 2365 see
1555 2331 1646 2365 Mal-

110 2382 224 2416 donat.

156 2429 168 2447 ⁵
188 2425 410 2472 Propitium]
438 2427 501 2459 See
519 2426 648 2459 Decem
667 2425 786 2471 Script.
805 2437 861 2470 pp.
880 2427 959 2468 534,
978 2425 1057 2468 537,
1078 2427 1179 2467 1058,
1199 2426 1301 2457 1059.

159 2475 172 2494 ⁶
190 2473 388 2519 Irffiensum]
415 2473 455 2506 In
473 2472 530 2505 the
549 2471 711 2505 Harleian
735 2483 946 2516 anonymous
971 2470 1095 2516 legend
1112 2470 1138 2503 it
1156 2470 1184 2503 is
1201 2470 1280 2503 thus
1298 2469 1481 2502 recounted
1496 2482 1502 2504 :
1530 2471 1552 2489 ‘⁴
1564 2470 1647 2503 Erat

112 2526 225 2554 autem
244 2520 345 2553 frater
361 2519 418 2552 ille
437 2519 477 2552 de
497 2517 650 2552 coenobio
669 2517 968 2551 &Vestmonasterii
988 2530 995 2558 ;
1022 2523 1054 2550 et
1073 2516 1229 2560 quaesivit
1248 2516 1289 2549 ab
1308 2528 1347 2549 eo
1365 2516 1413 2549 vir
1440 2516 1504 2548 Dei
1530 2522 1644 2549 utrum

112 2572 211 2600 notus
230 2572 318 2599 esset
336 2566 365 2599 ei
387 2565 548 2606 Thomas,
565 2576 672 2597 novus
699 2563 951 2597 Cantuariensis
977 2563 1169 2608 episcopus.
1218 2562 1286 2604 Qui
1305 2562 1353 2595 sic
1371 2573 1444 2595 esse
1462 2562 1648 2606 respondit,

112 2620 145 2646 et
169 2618 412 2656 consequenter
438 2610 651 2654 adjunxerit:
683 2613 691 2629 ‘
708 2609 889 2654 Numquid
915 2615 947 2642 et
973 2616 1020 2652 tu,
1048 2609 1182 2652 domne,
1208 2608 1304 2641 illum
1330 2608 1552 2652 cognovisti?
1603 2608 1648 2641 Et

113 2659 194 2693 ille:
222 2663 231 2677 ‘
247 2658 389 2701 Oculis,’
407 2658 463 2700 ait,
488 2661 585 2690 ‘eum
612 2656 759 2701 corporis
785 2667 852 2688 non
878 2656 1006 2701 aspexi,
1026 2661 1059 2688 et
1076 2661 1189 2688 tamen
1214 2655 1325 2699 ipsum
1351 2654 1434 2687 adeo
1459 2654 1545 2687 bene
1571 2666 1648 2698 cog-

114 2716 228 2747 nosco,
246 2710 284 2737 ut
305 2704 391 2737 inter
415 2703 541 2736 multos
566 2703 715 2747 positum
734 2714 825 2744 eum,
849 2702 942 2734 nullo
960 2702 1113 2744 docente,
1132 2707 1366 2734 monstrarem.
1416 2700 1581 2742 Quaedam
1599 2700 1649 2733 illi

115 2757 244 2784 secreta
259 2749 437 2793 mandabo,
457 2750 483 2782 si
502 2760 599 2781 meus
617 2749 658 2781 ad
678 2748 742 2781 hoc
767 2748 906 2781 nuntius
931 2760 1004 2781 esse
1032 2747 1199 2780 volueris.⁹
1252 2746 1340 2779 Cum
1365 2757 1440 2778 vero
1464 2746 1649 2779 monachus

115 2803 308 2842 promptum
333 2796 362 2829 ei
385 2795 531 2828 libenter
553 2795 767 2839 promisisset
785 2794 997 2838 obsequium,
1017 2794 1104 2826 dixit
1123 2793 1171 2826 illi
1189 2805 1195 2826 ε
1224 2794 1232 2810 ⁴
1246 2792 1395 2825 Obsecro
1422 2797 1458 2825 ut
1476 2792 1587 2836 ipsum
1607 2804 1650 2826 ex

115 2849 209 2887 parte
233 2841 371 2875 Godrici
396 2841 533 2884 salutes,
560 2846 592 2873 et
616 2852 753 2873 moneas
781 2846 818 2873 ut
843 2840 877 2873 in
905 2840 1076 2885 proposito
1104 2851 1164 2872 suo
1190 2838 1331 2871 firmiter
1352 2844 1552 2882 perseveret,
1572 2838 1651 2883 quia

117 2888 190 2921 Deo
218 2895 350 2933 gratum
379 2894 428 2920 est
459 2886 548 2931 quod
575 2886 731 2931 proponit
749 2886 890 2920 efficere.
939 2887 986 2920 At
1004 2892 1117 2919 tamen
1141 2884 1248 2918 multa
1268 2884 1414 2928 patietur
1443 2884 1594 2928 adversa,
1618 2890 1651 2918 et
