1839 3186
236 182 318 223 316
748 194 983 227 LIBELLUS
1019 194 1082 226 DE
1118 194 1235 226 VITA

232 298 548 340 contendebam.
621 298 683 340 At
716 303 856 340 tamen
890 303 1062 340 conatus
1076 314 1179 340 meae
1206 299 1382 341 solertiae
1407 300 1627 342 credebam
1650 316 1768 356 aeque

232 365 365 406 virum
388 365 481 416 Dei,
515 366 621 407 sicut
644 370 685 407 et
708 371 865 407 ceteros
887 366 1084 407 mortales
1103 381 1297 420 quosque,
1323 367 1365 407 in
1387 367 1464 408 hac
1486 373 1602 422 parte
1624 368 1766 410 latere.

288 433 417 484 §298
468 432 650 474 Proinde
676 431 765 487 jam
798 432 1056 488 profecturus
1088 433 1212 483 domi,
1245 433 1379 488 ipsum
1407 433 1557 475 librum
1593 435 1768 477 devotus

229 499 395 554 arripui,
451 514 499 541 ac
541 499 781 554 provolutus
821 498 994 554 genibus
1035 505 1133 540 ante
1181 500 1311 549 illum,
1360 501 1630 555 manibusque
1672 517 1763 543 eum

229 566 413 616 efferens,
436 566 536 616 dixi,
574 566 745 607 “Pater
777 566 847 616 mi,
874 566 1041 607 obsecro
1074 582 1148 621 pro
1171 566 1324 609 Christi
1346 567 1376 607 J
1380 582 1452 608 esu
1476 567 1643 618 honore,
1668 583 1766 622 qua-

228 637 349 674 tenus
380 633 563 674 libellum
610 633 721 673 hunc
772 632 950 687 digneris
1003 633 1256 683 benedicere,
1297 638 1421 687 atque
1462 638 1535 675 tuo
1569 640 1763 676 contactu

229 699 410 740 Domino
450 699 786 740 commendatum
822 697 1099 740 consecrare.’'
1161 699 1470 754 Conversusque
1492 700 1546 741 ad
1576 715 1655 751 me,
1689 702 1762 751 ait,

230 770 254 787 ‘⁶
275 765 357 806 Fili
388 766 460 816 mi,
486 766 683 820 quidnam
713 766 789 806 hoc
819 780 922 820 opus
949 766 1056 807 63ῒέὋ
1118 766 1180 807 At
1208 782 1295 822 ego,
1333 770 1356 788 ‘⁶
1373 766 1535 808 Domne
1556 773 1687 822 pater,
1712 768 1762 809 de

228 832 405 886 quodam
427 833 513 874 viro
542 833 715 873 honesto
747 837 787 873 et
820 831 1009 887 religioso
1030 832 1146 873 illum
1168 833 1389 888 composui,
1413 848 1461 874 ac
1493 839 1667 888 quantas
1689 850 1762 889 pro

228 899 392 941 Christo
415 898 599 941 miserias
621 899 662 940 in
686 899 764 940 hac
781 898 867 940 vita
889 899 1118 954 pertulerit,
1139 898 1250 941 fideli
1271 900 1556 955 prosecutione
1576 901 1761 942 disserui.

229 965 365 1018 Quare
384 966 548 1020 postulo
566 971 613 1006 ut
636 965 752 1006 illum
772 966 953 1007 Domino
970 958 1234 1007 commendes
1255 971 1295 1007 et
1316 967 1550 1017 benedicas,
1566 982 1614 1008 ac
1632 967 1762 1009 futuri

227 1033 424 1087 temporis
443 1032 777 1088 generationibus
797 1032 839 1073 in
862 1038 1073 1087 posterum
1096 1033 1356 1088 profuturum
1379 1034 1590 1089 exoptes.''
1644 1033 1761 1075 Tunc

228 1099 295 1140 1116
334 1099 490 1141 diutius
522 1100 658 1155 ipsum
696 1098 780 1140 suis
818 1100 1092 1141 sacrosanctis
1132 1100 1324 1141 manibus
1359 1101 1662 1147 contrectavit;
1712 1116 1761 1142 ac

229 1166 396 1207 demum
419 1166 590 1208 elevatis
626 1166 668 1207 in
690 1166 837 1207 coelum
859 1166 1005 1215 oculis,
1029 1171 1069 1207 et
1103 1166 1212 1208 inter
1234 1181 1382 1208 manus
1415 1182 1576 1209 sursum
1601 1172 1761 1210 erectas

227 1233 343 1274 illum
366 1237 523 1283 tenens,
564 1234 638 1281 ait,
678 1232 915 1283 “Domine,
950 1232 1078 1274 Pater
1107 1233 1381 1288 omnipotens,
1415 1233 1586 1276 Creator
1608 1235 1696 1275 coeli
1718 1239 1760 1275 et

227 1304 369 1347 terrae3
406 1305 447 1341 et
471 1300 535 1341 Tu
554 1299 732 1340 Domine
754 1299 824 1349 mi,
848 1298 879 1339 J
883 1314 954 1341 esu
978 1299 1141 1341 Christe
1164 1300 1389 1351 Nazarene,
1408 1298 1512 1356 Ejus
1537 1301 1619 1342 Fili
1638 1301 1760 1342 bene-

228 1366 337 1407 dicte
358 1383 368 1415 3
404 1381 452 1407 ac
475 1367 539 1407 Tu
564 1366 715 1408 Sancte
748 1366 941 1421 Spiritus,
977 1367 1161 1407 omnium
1187 1366 1429 1409 Consolator
1455 1365 1628 1417 vivifice,
1666 1383 1759 1409 cum

229 1433 302 1474 Eis
337 1448 513 1488 regnans
537 1434 578 1474 in
600 1448 684 1474 una
705 1432 894 1481 Deitate3
931 1437 972 1474 et
996 1438 1043 1474 tu
1067 1433 1222 1474 Sancta
1251 1434 1401 1484 Maria,
1433 1433 1564 1489 Virgo
1585 1434 1664 1489 pia,
1690 1434 1759 1475 lac

230 1500 382 1541 Sancte
424 1500 453 1540 J
458 1501 638 1541 ohannes
679 1500 887 1554 Baptista,
934 1508 975 1540 et
1027 1515 1120 1540 cum
1161 1500 1345 1541 omnium
1389 1500 1636 1542 Sanctorum
1678 1500 1759 1542 Dei

228 1571 406 1617 caterva,
438 1567 605 1608 obsecro
634 1581 706 1608 vos
739 1575 786 1607 ut
816 1566 925 1607 hunc
956 1566 1140 1607 libellum
1175 1566 1399 1622 dignemini
1432 1567 1685 1618 benedicere,
1717 1572 1758 1609 et

228 1648 365 1674 coram
396 1633 511 1675 vobis
546 1633 624 1674 1100
668 1648 770 1688 opus
812 1638 1028 1688 acceptum
1068 1648 1316 1682 consecrare,
1350 1634 1544 1688 quatinus
1585 1635 1759 1688 posteris

226 1700 560 1755 generationibus
593 1700 645 1741 sit
677 1698 773 1740 fidei
810 1700 1021 1754 speculum
1053 1705 1094 1740 et
1129 1701 1380 1755 exemplum,
1423 1715 1470 1741 ac
1513 1700 1759 1742 Christianis

227 1767 416 1808 omnibus
440 1767 632 1822 prodesse
654 1766 790 1808 valeat
812 1766 853 1806 in
875 1766 1183 1821 sempiternum.
1245 1766 1425 1808 Amen.”

286 1835 308 1888 ᾗ
331 1836 427 1876 299.
463 1833 611 1887 Sicque
632 1833 749 1874 illum
772 1832 936 1874 Sanctae
959 1833 1101 1874 Crucis
1121 1833 1236 1888 signo
1256 1848 1508 1883 consecrans,
1528 1833 1755 1884 benedixit,

228 1906 269 1941 et
291 1901 574 1941 deosculatum
606 1900 707 1940 mihi
740 1900 998 1950 contradens,
1031 1900 1104 1950 ait,
1140 1898 1332 1955 “Adjuro
1361 1905 1415 1949 te,
1440 1898 1573 1949 fili,‘in
1593 1900 1757 1941 nomine

227 1966 257 2007 J
261 1982 333 2008 esu
355 1967 509 2009 Christi
541 1966 580 2007 N
583 1967 758 2016 azareni,
781 1982 854 2021 pro
877 1966 1095 2007 dilectione
1118 1981 1198 2020 qua
1218 1966 1320 2007 mihi
1342 1966 1641 2007 confoederatus
1663 1982 1756 2007 con-

226 2033 348 2084 sistis,
388 2049 439 2074 ne
473 2049 539 2074 me
586 2033 752 2076 vivente
781 2032 972 2087 cuiquam
1007 2033 1088 2074 ista
1124 2032 1305 2088 detegas,
1341 2033 1405 2074 vel
1442 2033 1641 2087 scriptum
1677 2034 1755 2074 hoc

225 2100 448 2148 ostendas3
483 2100 555 2141 sed
586 2100 722 2154 potius
753 2105 956 2140 secretum
987 2114 1111 2153 penes
1131 2103 1173 2139 te
1197 2114 1325 2153 usque
1355 2104 1448 2154 post
1485 2099 1594 2140 diem
1625 2099 1757 2154 sepul-

226 2172 329 2207 turae
369 2181 470 2207 meae
513 2166 695 2207 teneas.”
794 2165 856 2206 At
900 2180 975 2220 ego
1017 2171 1116 2206 tunc
1154 2165 1197 2206 in
1236 2180 1303 2206 me
1347 2166 1551 2215 confusus,
1598 2166 1754 2217 erubui,

226 2233 508 2287 experimento
541 2232 755 2273 dinoscens
786 2231 895 2285 quod
925 2232 967 2272 in
999 2231 1063 2272 his
1095 2247 1198 2288 quae,
1216 2232 1415 2273 occultius
1440 2247 1616 2287 egeram,
1648 2232 1756 2274 illius

226 2300 418 2340 notitiam
440 2299 568 2340 latere
592 2313 674 2339 non
696 2302 896 2352 poteram.
955 2297 1099 2339 Annui
1121 2303 1259 2340 tamen
1285 2298 1343 2340 illi
1364 2299 1473 2353 quod
1494 2298 1509 2319 ‘²
1517 2298 1637 2354 petiit
1660 2313 1753 2340 cum

226 2366 385 2415 rubore,
408 2366 549 2406 nolens
570 2365 628 2406 illi
653 2365 766 2419 prius
801 2379 889 2418 quae
912 2379 1076 2419 egeram
1101 2365 1327 2420 propalare.
1373 2365 1493 2406 Tunc
1514 2365 1582 2406 ille
1602 2365 1755 2406 blando

226 2448 294 2474 ore
326 2432 540 2473 subridens
562 2436 602 2472 et
621 2446 686 2471 me
711 2431 888 2481 intuens,
911 2431 983 2481 ait,
1019 2436 1044 2454 ‘⁶
1060 2431 1154 2472 Scio
1177 2432 1286 2486 quod
1316 2432 1358 2472 111
1394 2436 1435 2473 te
1457 2431 1676 2480 erubescis,
1714 2437 1755 2472 et

226 2515 298 2554 pro
333 2514 379 2540 60
411 2498 520 2552 quod
553 2498 752 2539 hactenus
782 2498 859 2538 hoc
890 2512 992 2552 opus
1022 2497 1122 2538 mihi
1155 2498 1374 2550 celaveris3
1429 2504 1470 2539 et
1508 2498 1616 2548 licet,
1664 2497 1754 2538 Deo

228 2566 324 2607 Solo
360 2570 480 2615 teste,
513 2563 604 2620 jam
639 2565 716 2605 hoc
754 2563 888 2618 ipsum
924 2564 1028 2605 bene
1064 2564 1297 2619 perfeceris,
1329 2564 1465 2605 adhuc
1499 2570 1638 2605 tamen
1667 2564 1754 2606 dies

226 2632 514 2687 supervenient
549 2632 592 2672 in
623 2631 769 2685 quibus
798 2645 823 2671 a
853 2631 1058 2672 nonnullis
1105 2631 1182 2672 tibi
1218 2631 1506 2672 aemulantibus
1536 2646 1681 2685 aspera
1713 2635 1754 2671 et

225 2699 324 2740 satis
348 2713 489 2739 amara
515 2698 641 2739 verba
671 2712 742 2752 pro
766 2696 830 2738 his
860 2696 1075 2738 auditurus
1106 2698 1210 2746 eris;
1245 2697 1317 2738 sed
1341 2712 1434 2738 cum
1455 2698 1526 2738 illa
1545 2697 1646 2738 hora
1666 2712 1755 2751 per-

226 2765 396 2814 venerit,
434 2769 641 2806 memento
673 2779 724 2804 ne
762 2778 836 2818 pro
866 2763 929 2804 his
964 2764 1004 2804 111
1040 2763 1175 2817 aliquo
1223 2763 1440 2814 movearis,
1477 2764 1572 2817 quia
1601 2764 1754 2805 veritas

274 2893 281 2913 ¹
302 2892 418 2926 Sancte
437 2892 603 2926 Jalzamzcs
620 2889 804 2937 Baptista]
833 2890 894 2923 See
914 2890 930 2935 ξ
950 2893 1027 2924 144.
1273 2891 1287 2911 2
1305 2890 1444 2936 Petam]
1473 2890 1546 2924 MS.
1566 2890 1658 2935 petii.
