1839 3186
520 224 578 255 ET
612 222 874 255 MIRACULIS
911 222 946 253 s.
970 220 1185 253 GODRICI.
1541 203 1623 246 257

87 328 261 384 contigit
292 333 339 370 ut
370 327 506 369 clerici
536 328 688 382 lingua,
713 342 803 381 quae
833 324 1082 367 Psalmodiee
1114 323 1303 364 modulos
1328 327 1474 363 contra
1504 321 1620 361 illum

93 395 332 437 alternatim
355 395 529 436 recitare
551 398 832 443 consueverat,
855 392 961 434 forte
983 390 1131 445 saepius
1152 388 1431 437 oberraverit3
1458 393 1499 428 et
1521 387 1625 428 falsa

94 476 168 515 pro
192 462 299 504 veris
324 462 562 509 enuncians,
589 460 737 515 saepius
758 459 955 501 offensam
980 457 1165 499 devitare
1187 471 1268 497 non
1294 455 1490 510 potuerit.
1553 453 1625 494 Ad

93 542 186 582 quae
229 528 491 570 stomachans
531 527 660 568 frater
711 526 792 577 ille,
841 530 973 566 tantae
1017 522 1314 578 indignationis
1362 520 1627 562 inclementia

94 594 316 645 ferebatur,
346 600 394 636 111
430 593 610 650 adjutori
639 608 711 635 suo
743 593 891 648 saepius
915 591 1050 633 verbis
1081 596 1121 631 et
1147 589 1337 630 convitiis
1366 588 1623 633 minaretur;

94 660 167 701 sed
190 661 259 703 illo
284 677 326 703 se
345 661 402 703 sic
422 661 592 702 minime
613 660 855 715 corrigente,
880 658 1022 700 saevire
1044 656 1166 712 coepit
1187 656 1325 697 animo
1344 653 1630 696 vehementius

96 726 189 775 ille;
218 728 530 783 percutiensque
555 727 671 769 illum
696 741 834 782 pugno
859 725 997 780 impie,
1019 738 1140 765 nares
1164 729 1206 764 et
1228 738 1300 764 ora
1320 722 1429 763 1111115
1450 721 1510 762 ita
1534 734 1628 761 con-

98 795 224 836 cussit
244 801 292 836 ut
318 795 430 836 rivus
464 794 673 850 sanguinis
694 793 850 835 diutius
881 807 934 834 ex
965 791 1034 832 illo
1064 790 1252 846 coepisset
1277 788 1454 830 effluere.
1526 786 1628 840 Quae

99 861 238 902 omnia
258 861 320 903 vir
342 861 423 902 Dei
454 860 669 902 attentiori
700 860 817 901 oculo
848 858 1076 913 conspexit,
1110 863 1152 898 et
1174 855 1362 911 quamvis
1393 855 1435 896 in
1465 853 1530 895 his
1557 853 1630 894 ali.

100 928 200 981 quid
221 928 432 983 spirituale
448 927 611 978 viderit,
638 933 781 969 tamen
801 942 852 968 ne
874 925 1084 968 silentium
1105 924 1261 979 rupisse
1282 922 1504 972 videretur,
1528 919 1630 961 nihil

100 994 267 1036 omnino
288 995 399 1049 loqui
420 994 564 1036 voluit.
1572 979 1578 984 ’

161 1061 299 1113 §244.
333 1061 463 1102 Mane
494 1076 589 1103 vero
623 1060 747 1111 facto,
781 1066 976 1114 utrosque
1009 1058 1063 1100 ad
1091 1074 1133 1100 se
1163 1056 1397 1105 advocavit,
1433 1060 1558 1109 atque
1586 1059 1633 1094 ut

102 1127 282 1170 vicissim
306 1127 502 1183 prostrati
524 1127 601 1169 sibi
623 1126 922 1177 satisfacerent,
949 1125 1090 1167 sedulo
1116 1124 1419 1165 commonebat.
1482 1126 1507 1143 “
1526 1120 1633 1161 Nam

104 1199 145 1235 et
181 1194 299 1250 eg0,”
323 1194 470 1249 inquit,
509 1194 694 1235 “eadem
726 1194 828 1235 hora
856 1193 941 1234 vidi
962 1192 1170 1247 quendam
1193 1191 1309 1232 velut
1341 1203 1515 1245 puerum
1545 1192 1636 1228 toto

104 1275 272 1316 corpore
302 1261 584 1316 nigerrimum,
608 1260 744 1315 capite
775 1266 894 1301 tonso
921 1259 1163 1314 depilatum,
1186 1257 1295 1298 inter
1316 1271 1389 1298 vos
1419 1260 1519 1296 tunc
1551 1269 1636 1294 cre-

104 1328 178 1369 bro
201 1328 438 1378 discurrere,
463 1333 503 1369 et
525 1328 702 1369 alterum
723 1333 908 1369 vestrum
940 1327 1002 1368 ira
1031 1324 1263 1372 incendere,
1287 1323 1414 1364 alium
1436 1336 1532 1363 vero
1554 1326 1638 1361 tor-

105 1409 215 1449 pore,
238 1410 381 1450 sopore
404 1399 444 1436 et
467 1410 602 1436 errore
625 1394 852 1449 deprimere
871 1411 881 1442 3
908 1408 1029 1448 quem
1052 1391 1243 1447 spiritum
1264 1390 1388 1431 fuisse
1410 1388 1639 1442 malignum

107 1476 206 1502 mox
238 1461 424 1517 cognovi,
451 1467 492 1503 et
528 1462 608 1502 huc
642 1461 696 1502 ad
723 1460 880 1502 Divina
908 1459 1108 1515 mysteria
1142 1456 1396 1499 retardanda
1426 1454 1640 1497 advenisse

109 1529 304 1583 persensi.
374 1527 534 1584 Nempe
566 1527 735 1583 pestifer
756 1527 823 1568 ille
854 1541 1065 1581 nunquam
1093 1524 1244 1566 desinit
1274 1524 1344 1579 pia
1376 1522 1515 1564 studia
1536 1535 1640 1576 prae-

109 1594 261 1649 pedire,
286 1600 327 1636 et
357 1595 597 1636 innocentes
629 1600 768 1636 motus
795 1594 946 1635 animae
978 1608 1063 1634 suae
1090 1589 1443 1647 tergiversationis
1464 1588 1641 1630 nexibus

109 1666 151 1702 et
172 1661 328 1715 laqueis
348 1662 521 1703 irretire.
576 1661 702 1702 Unde
724 1660 889 1716 utrique
908 1660 1164 1715 poenitentes,
1182 1658 1385 1700 vobismet
1407 1654 1641 1697 alterutrim

110 1728 349 1779 satisfacite,
373 1734 414 1770 et
445 1728 583 1770 osculo
615 1728 669 1769 ad
695 1727 872 1768 invicem
901 1727 1011 1779 dato,
1037 1726 1296 1767 turbatorem
1317 1728 1469 1765 vestrae
1493 1720 1642 1776 quietis

111 1795 223 1849 pacis
255 1795 370 1850 signo
406 1794 687 1836 confundite.''
750 1793 872 1847 Quod
892 1793 1084 1846 utrinque
1109 1792 1266 1833 factum
1292 1795 1367 1839 est,
1398 1794 1439 1830 et
1466 1794 1558 1844 post
1580 1802 1641 1835 ea,

111 1860 179 1901 illo
206 1859 394 1915 jubente,
429 1861 561 1902 Missa
586 1861 809 1915 celebrata*
826 1865 900 1911 est,
925 1865 973 1901 ut
1003 1858 1271 1900 Sacramento
1293 1855 1468 1905 vivifico,
1492 1870 1571 1908 quo
1596 1868 1645 1894 ea

112 1942 204 1981 quae
228 1928 269 1968 in
291 1928 411 1969 terris
441 1933 550 1978 sunt,
574 1927 805 1969 coelestibus
829 1925 1110 1982 pacificantur,
1138 1939 1279 1966 eorum
1312 1921 1554 1978 ignorantiae
1585 1935 1644 1960 er-

114 2009 224 2035 rores
244 1995 467 2049 piarentur,
490 1999 531 2035 et
553 1994 678 2035 corda
694 2009 834 2035 eorum
850 1994 963 2048 pacis
983 1992 1134 2033 foedere
1155 1991 1197 2032 in
1211 1990 1376 2032 Christo
1392 1989 1421 2029 J
1426 2003 1496 2029 esu
1511 1986 1646 2028 firma-

112 2065 267 2102 rentur.
330 2061 400 2102 ΕΧ
423 2061 569 2115 quibus
601 2061 702 2102 satis
734 2065 850 2116 patet
882 2075 1006 2114 quam
1034 2058 1185 2114 perviae
1211 2056 1344 2098 hostis
1371 2054 1529 2097 insidiae
1559 2053 1647 2095 viro

114 2126 195 2168 Dei
223 2127 362 2176 fuere,
398 2143 487 2182 quae
519 2128 645 2169 etiam
678 2142 751 2182 pro
783 2126 1040 2182 temptandis
1076 2125 1249 2166 aliorum
1287 2123 1479 2164 cordibus
1510 2121 1645 2169 faetae,

114 2193 222 2234 illius
242 2194 436 2235 notitiam
460 2209 541 2235 non
562 2202 733 2249 potuere
753 2193 897 2235 latere.

174 2259 280 2301 Haec
301 2260 430 2302 frater
450 2260 560 2302 idem
581 2260 699 2302 nobis
726 2260 882 2310 retulit,
907 2260 976 2314 qui
1000 2264 1100 2300 tunc
1125 2258 1182 2299 ibi
1204 2273 1297 2299 cum
1323 2256 1409 2298 viro
1432 2254 1511 2296 Dei
1534 2268 1648 2294 man-

115 2327 181 2377 sit,
205 2326 247 2367 in
269 2342 347 2381 quo
372 2332 413 2368 et
434 2327 512 2368 hoc
533 2342 635 2383 opus
658 2327 894 2382 1peractum
916 2326 1008 2367 fuit.

163 2437 171 2457 ¹
201 2436 499 2482 Peractumfuit]
525 2436 598 2470 The
624 2448 834 2482 anonymous
862 2435 1024 2469 Harleian
1050 2434 1171 2479 legend
1188 2433 1267 2466 thus
1293 2437 1449 2466 recounts
1475 2429 1542 2464 this
1567 2428 1651 2461 inci-

117 2483 218 2517 dent:
247 2484 268 2502 “
279 2483 335 2516 Ad
359 2489 559 2517 nocturnam
588 2483 757 2528 synaxim,
784 2482 925 2527 contigit
957 2481 1129 2524 clericum,
1156 2479 1212 2525 qui
1243 2491 1320 2513 cum
1346 2479 1448 2511 fratre
1472 2475 1649 2522 psallebat,

116 2529 241 2575 saepius
259 2529 412 2563 oberrare
474 2529 576 2563 Unde
593 2530 695 2563 frater
716 2529 922 2574 indignatus,
937 2528 1032 2561 illum
1056 2539 1146 2572 saepe
1165 2525 1326 2571 corripuit
1343 2538 1350 2567 3
1378 2531 1410 2557 et
1428 2535 1505 2557 cum
1524 2534 1586 2555 nec
1605 2522 1651 2553 ita

118 2588 153 2609 se
172 2576 362 2620 corrigeret,
379 2588 492 2621 pugno
510 2576 606 2609 illum
624 2576 790 2621 percussit
808 2576 842 2608 in
860 2575 997 2608 naribus
1015 2575 1062 2607 ita
1079 2581 1116 2607 ut
1134 2573 1270 2618 sanguis
1297 2573 1455 2605 efflueret.
1508 2569 1583 2602 Hoc
1603 2567 1651 2599 vir

120 2629 256 2656 sanctus
275 2623 442 2667 aspiciens
459 2623 574 2665 tacuit,
594 2623 673 2668 quia
690 2622 862 2656 silentium
880 2633 1035 2667 rumpere
1053 2632 1119 2653 non
1138 2619 1281 2653 volebat.
1334 2618 1373 2651 In
1393 2616 1537 2650 crastino
1556 2626 1653 2647 voca-

120 2675 172 2701 tos
190 2669 231 2701 ad
250 2681 285 2702 se
311 2670 530 2712 commonuit,
549 2676 587 2702 ut
603 2669 760 2714 prostrati
787 2669 828 2702 ad
854 2668 999 2702 invicem
1026 2667 1089 2701 sibi
1117 2666 1374 2705 satisfacerent3
1400 2670 1433 2696 et
1451 2661 1649 2704 subjunxit:

123 2718 131 2734 ‘
148 2715 229 2748 Vidi
249 2721 409 2760 tanquam
427 2727 569 2761 puerum
588 2721 658 2749 toto
676 2727 813 2761 corpore
830 2715 1060 2760 nigerrimum,
1079 2713 1189 2758 capite
1207 2717 1389 2753 tonsoratO,
1408 2710 1493 2742 111101
1511 2719 1569 2740 vos
1587 2706 1655 2739 dis-

124 2768 313 2795 currentem
330 2775 338 2803 ;
362 2762 418 2807 qui
437 2762 578 2796 alterum
594 2762 634 2795 ad
654 2762 862 2796 iracundiam
882 2760 1095 2803 incendebat,
1114 2759 1280 2803 reliquum
1299 2764 1431 2802 torpore
1449 2753 1626 2800 sopiebat.⁷
1641 2753 1659 2767 '⁷
