1839 3186
219 183 303 224 250
744 189 978 222 LIBELLUS
1015 189 1078 221 DE
1113 189 1229 221 VITA

218 297 319 344 curi,
351 309 445 337 cum
482 294 746 337 festinatione
784 295 827 337 in
862 309 931 337 eos
962 295 1113 348 irruit3
1153 296 1460 350 aestimansque,
1489 301 1537 338 ut
1571 297 1748 353 simplex

217 363 368 412 animo,
395 377 438 404 se
459 376 577 417 posse
598 361 688 403 illos
709 366 936 416 percutere,
959 376 1041 403 non
1065 367 1286 404 cunctatur
1308 363 1460 405 ictibus
1487 363 1747 419 intemptatis

217 430 260 471 in
298 443 367 470 eos
405 429 627 483 insurgere.
689 427 748 469 Et
778 428 873 482 quia
903 443 971 470 eos
1002 429 1239 483 contingere
1265 428 1448 470 feriendo
1480 445 1564 471 non
1593 431 1746 485 potuit,

217 496 393 538 securim
414 494 563 550 parieti
583 499 704 536 tanta
723 494 966 535 fortitudine
995 494 1133 545 allisit,
1158 495 1269 549 quod
1298 495 1540 550 aliquandiu
1570 496 1613 537 in
1643 496 1746 552 lapi-

218 562 339 604 dibus
367 562 474 603 ictus
509 561 577 602 ille
612 561 859 616 comparuit.
921 559 1100 615 Spiritus
1134 566 1276 602 autem
1307 562 1365 603 illi
1396 576 1495 603 mox
1525 577 1743 611 evanuere,

217 628 314 683 quia
348 642 495 683 corpus
520 626 710 682 1patibile
738 642 821 668 non
856 626 1066 675 habuere3
1101 631 1143 667 et
1171 627 1277 668 forte
1308 643 1356 669 eo
1378 627 1488 682 quod
1518 628 1634 669 illum
1664 627 1745 670 fide

214 695 430 736 robustum
461 697 674 743 noverant,
700 692 847 734 virtuti
877 691 973 734 fidei
1003 692 1199 747 potentiae
1225 693 1380 735 diutius
1410 694 1651 735 reluctando
1684 710 1745 735 re-

215 762 359 802 sistere
377 775 462 801 non
483 759 690 802 valebant.
752 758 965 799 Admirati
988 762 1083 800 sunt
1104 758 1231 814 igitur
1255 764 1342 801 tam
1365 759 1514 801 fratres
1540 760 1599 800 illi
1620 775 1745 814 quam

215 827 364 882 quique
387 826 524 876 ceteri,
543 825 611 879 qui
632 825 675 866 in
696 824 799 866 cella
817 825 895 866 viri
914 824 995 866 Dei
1018 824 1144 875 fuere,
1165 825 1260 879 quia
1284 830 1371 866 tam
1393 825 1607 881 stupendae
1623 825 1745 867 2fidei

214 892 492 935 constantiam
508 891 550 933 in
570 891 844 933 adolescentis
864 891 972 933 illius
987 895 1152 946 pectore
1172 891 1366 933 claruisse
1386 907 1626 947 cognovere.
1664 892 1746 934 Vir

214 967 355 1001 autem
377 959 471 1009 Dei,
489 959 546 1000 eis
566 957 733 1013 fugatis,
757 957 902 999 statim
925 957 1069 999 laudes
1084 956 1249 999 Christo
1272 958 1433 1009 cecinit,
1457 963 1498 999 et
1517 959 1559 1000 in
1576 973 1618 1000 se
1637 958 1744 1000 redi-

215 1041 299 1076 ens,
323 1040 415 1080 quae
436 1026 548 1066 facta
567 1023 731 1065 fuerant
763 1038 901 1065 coram
932 1024 1090 1064 cunctis
1121 1024 1342 1079 exposuit3
1383 1029 1409 1047 “
1426 1025 1655 1075 Tantum,''
1680 1025 1743 1066 in-

213 1091 369 1147 quiens,
403 1094 430 1114 “
447 1091 557 1133 valet
579 1089 706 1131 firmae
728 1088 824 1131 fidei
849 1095 891 1131 et
919 1104 1002 1130 non
1022 1089 1253 1132 haesitantis
1279 1090 1472 1140 intentio,
1499 1090 1609 1145 quod
1629 1092 1743 1132 nulla

213 1157 300 1215 ejus
320 1158 467 1201 virtuti
487 1156 677 1199 resistere
697 1157 834 1198 valeat
855 1156 1050 1211 nequitiae
1070 1156 1296 1212 spiritualis
1317 1155 1558 1199 3incursi0.”

211 1445 300 1471 CAP.
322 1445 463 1470 CXXVI.
532 1444 735 1474 QUALITER
755 1443 868 1470 vmrr
891 1444 1069 1470 srlnrrus
1100 1443 1275 1474 NEQUAM
1303 1444 1377 1470 sUB
1408 1443 1541 1471 sPEcm
1564 1445 1741 1471 CORVINA

270 1512 523 1546 COMPARERE,
571 1511 620 1535 ET
655 1511 801 1537 PRAVAE
836 1510 1116 1536 SUGGESTIONIS
1151 1510 1352 1537 LUDIBRns
1387 1511 1530 1537 DOMNo
1565 1512 1638 1538 suo
1672 1512 1741 1538 vo-

272 1578 406 1603 LUIsSE
437 1560 687 1603 DELUDERE.4

271 1677 294 1731 ξ
317 1677 415 1719 236.
449 1675 599 1718 ANIMO
619 1675 730 1718 fideli
752 1676 969 1718 recoluisse
989 1673 1113 1732 juvat
1135 1676 1246 1732 quod
1275 1676 1328 1718 ab
1350 1691 1397 1718 eo
1418 1691 1500 1717 non
1522 1676 1647 1718 semel
1668 1690 1740 1717 au-

212 1742 403 1792 divimus,
426 1743 523 1797 quia
553 1758 602 1784 ea
624 1743 871 1797 quibusdam
900 1742 1047 1784 auditu
1069 1758 1154 1785 esse
1177 1742 1439 1784 delectabilia
1467 1758 1550 1784 non
1576 1742 1739 1783 dubita-

210 1824 317 1851 mus.
383 1809 589 1862 Quaesitus
613 1824 638 1850 a
658 1809 776 1851 nobis
795 1809 944 1864 saepius
962 1809 1024 1851 vir
1047 1809 1128 1850 Dei
1150 1809 1354 1863 quomodo
1375 1809 1543 1864 spiritus
1562 1823 1740 1863 nequam

211 1880 349 1930 posset
372 1875 568 1917 Ecclesiae
592 1875 745 1918 limites
765 1875 939 1931 ingredi,
957 1875 1065 1917 dixit
1087 1875 1197 1930 quod
1220 1875 1434 1917 multoties
1448 1875 1600 1917 viderit
1623 1875 1740 1916 illum

204 1940 333 1997 juxta
367 1942 517 1983 sacrati
539 1942 700 1984 Altaris
724 1942 978 1997 crepidinem
1008 1942 1059 1983 de
1089 1943 1172 1983 imo
1203 1946 1328 1983 terrae
1352 1941 1509 1996 gremio
1540 1940 1595 1982 ad
1622 1956 1740 1996 supe-

212 2009 320 2049 riora
353 2008 518 2060 delabi3
552 2023 847 2063 nonnunquam
883 2008 1011 2049 etiam
1045 2008 1267 2049 temeraria
1300 2007 1634 2062 praesumptionis
1666 2022 1739 2048 au-

212 2074 343 2124 dacia,
376 2089 500 2129 supra
521 2074 681 2116 Altaris
712 2075 828 2116 stetit
861 2074 1096 2116 sanctuaria
1128 2079 1377 2123 consecrata,
1411 2079 1452 2114 et
1487 2074 1537 2114 de
1573 2073 1740 2115 sacrarii

211 2140 369 2195 pariete
391 2140 635 2194 quandoque
656 2141 871 2195 prorepsit,
895 2145 936 2181 et
960 2140 1068 2181 inter
1091 2140 1317 2181 Missarum
1335 2139 1534 2181 sollennia
1553 2154 1738 2180 nonnun-

212 2221 336 2260 quam
360 2221 477 2248 secus
499 2206 659 2248 Altaris
679 2206 811 2248 latera
831 2221 873 2248 se
896 2206 1114 2261 congessit.
1186 2205 1407 2247 Multoties
1428 2207 1595 2260 insuper
1618 2210 1738 2247 tanta

210 2272 358 2314 furoris
388 2273 548 2314 insania
573 2273 797 2322 ferebatur,
821 2272 930 2327 quod
959 2273 1085 2313 etiam
1109 2271 1338 2313 benedictae
1369 2287 1485 2326 aquae
1512 2271 1739 2327 aspersorio

210 2339 397 2393 perfusus
418 2354 499 2379 non
521 2338 685 2380 cederet
706 2339 771 2381 vel
792 2339 1020 2394 aufugeret,
1044 2337 1159 2393 quasi
1180 2338 1213 2380 si
1244 2338 1347 2379 nihil
1369 2353 1418 2379 ea
1436 2338 1560 2380 fuisse
1581 2342 1737 2393 perter-

259 2432 267 2451 ¹
288 2432 463 2479 Patibile]
492 2432 676 2477 palpabile,
697 2432 745 2467 H.

256 2479 270 2498 ‘⁴'
288 2478 415 2525 Fidei]
441 2479 517 2522 Rei,
538 2479 585 2512 H.

257 2526 270 2546 ³
285 2525 466 2571 Incursio]
500 2526 620 2559 “Cum
646 2524 712 2558 duo
737 2524 855 2558 fratres
880 2524 1025 2558 coenobii
1051 2524 1292 2557 Dunehnensis
1317 2534 1432 2557 euram
1456 2527 1609 2567 gererent
1634 2532 1738 2567 aegro-

208 2572 322 2616 tantis,
342 2572 523 2615 daemones,
540 2578 577 2605 ut
596 2571 757 2614 solebant,
781 2577 945 2604 nocturno
962 2576 1112 2615 tempore
1135 2570 1331 2604 assistentes
1360 2568 1452 2616 [MS.
1471 2567 1650 2614 assistens]
1671 2579 1739 2601 coe-

208 2626 328 2663 perunt
346 2618 487 2652 illudere
505 2618 575 2651 viro
593 2617 670 2651 Dei.
720 2617 782 2650 Ille
800 2629 876 2650 vero
900 2617 1083 2661 suspirans,
1102 2617 1166 2650 Dei
1192 2616 1406 2650 elementiam
1426 2615 1579 2648 devotius
1604 2615 1738 2647 invoca-

208 2664 276 2699 bat.
326 2665 535 2698 Adolescens
553 2675 685 2709 quoque
703 2663 786 2697 vidit
803 2675 871 2707 eos,
889 2669 932 2705 et,
951 2662 1030 2696 fidei
1049 2663 1237 2696 constantia
1261 2662 1447 2705 roboratus,
1465 2667 1595 2706 arrepta
1617 2660 1737 2703 securi,

210 2711 374 2756 impetum
393 2711 474 2744 feeit
491 2711 525 2744 in
543 2722 610 2754 eos,
629 2721 679 2753 ac,
698 2711 725 2743 si
743 2715 867 2755 posset,
886 2709 952 2742 illis
978 2709 1069 2742 illico
1088 2709 1209 2742 vulnus
1230 2708 1409 2753 infligeret.
1458 2707 1583 2740 Parieti
1601 2706 1737 2752 quidem

209 2758 354 2790 securim
373 2758 403 2790 vi
422 2763 515 2790 tanta
532 2757 638 2800 illisit,
656 2757 745 2800 quod
763 2757 797 2789 in
814 2755 983 2801 lapidibus
1002 2755 1197 2799 aliquandiu
1218 2754 1306 2788 ictus
1324 2754 1380 2787 ille
1398 2753 1586 2798 comparuit
1603 2766 1611 2795 ;
1637 2758 1670 2786 et
1688 2752 1737 2785 illi

207 2804 359 2848 protinus
388 2804 600 2848 aufugerunt.
652 2803 787 2836 Fratres
816 2808 929 2836 autem
957 2801 1005 2834 illi
1037 2801 1077 2834 dc
1104 2802 1171 2835 fide
1198 2800 1422 2835 adolescentis
1451 2800 1633 2845 plurimum
1660 2804 1738 2832 sunt

205 2849 353 2882 mirati.'’
378 2850 489 2883 Anon,
506 2850 599 2883 Harl.
621 2849 767 2893 Legend.

255 2897 265 2914 ⁴
292 2896 439 2940 Chapter
458 2896 628 2929 CXXIV.
648 2895 681 2928 in
701 2895 756 2928 the
777 2894 871 2928 Harl.
891 2894 965 2927 MS.
