1839 3186
516 252 576 283 ET
608 251 874 283 MIRACULIS
908 252 941 282 s.
970 250 1185 282 GODRICI.
1536 240 1618 280 419

79 353 277 408 temporis
303 353 525 405 viventem,
567 354 732 405 direxit,
773 354 841 409 qui
879 355 937 396 illi
976 370 1070 395 cum
1104 355 1285 396 lacrimis
1324 354 1497 395 miseriae
1533 368 1616 395 suae

80 420 266 474 querelas
297 421 503 476 exposuit.
567 421 644 463 Oui
681 436 821 463 servus
854 421 934 462 Dei
971 436 1023 462 ex
1048 420 1171 461 corde
1201 421 1457 475 compatiens
1490 420 1613 468 dixit,

82 491 107 508 “
125 487 251 528 Anno
272 487 351 528 isto
366 487 453 528 vita
475 488 636 538 comite,
657 503 750 528 ecce
774 502 880 528 uxor
902 493 975 528 tua
997 487 1201 542 concipiet
1224 492 1264 527 et
1285 487 1515 527 masculum
1539 486 1615 527 tibi

79 554 224 608 pariet,
246 559 287 594 et
301 553 397 608 quia
411 554 582 595 habebis
596 555 712 595 illum
728 554 1066 609 primogenitum,
1084 553 1251 595 vocabis
1270 568 1364 593 611111
1381 567 1432 593 ex
1451 552 1616 593 nomine

80 635 172 660 meo
196 619 434 661 Godricum.
498 620 589 676 Ego
620 621 787 675 quidem
809 620 845 661 ei
878 621 920 661 in
943 620 1107 662 Christo
1140 635 1208 661 ero
1240 619 1442 674 patrinus,
1467 623 1508 659 et
1529 620 1616 673 ipse

80 686 182 727 mihi
204 687 246 727 in
268 686 433 728 Christo
455 686 601 729 filius.”
663 688 767 741 Quae
792 687 931 728 dicens
954 687 1184 734 denarium,
1212 686 1442 735 candelam,
1466 690 1507 726 et
1530 700 1616 726 sca-

82 753 234 794 banam
268 753 514 794 candentem
543 755 744 809 protulit;
780 760 821 795 et
840 754 927 795 viro
954 754 1136 795 desolato
1169 758 1293 807 atque
1322 752 1511 792 moerenti
1541 752 1616 799 ait,

83 823 108 842 ‘⁴
129 819 196 860 En
218 820 299 862 ista
319 836 392 875 pro
414 821 533 875 signo
556 826 596 861 et
618 836 710 862 arra
732 821 782 861 116
806 835 872 861 me
902 820 1086 869 habebis,
1111 835 1159 861 ac
1186 819 1316 860 filium
1340 819 1417 859 tibi
1439 818 1619 859 nascitu-

81 901 174 927 rum
207 891 331 941 atque
361 887 403 927 in
435 887 686 942 baptismate
723 887 903 928 Domino
925 886 1249 928 consecra-ndum
1272 885 1337 927 his
1367 884 1463 925 fidei
1494 884 1621 939 signis

84 952 264 994 Domino
284 954 587 1008 oppignorabis,
605 959 646 995 et
665 953 795 995 filium
811 953 888 995 tibi
900 954 1156 995 nasciturum
1175 952 1400 994 Godricum
1414 949 1622 992 vocabis.”

84 1019 186 1072 Quae
208 1021 380 1075 pignora
403 1021 466 1061 vir
489 1021 556 1061 ille
586 1026 800 1075 gratanter
818 1021 993 1075 accepit,
1020 1025 1061 1061 et
1083 1020 1253 1061 domum
1275 1018 1438 1059 rediens
1460 1017 1622 1058 dotaria

84 1086 271 1141 protulit,
299 1086 378 1127 Dei
403 1088 508 1128 servi
529 1087 730 1128 mandata
754 1088 958 1142 exposuit,
983 1092 1024 1127 et
1051 1101 1181 1127 uxore
1205 1085 1370 1140 cognita
1391 1084 1620 1125 masculum

83 1153 312 1207 generavit.
376 1153 467 1206 Quo
503 1154 715 1207 baptizato
742 1160 783 1196 et
813 1153 992 1194 Godrico
1018 1158 1177 1203 vocato,
1212 1157 1305 1207 post
1337 1166 1420 1192 non
1441 1152 1621 1192 multum

85 1220 283 1273 temporis
314 1220 535 1275 languidus
567 1220 637 1260 diu
669 1222 775 1263 lecto
799 1219 1034 1267 discubuit;
1075 1220 1212 1273 sicque
1235 1218 1289 1259 ad
1315 1222 1503 1258 extrema
1530 1232 1621 1272 per-

85 1286 265 1336 veniens,
289 1287 479 1341 spiritum
501 1286 651 1328 emisit.

147 1352 168 1406 §
192 1355 288 1394 512.
327 1353 567 1394 Deliberato
600 1353 739 1407 itaque
770 1353 878 1394 inter
908 1368 949 1394 se
975 1352 1156 1402 consilio,
1191 1351 1363 1392 tandem
1388 1350 1495 1391 vires
1525 1348 1621 1390 fidei

88 1424 279 1473 parentes
307 1426 596 1475 conceperunt,
621 1425 662 1460 et
694 1420 890 1461 secretius
923 1420 1164 1460 defunctum
1198 1418 1251 1458 ad
1277 1417 1410 1458 Virum
1444 1417 1525 1457 Dei
1554 1416 1622 1456 de-

87 1491 320 1539 portarunt,
356 1487 571 1541 ipsumque
611 1486 653 1526 in
691 1487 849 1541 capella
882 1486 1046 1527 Sanctae
1081 1485 1228 1526 Mariae
1258 1489 1447 1524 orantem
1481 1498 1624 1538 reppe-

86 1557 197 1593 runt.
261 1553 340 1606 Qui
361 1553 536 1608 pedibus
556 1553 666 1594 illius
693 1553 893 1603 advoluti,
918 1552 1092 1593 miseriae
1118 1567 1200 1593 suae
1223 1550 1259 1591 ei
1284 1566 1402 1591 casus
1427 1564 1625 1605 exposue-

85 1624 195 1668 runt,
218 1624 342 1673 atque
363 1625 411 1661 ut
432 1635 573 1660 eorum
589 1625 631 1661 et
653 1618 765 1660 filioli
787 1620 849 1660 sui
870 1619 1053 1661 misereri
1073 1618 1314 1673 dignaretur
1333 1632 1425 1657 cum
1448 1616 1628 1657 lacrimis

88 1685 366 1739 postularunt.
430 1686 589 1739 Quibus
610 1686 689 1737 ille,
716 1692 740 1708 ‘⁶
757 1686 893 1738 Quare
916 1684 1215 1726 contristamini
1238 1689 1279 1724 et
1303 1683 1503 1738 ploratis?
1535 1683 1627 1737 Ego

90 1767 264 1806 puerum
295 1752 537 1794 defunctum
564 1768 646 1794 non
669 1753 803 1803 credo,
825 1752 897 1794 sed
918 1753 1006 1794 vice
1029 1750 1176 1793 flatum
1191 1748 1282 1805 jam
1305 1750 1440 1790 adhuc
1462 1750 1626 1790 trahere

91 1819 189 1861 scio.
261 1820 388 1860 Unde
416 1820 533 1860 illum
554 1835 627 1861 vos
650 1835 771 1874 super
793 1819 942 1860 Altare
978 1818 1142 1859 Sanctae
1180 1817 1327 1858 Mariae
1358 1816 1558 1871 reponite,
1585 1821 1626 1857 et

91 1900 253 1926 mecum
282 1886 403 1927 simul
432 1885 646 1927 flectentes
679 1901 826 1940 genua,
860 1886 939 1926 Dei
965 1884 1229 1926 clementiam
1253 1882 1463 1924 exorate?
1535 1882 1627 1935 Quo

92 1952 216 1998 facto,
240 1953 425 1994 oratione
447 1954 666 2008 completa,
689 1952 885 2008 praecepit
905 1957 953 1993 ut
979 1952 1029 1992 de
1052 1950 1193 1991 Altari
1219 1965 1395 2004 puerum
1416 1949 1625 1997 tollerent,

93 2024 135 2060 et
157 2019 402 2061 exhortatus
433 2034 501 2061 eos
526 2025 600 2069 est,
624 2026 671 2060 ut
693 2019 1006 2073 animaequiores
1037 2017 1195 2058 fierent.
1269 2016 1349 2069 Qui
1371 2015 1627 2065 accedentes,

93 2100 267 2140 puerum
290 2086 499 2127 viventem
526 2092 566 2127 et
596 2087 637 2127 in
671 2086 761 2127 illos
792 2085 1045 2126 arridentem
1067 2082 1334 2138 conspiciunt,
1369 2082 1629 2136 brachiisque

94 2152 302 2193 elevatum
333 2153 475 2193 crebro
508 2152 735 2194 deosculari
767 2157 990 2207 coeperunt.
1064 2150 1177 2203 Quos
1208 2149 1293 2203 ipse
1321 2147 1401 2189 fide
1427 2149 1503 2190 sibi
1525 2148 1629 2189 obli-

93 2224 213 2273 gatos
233 2219 501 2260 sacramentis
536 2219 721 2274 pluribus
750 2218 958 2268 astrinxit,
982 2223 1023 2258 et
1054 2232 1105 2257 ne
1137 2216 1259 2257 alicui
1293 2215 1507 2256 hominum
1533 2220 1630 2255 ante

93 2285 220 2339 ipsius
250 2285 408 2326 obitum
439 2285 482 2326 id
514 2286 768 2341 detegerent,
806 2285 862 2326 ibi
898 2285 1099 2325 devovere
1131 2282 1281 2337 coegit.
1343 2281 1491 2335 Sicque
1528 2281 1631 2322 illud

95 2351 339 2392 miraculum
361 2352 551 2393 omnibus
573 2352 717 2392 diebus
738 2352 831 2392 vitae
846 2349 933 2406 ejus
955 2365 1059 2405 pene
1081 2355 1249 2390 cunctos
1266 2347 1417 2395 latuit;
1443 2348 1515 2388 sed
1536 2353 1629 2402 post

96 2432 224 2458 annos
249 2418 352 2458 duos
380 2417 501 2459 factis
522 2418 575 2458 ad
608 2418 796 2459 tumbam
827 2417 956 2472 ipsius
988 2416 1174 2471 plurimis
1195 2414 1416 2464 miraculis,
1440 2414 1539 2469 ipsis
1561 2414 1630 2454 illo

98 2484 368 2532 venientibus,
411 2484 596 2538 pluribus
628 2484 873 2524 miraculum
910 2483 1012 2523 illud
1050 2481 1242 2523 innotuit.
1321 2480 1424 2521 Haec
1461 2481 1529 2520 illo
1563 2496 1630 2521 ve-

95 2550 256 2591 nientes
281 2565 417 2590 coram
447 2550 589 2592 multis
616 2550 859 2599 retulerunt,
882 2547 1153 2591 testificantes
1187 2552 1228 2588 et
1254 2546 1445 2602 jurantes
1467 2547 1563 2601 quia
1584 2561 1630 2586 60

96 2617 274 2667 vivente,
297 2616 397 2656 nulli
421 2632 470 2657 ea
492 2617 683 2671 detegere
705 2617 793 2657 ausi
816 2616 993 2657 fuerant.

318 2780 451 2805 CXLIV.
484 2780 535 2804 DE
567 2780 675 2804 AGNO
707 2779 936 2804 CONTRACTO
969 2779 1076 2804 NATO
1108 2778 1157 2802 ΕΤ
1188 2776 1412 2801 REPARATO.

170 2880 191 2933 ἓ
215 2880 312 2920 513.
345 2877 489 2919 VmUA
514 2878 704 2932 quaedam
725 2877 891 2918 nomine
914 2876 1038 2917 Ekke
1059 2877 1100 2917 in
1123 2875 1266 2916 villula
1289 2889 1378 2927 quae
1405 2873 1448 2913 H
1454 2872 1635 2913 erdwich

102 2945 253 2986 dicitur
272 2950 525 2994 conversata,
546 2959 642 2985 oves
661 2944 764 2984 duas
784 2942 1075 2984 tantummodo
1093 2941 1252 2989 habuit,
1274 2955 1446 2994 quarum
1462 2944 1636 2993 utraque

1354 3023 1373 3043 E
1394 3022 1413 3043 E
1434 3013 1453 3043 2
