1839 3186
528 220 586 251 ET
618 219 890 253 MIRACULIS
923 220 960 251 s.
987 219 1207 252 GODRICI.
1539 212 1622 252 233

81 324 257 379 gistrum
284 323 554 364 Laurentium
590 338 711 377 quem
746 323 955 364 1constitit
977 339 1107 365 unum
1130 324 1180 364 de
1201 323 1496 378 principalibus
1518 325 1620 365 elec-

84 390 243 431 toribus
263 389 394 431 2illius
413 389 551 440 fuisse,
574 388 697 445 hujus
715 390 872 445 negotii
891 395 932 430 et
949 389 1109 431 itineris
1127 389 1252 431 duces
1273 395 1315 430 et
1326 390 1526 445 primates
1547 406 1621 431 ex-

83 456 238 497 sistere.
311 456 517 510 Magister
546 456 673 511 igitur
706 456 773 496 ille
815 456 1071 497 orationibus
1106 456 1183 498 viri
1219 456 1300 496 Dei
1334 471 1375 497 se
1411 471 1619 498 commen-

83 522 255 563 daturus
276 522 459 572 advenit,
483 527 524 562 et
546 537 663 563 servo
687 522 767 563 Dei
799 537 965 563 causam
988 528 1029 563 et
1049 522 1204 577 negotii
1225 522 1287 564 sui
1310 524 1529 564 materiam
1549 538 1619 564 ex-

83 588 280 643 planavit,
318 594 359 629 et
387 589 458 638 ait,
498 593 522 610 ‘⁶
546 588 709 629 Domne
737 593 868 643 pater,
902 594 1065 643 oportet
1098 604 1164 629 me
1195 603 1289 629 cum
1326 589 1510 643 praelatis
1532 589 1620 630 Du-

83 654 302 695 nelmensis
325 654 520 696 Ecclesiae
557 654 735 695 Romam
767 655 1039 696 conscendere
1067 660 1108 695 et
1136 655 1293 696 socium
1317 654 1440 710 hujus
1463 655 1621 698 itineris

84 735 177 761 cum
211 720 344 775 priore
368 721 593 762 Laurentio
615 736 715 762 esse.
780 720 907 762 Unde
929 722 1097 762 obsecro
1118 727 1165 762 ut
1187 722 1268 762 mei
1296 722 1544 772 memineris,
1578 732 1620 764 01

81 787 134 827 ab
170 786 482 828 imminentibus
509 787 550 827 in
587 792 706 828 tanto
740 787 886 828 itinere
921 787 1181 829 detrimentis
1209 788 1275 828 vel
1306 788 1510 843 periculis,
1536 790 1620 831 tuis

82 868 155 894 nos
176 854 365 908 precibus
396 853 592 894 tuearis.”
654 853 727 894 Ad
746 869 867 907 quem
889 854 969 904 ille,
992 859 1016 876 “
1043 853 1173 903 Vos,”
1195 854 1340 908 inquit,
1366 859 1390 877 ‘⁶
1406 854 1487 896 duo
1511 855 1620 897 Lau-

80 920 216 968 rentii,
240 935 349 960 nunc
372 920 549 960 Romam
573 919 789 974 disponitis
806 918 1023 974 proficisci,
1048 920 1119 961 sed
1135 936 1346 974 nunquam
1365 936 1438 962 vos
1454 921 1619 976 utrique

83 986 232 1026 amodo
263 987 344 1026 huc
378 985 491 1027 eritis
523 987 646 1027 ambo
676 986 863 1035 redituri,
900 986 972 1027 sed
1004 1002 1135 1040 neque
1157 987 1413 1028 Dunelmum
1441 988 1619 1043 amplius

83 1050 354 1106 305110011111.”
425 1052 612 1093 Territus
633 1052 760 1107 igitur
781 1052 847 1093 ille
870 1053 1169 1094 tremebundus
1191 1053 1328 1103 rediit,
1352 1058 1393 1094 et
1415 1058 1504 1094 tam
1529 1054 1620 1096 dira

83 1119 284 1173 praesagia
305 1119 406 1159 satis
427 1133 567 1159 secum
588 1118 855 1160 meticulosus
878 1119 1048 1173 expavit
1066 1136 1076 1167 ;
1102 1118 1362 1160 4haerebatur
1378 1120 1544 1174 quidem
1568 1136 1620 1162 ne

81 1185 186 1225 forte
208 1184 284 1225 viri
314 1184 393 1225 Dei
415 1185 543 1226 verba
573 1184 626 1226 ad
658 1185 775 1225 illum
811 1185 1077 1240 pertinerent,
1112 1200 1159 1226 eo
1184 1186 1294 1239 quod
1323 1186 1409 1241 ipse
1440 1191 1480 1227 et
1508 1187 1619 1242 prior

84 1250 280 1292 Ecclesiae
311 1252 474 1305 utrique
505 1250 755 1292 Laurentius
781 1251 917 1292 vocati
948 1256 1097 1293 essent.
1162 1251 1297 1306 Igitur
1328 1252 1370 1293 in
1402 1253 1619 1307 procinctu

82 1317 263 1372 aggressi
294 1317 452 1359 itineris
483 1317 681 1372 magister
719 1317 969 1359 Laurentius
1005 1317 1117 1372 apud
1156 1318 1357 1359 Sanctum
1386 1319 1614 1368 Albanum,

82 1383 255 1425 seculari
276 1383 423 1425 habitu
448 1384 648 1439 deposito,
667 1384 894 1425 monachus
917 1389 978 1425 est
1001 1384 1172 1426 effectus
1191 1402 1201 1432 ;
1227 1385 1338 1440 prior
1350 1400 1447 1426 vero
1462 1386 1618 1427 Dunel-

82 1449 234 1491 mensis
268 1450 446 1491 Romam
478 1450 686 1505 profectus
722 1466 795 1505 per
826 1450 982 1492 Gallias
1012 1450 1236 1498 rediturus,
1269 1451 1310 1492 in
1347 1452 1512 1507 regione
1548 1452 1618 1494 illa

84 1514 327 1557 ⁵defunctus
359 1522 420 1558 est
458 1522 498 1557 et
539 1518 737 1571 sepultus.
802 1516 870 1557 Sic
903 1517 1043 1572 itaque
1072 1517 1147 1558 viri
1179 1517 1259 1558 Dei
1294 1518 1384 1559 dira
1414 1519 1619 1573 praesagia

83 1583 289 1638 completa
324 1588 433 1633 sunt,
472 1588 513 1623 01
547 1589 645 1624 ante
676 1583 773 1624 anni
807 1583 928 1624 unius
963 1584 1124 1624 exitum
1160 1584 1360 1639 magistro
1393 1584 1618 1626 Laurentio

81 1648 173 1689 haec
197 1649 336 1690 omnia
366 1649 551 1704 pluribus
581 1650 797 1700 referente,
821 1665 845 1690 a
871 1650 1013 1691 multis
1042 1650 1208 1704 cognita
1237 1656 1278 1691 et
1307 1656 1481 1705 experta
1505 1656 1615 1702 sunt,

83 1715 152 1769 qui
180 1715 546 1757 Westmonasterii
568 1716 697 1757 abbas
722 1716 904 1765 effectus,
929 1722 1022 1771 post
1051 1731 1180 1757 annos
1202 1717 1338 1771 plures
1360 1717 1617 1759 Dunelmum

82 1781 209 1832 venit,
235 1787 276 1823 01
301 1782 388 1823 haec
410 1782 548 1823 omnia
569 1797 707 1823 coram
729 1782 925 1823 fratribus
947 1782 988 1822 in
1011 1782 1194 1837 capitulo
1216 1778 1462 1825 6enarravit.

82 1890 166 1925 Dec.
186 1892 305 1937 Script.
323 1904 356 1937 p.
376 1895 454 1927 281.
507 1893 557 1926 To
582 1894 665 1937 him,
684 1893 784 1927 while
809 1894 911 1927 abbot
932 1894 969 1927 of
985 1894 1239 1935 VVestminster,
1258 1894 1376 1927 Aih·ed
1402 1895 1440 1928 of
1461 1894 1617 1929 Riveaux

82 1937 260 1972 dedicated
282 1938 335 1972 his
355 1938 428 1972 Life
447 1940 485 1973 of
498 1940 545 1974 St.
561 1940 707 1973 Edward
724 1942 781 1973 the
801 1940 992 1984 Confessor,
1011 1941 1067 1974 the
1085 1947 1203 1986 patron
1229 1941 1324 1974 Saint
1342 1941 1378 1974 of
1391 1940 1464 1974 that
1482 1953 1617 1976 monas-

81 1990 165 2029 tery,
186 1984 268 2018 Dec.
287 1985 407 2031 Seript.
424 1998 456 2031 p.
477 1987 555 2020 370.
605 1986 645 2019 In
666 1989 755 2020 1162
779 1986 822 2019 he
840 1999 908 2020 was
933 1993 1068 2032 present
1085 1993 1119 2020 at
1136 1987 1193 2020 the
1219 1987 1435 2020 termination
1462 1988 1499 2020 of
1512 2000 1531 2021 a
1549 1988 1616 2022 dis-

78 2037 159 2076 pute
176 2031 329 2064 between
346 2032 398 2065 his
416 2033 540 2065 former
557 2032 676 2076 abode,
690 2032 747 2065 the
765 2032 891 2066 ehurch
906 2034 943 2066 of
957 2034 1004 2066 St.
1016 2033 1167 2076 Alban’s,
1186 2033 1251 2066 and
1266 2033 1337 2066 that
1349 2034 1386 2066 of
1400 2033 1554 2077 Lincoln,
1569 2035 1615 2069 id.

79 2089 111 2121 p.
130 2080 209 2111 533.
260 2078 288 2110 F
292 2078 406 2112 urther
432 2079 647 2112 information
672 2079 863 2124 respecting
887 2079 959 2112 him
984 2091 1063 2125 may
1081 2079 1124 2112 be
1142 2092 1222 2113 seen
1240 2080 1273 2112 in
1294 2080 1456 2113 Tanner's
1475 2080 1555 2113 Bibl
1584 2093 1617 2126 p.

79 2124 159 2167 472,
177 2124 243 2157 and
261 2124 294 2157 in
321 2124 433 2169 Dugd.
453 2125 602 2158 Monast.
620 2126 642 2158 i.
661 2128 739 2168 269,
758 2125 837 2159 edit.
857 2126 954 2160 Ellis.
1007 2126 1081 2159 The
1108 2126 1289 2172 Episcopal
1316 2126 1457 2172 Library
1476 2127 1513 2160 of
1527 2127 1616 2160 Dur-

78 2169 157 2203 ham
176 2171 329 2204 contains
347 2183 365 2204 a
382 2171 547 2205 beautiful
565 2178 822 2217 contemporary
840 2172 1048 2217 manuscript
1066 2173 1100 2205 in
1117 2173 1228 2206 which
1254 2184 1354 2206 occur
1379 2185 1481 2218 many
1498 2185 1616 2218 poenis

78 2216 116 2249 of
129 2228 192 2249 one
210 2217 247 2249 of
260 2217 356 2251 these
374 2218 575 2262 Laurences,
594 2218 655 2251 but
672 2218 782 2251 which
802 2219 839 2252 of
852 2219 944 2252 them
964 2219 991 2252 is
1009 2225 1066 2252 not
1086 2220 1178 2263 quite
1196 2219 1321 2264 clearly
1338 2220 1560 2254 ascertained.

128 2263 137 2283 ¹
161 2263 331 2298 Constitit.
379 2264 575 2308 Constituit,
597 2264 644 2297 H.
1012 2266 1024 2284 2
1050 2265 1177 2311 Illius]
1203 2266 1289 2307 Illis,
1312 2266 1358 2300 H.

126 2309 138 2328 ³
154 2311 339 2354 Aspectzcri.
387 2311 620 2355 Conspecturi,
643 2311 690 2345 H.
1007 2312 1021 2332 4
1040 2312 1269 2358 Haerebatur.]
1298 2312 1499 2354 Verebatur,
1519 2312 1568 2347 H.

125 2356 138 2374 ⁵
157 2356 347 2402 Defimctus
371 2359 444 2399 est]
474 2357 547 2390 The
566 2357 643 2390 date
661 2358 699 2390 of
717 2357 770 2391 his
796 2357 897 2390 death
923 2358 951 2391 is
977 2358 1073 2392 fixed
1102 2358 1147 2403 by
1165 2358 1306 2402 Leland,
1334 2371 1423 2404 upon
1442 2359 1531 2393 what
1557 2371 1616 2393 au-

79 2401 206 2447 thority
224 2403 303 2436 does
321 2410 378 2437 not
397 2415 530 2448 appear,
549 2415 592 2436 on
612 2403 693 2438 17th
712 2404 807 2449 May,
828 2406 917 2438 1154
935 2417 942 2445 3
968 2416 1024 2438 see
1045 2405 1209 2438 Tanner’s
1235 2405 1326 2438 Bibl.
1345 2417 1376 2450 p.
1396 2407 1474 2449 472,
1492 2411 1571 2439 11010
1583 2411 1617 2438 ¹¹¹.

81 2447 136 2481 He
153 2448 220 2482 had
238 2450 401 2494 certainly
415 2450 482 2482 had
495 2462 514 2482 a
528 2451 760 2483 conversation
778 2450 859 2483 with
877 2462 963 2495 pope
982 2451 1184 2484 Anastasius
1202 2451 1259 2484 the
1278 2451 1407 2484 Fourth
1427 2451 1547 2497 during
1558 2452 1616 2485 the

81 2495 200 2528 month
228 2495 266 2528 of
284 2495 473 2529 December
496 2496 674 2541 previous;
702 2508 757 2529 see
786 2496 844 2529 the
869 2497 1054 2541 Appendix
1072 2503 1106 2530 to
1132 2497 1190 2530 the
1213 2498 1323 2530 Three
1351 2497 1503 2531 Durham
1534 2499 1616 2531 His-

81 2541 218 2585 torians,
245 2541 315 2575 No.
342 2542 450 2575 xxvii.
516 2543 678 2588 Geoffrey
696 2543 734 2576 of
756 2542 981 2588 Coldingham
1014 2555 1092 2588 says
1124 2543 1177 2577 his
1202 2544 1293 2589 body
1319 2556 1386 2577 was
1420 2544 1615 2578 afterwards

81 2588 238 2621 removed
255 2594 290 2620 10
316 2588 480 2632 Durham,
506 2601 538 2634 p.
559 2592 579 2623 6
593 2602 600 2630 ;
627 2589 657 2622 if
677 2589 745 2622 this
769 2589 811 2622 be
837 2596 976 2633 correct,
994 2590 1052 2623 the
1077 2590 1276 2623 translation
1295 2590 1406 2623 would
1432 2602 1555 2635 appear
1580 2597 1614 2624 to

80 2632 164 2666 have
182 2634 281 2667 taken
301 2634 396 2679 place
413 2635 497 2668 after
514 2635 571 2668 the
589 2636 723 2680 writing
740 2635 777 2668 of
790 2635 857 2669 this
875 2635 1023 2681 chapter.

127 2680 140 2699 ⁶
159 2680 371 2726 Enarravit]
397 2681 437 2714 In
456 2681 514 2714 the
540 2681 635 2715 Harl.
656 2693 867 2726 anonymous
892 2682 1014 2727 legend
1032 2682 1089 2715 the
1115 2682 1267 2716 incident
1284 2683 1313 2716 is
1330 2682 1409 2715 thus
1434 2683 1590 2715 narrated
1607 2696 1613 2717 :

82 2725 197 2759 “Post
214 2734 357 2760 mortem
372 2727 540 2761 Willelmi
560 2728 800 2761 Dunelmensis
819 2729 967 2774 episcopi
986 2729 1114 2762 electus
1132 2735 1182 2762 est
1200 2741 1219 2762 a
1236 2728 1353 2762 multis
1373 2728 1474 2773 Hugo
1494 2728 1615 2762 Pucia-

82 2773 192 2806 censis
210 2786 218 2814 3
244 2773 303 2806 sed
320 2779 455 2819 propter
473 2774 636 2818 quosdam
655 2774 918 2808 contradictores
937 2775 1084 2820 oportuit
1101 2775 1144 2808 ad
1162 2775 1277 2808 sedem
1294 2774 1515 2819 apostolicam
1529 2787 1614 2809 nun-

83 2818 147 2851 tios
174 2819 345 2853 destinari.
409 2820 502 2853 Inter
531 2832 614 2865 quos
642 2828 735 2853 erant
763 2821 965 2854 Laurentius
995 2822 1083 2866 prior
1114 2821 1365 2863 Dunelmensis,
1396 2827 1429 2853 et
1455 2822 1615 2866 magister

82 2864 296 2906 Laurentius,
332 2866 387 2910 qui
417 2866 508 2899 venit
535 2867 576 2899 ad
604 2867 765 2900 Sanctum
800 2867 864 2900 Dei
895 2867 1083 2900 orationum
1117 2867 1276 2911 suffragia
1308 2867 1487 2912 petiturus.
1538 2867 1614 2912 Cui,

82 2912 90 2928 ‘
107 2910 203 2953 Vos‚'
218 2911 338 2958 inquit,
358 2914 367 2930 ί
381 2912 447 2945 duo
467 2912 640 2946 Laurentii
659 2914 803 2946 Romam
822 2913 972 2957 tenditis,
987 2913 1046 2946 sed
1059 2913 1126 2946 huc
1144 2925 1315 2958 nunquam
1334 2913 1433 2947 ambo
1451 2913 1614 2958 redibitis,
