1839 3186
693 158 1055 193 ARGUMENTUM.

128 278 344 332 Quomodo
374 276 509 319 virum
531 274 611 317 Dei
643 277 917 330 aegrotantem
945 271 1082 314 subito
1108 269 1239 312 hostis
1263 269 1456 325 antiquus

185 344 404 400 expulerit,
429 348 470 385 et
492 342 543 384 de
563 341 715 383 lectulo
736 341 779 382 in
801 339 985 381 medium
1008 337 1205 379 Ecclesiae
1227 336 1443 393 projecerit

126 412 343 465 Quomodo
383 410 547 451 cuidam
582 408 727 449 clerico
758 406 885 449 nobili
910 404 1153 461 praedixerit
1182 404 1281 459 quid
1316 404 1451 445 Priori

184 477 453 519 Dunelmensi
478 477 653 517 Romam
675 473 887 530 peragenti
908 477 1205 528 proventurum
1229 471 1373 513 fuisset

127 544 315 599 Qualiter
346 543 532 585 diabolus
562 542 604 583 in
635 541 895 598 peregrinum
918 544 1222 581 transmutatus
1243 538 1280 580 ei
1302 538 1453 594 impro-

184 611 356 667 peravit,
381 615 421 652 et
443 609 619 665 qualiter
638 609 691 650 ab
712 608 781 649 illo
807 607 993 649 devictus
1014 606 1067 648 sit

128 678 314 732 Qualiter
337 677 459 719 fratri
489 676 653 718 cuidam
675 674 914 731 praedixerit
941 673 1031 728 quis
1058 671 1150 715 finis
1177 671 1314 723 duelli,
1345 671 1456 726 quod

185 744 475 787 commissurus
496 744 630 785 fuerat
650 741 838 784 minister
862 739 962 797 ejus,
984 744 1258 795 proventurus
1278 739 1402 781 fuerit
1444 771 1453 780 .

128 812 230 865 Quae
252 816 410 853 secreta
433 811 586 852 Sancto
609 810 778 851 Thomae
805 807 1033 857 mandavit,
1058 812 1104 848 etv
1134 822 1223 861 quae
1248 806 1307 848 illi
1335 820 1453 848 even-

184 884 280 920 tura
300 878 485 928 fuissent,
512 875 747 932 exposuerit

130 945 317 998 Qualiter
347 949 514 986 taurum
545 943 621 985 sibi
652 942 929 984 adducentem
951 940 1200 996 praeviderit,
1232 945 1274 982 et
1301 940 1455 983 Sancto

186 1011 417 1053 Outhberto
438 1011 554 1052 illum
576 1010 664 1051 dari
685 1007 925 1064 praeceperit

130 1078 317 1132 Qualiter
351 1078 559 1119 ministros
591 1077 641 1118 de
674 1075 849 1131 piscaria
878 1089 1030 1116 vacuos
1062 1073 1282 1115 redeuntes
1306 1073 1456 1115 iterum

187 1160 256 1187 eos
285 1160 332 1186 eo
358 1145 491 1186 redire
521 1143 712 1199 coegerit,
741 1147 783 1184 et
813 1147 897 1183 tres
929 1141 1060 1196 pisces
1090 1141 1133 1182 in
1162 1140 1339 1183 vasculis
1373 1140 1457 1182 suis

187 1211 360 1253 detineri
382 1211 621 1267 praedixerit

130 1279 316 1332 Qualiter
339 1278 381 1319 in
402 1278 533 1319 forma
556 1276 738 1319 mulieris
760 1275 946 1317 diabolus
967 1274 1004 1316 ei
1023 1274 1194 1316 illudere
1215 1274 1367 1326 volens,
1387 1273 1457 1316 de-

185 1345 409 1401 prehensus
431 1350 472 1386 et
497 1344 683 1386 devictus
704 1343 756 1385 sit
795 1376 805 1385 .

130 1412 194 1453 Ut
221 1412 351 1453 hostis
377 1411 571 1466 antiquus
596 1411 771 1452 formam
795 1410 973 1452 hominis
999 1408 1182 1459 indutus,
1211 1408 1347 1450 virum
1376 1407 1456 1449 Dei

188 1479 239 1520 de
261 1479 357 1520 foris
381 1478 621 1533 exquisierit
640 1495 651 1527 z,
676 1482 717 1519 et
740 1477 915 1531 qualiter
938 1477 990 1519 ab
1015 1476 1103 1531 ipso
1126 1476 1176 1517 de
1197 1475 1306 1517 intro
1323 1475 1457 1531 posito

188 1544 275 1601 ejus
296 1545 452 1587 astutia
473 1550 684 1600 comperta
705 1544 759 1586 sit
803 1576 811 1585 .

134 1612 321 1665 Qualiter
355 1612 590 1653 ministrum
627 1626 746 1653 suum
780 1610 822 1652 in
857 1610 1026 1652 domum
1061 1609 1201 1652 fratris
1240 1609 1455 1651 divertisse

190 1680 438 1734 cognoverit,
463 1684 504 1720 et
527 1678 667 1719 uxoris
687 1677 897 1732 appetitus
920 1676 1125 1719 detexerit

1598 146 1645 186 11

1459 229 1624 252 CAPITULU
1630 229 1654 250 M

1555 334 1653 392 cxij.

1541 468 1653 526 cxiij.

1544 603 1653 646 cxiv.

1560 753 1652 780 cxv.

1543 870 1653 928 cxvj.

1530 1005 1654 1062 exvij.

1448 1240 1457 1249 .
1514 1205 1655 1263 cxviij.

1541 1340 1653 1382 cxix.

1558 1556 1654 1583 CXX.

1543 1674 1655 1731 cxxj.

133 1746 197 1787 De
231 1745 344 1787 tibiis
380 1750 421 1786 et
458 1745 632 1800 pedibus
662 1744 839 1786 ministri
870 1743 1051 1792 inflatis3
1100 1742 1173 1785 sed
1205 1742 1353 1794 subito,
1388 1743 1457 1784 illo
1514 1742 1519 1747 ⁴

188 1812 379 1853 manibus
400 1817 696 1862 contrectante,
721 1810 875 1853 sanatis

132 1879 320 1932 Qualiter
342 1878 502 1920 ruinam
523 1879 698 1919 fratrum
722 1877 776 1918 ad
797 1893 839 1919 se
860 1877 1113 1920 venientium
1137 1877 1179 1917 in
1201 1875 1347 1931 spiritu
1367 1891 1457 1931 per-

188 1945 372 1996 senserit,
396 1950 437 1987 et
459 1945 664 2000 quomodo
685 1944 868 1985 futuram
890 1944 970 1986 illis
991 1943 1196 1985 detexerit
1234 1975 1243 1984 .

132 2011 321 2066 Qualiter
360 2011 548 2053 inimicus
595 2026 688 2053 cum
732 2011 924 2066 ampullis
963 2010 1182 2067 apparuit;
1236 2014 1277 2051 et
1313 2008 1356 2049 in
1391 2024 1459 2050 ore

190 2078 296 2121 servi
312 2078 421 2120 illius
442 2078 668 2129 effundens,
685 2078 801 2133 gravi
822 2078 969 2120 ulceris
983 2092 1131 2133 genere
1147 2076 1263 2118 illum
1284 2076 1459 2131 perculit

135 2145 257 2199 Quod
283 2150 411 2187 coetus
438 2145 675 2186 daemonum
706 2145 854 2200 saepius
882 2144 991 2186 illius
1022 2143 1210 2186 cellulam
1241 2142 1459 2198 ingressus,

192 2212 349 2254 diutius
377 2211 434 2254 ibi
457 2212 660 2253 demorari
691 2216 1017 2260 consueverant;
1057 2215 1098 2252 et
1120 2210 1296 2265 qualiter
1321 2225 1461 2252 servus

192 2278 331 2334 ipsius,
355 2278 485 2320 securi
507 2283 684 2333 arrepta,
708 2279 751 2319 in
772 2278 862 2319 illos
883 2278 1036 2319 irruere
1057 2292 1138 2318 non
1159 2276 1375 2332 pertimuit

135 2346 322 2399 Qualiter
346 2345 452 2387 vidit
482 2345 651 2400 spiritus
684 2359 860 2398 nequam
894 2345 969 2386 sub
998 2343 1132 2399 specie
1158 2343 1325 2385 corvina
1353 2359 1461 2384 com-

191 2427 347 2467 parere,
372 2417 413 2452 et
434 2426 574 2466 pravae
602 2411 875 2467 suggestionis
903 2410 1089 2452 ludibriis
1117 2410 1268 2451 domno
1293 2425 1365 2451 suo
1389 2425 1458 2452 vo-

190 2478 312 2519 luisse
334 2477 526 2519 deludere

135 2544 321 2597 Qualiter
355 2549 540 2599 tempore
578 2543 813 2585 refectionis
851 2543 903 2585 ab
937 2543 1056 2585 hoste
1089 2543 1357 2599 impugnatus
1391 2542 1457 2592 sit,

192 2610 263 2652 sed
287 2615 426 2651 tamen
447 2611 489 2651 in
511 2625 552 2652 se
574 2610 765 2652 confusus
785 2609 992 2665 aufugerit
1024 2641 1034 2651 .

135 2677 323 2730 Qualiter
355 2677 560 2732 malignus
583 2676 671 2717 viro
696 2676 776 2717 Dei
807 2676 955 2726 astitit,
984 2684 1026 2717 et
1062 2675 1162 2717 dum
1193 2675 1235 2716 in
1266 2675 1381 2716 illum
1409 2675 1461 2716 ir—

191 2758 308 2783 ruere
336 2758 417 2783 non
450 2742 601 2797 potuit,
627 2742 818 2784 versutiae
854 2757 937 2784 suae
973 2742 1252 2797 delegationes
1277 2742 1459 2784 occultas

192 2808 248 2849 illi
271 2809 475 2849 detexerit
1025 2841 1033 2849 .

135 2874 199 2916 De
230 2874 362 2916 forma
385 2874 650 2929 phantastica
679 2890 802 2929 quam
834 2874 955 2925 vidit,
984 2874 1048 2916 vel
1070 2873 1234 2928 quando
1256 2874 1460 2917 orationes

1528 1807 1657 1864 cxxij.

1448 1976 1457 1984 .
1514 1940 1658 1998 cxxiij.

1520 2075 1659 2117 cxxiv.

1534 2291 1658 2320 CXXV.

1516 2475 1658 2531 cxxvj.

1453 2641 1462 2650 .
1504 2607 1660 2664 cxxvij.

1451 2843 1459 2851 .
1490 2807 1658 2863 cxxviij.
