1839 3186
198 179 255 221 92
726 189 959 222 LIBELLus
996 188 1058 220 DE
1094 189 1209 221 VITA

198 309 270 348 per
283 292 453 334 nimiam
470 292 634 349 frigoris
652 292 982 348 castigationem,
1000 292 1061 333 ita
1077 297 1124 333 ut
1143 307 1236 333 caro
1253 297 1359 339 tota,
1377 307 1467 346 quee
1484 293 1734 335 lasciviendo

198 364 481 410 exaestuasset,
510 364 602 401 tota
634 374 890 401 marcescens
913 364 954 400 et
991 358 1178 413 squalida
1201 374 1288 414 prae
1311 358 1462 414 frigore
1499 360 1626 401 nimio
1651 366 1733 401 tre-

196 431 328 467 meret
352 431 477 480 atque
498 426 666 481 rigeret.
738 424 994 481 Hujusmodi
1015 425 1180 466 lavacro
1205 426 1353 480 seepius
1374 425 1544 469 saeviens
1575 431 1637 468 est
1663 442 1732 468 ex-

197 492 351 534 stincta
370 493 512 543 libido,
531 507 606 534 nec
626 492 804 548 grassari
827 492 984 533 diutius
996 490 1114 546 vigor
1137 491 1246 533 illius
1266 492 1403 546 potuit
1425 507 1549 545 quam
1572 493 1734 548 frigoris

197 558 364 600 inimica
384 559 596 613 pernicies,
625 558 736 600 omni
759 558 950 613 depresso
978 558 1124 608 calore,
1147 557 1362 599 restrinxit
1381 575 1391 607 ;
1435 564 1477 599 01
1498 559 1540 600 111
1573 560 1637 601 his
1660 559 1732 600 ali-

197 625 357 680 quoties
374 625 601 666 Dominum
622 629 868 666 exoraturus
892 639 934 666 se
951 623 1166 665 infundere
1181 624 1405 675 consuevit,
1415 627 1604 679 quamvis
1618 626 1733 667 nulla

197 692 432 747 petulantia
472 706 637 733 carnem
667 691 891 733 resolutam
922 689 1148 746 persentire
1185 690 1401 745 potuisset,
1433 707 1481 732 eo
1524 692 1635 746 quod
1673 692 1731 733 ibi

196 773 290 799 cum
311 758 459 813 spiritu
493 757 681 799 alacriori
719 762 809 798 toto
842 757 980 798 animo
1003 755 1185 797 Domino
1215 756 1290 799 soli
1317 772 1463 799 vacare
1498 758 1728 813 potuisset;

197 829 366 878 eratque
399 824 478 865 hoc
508 823 699 865 omnibus
720 823 910 879 ignotum
944 827 986 864 et
1018 822 1235 874 invisibile,
1271 823 1368 878 quia
1397 824 1499 865 nulli
1535 825 1730 867 domesti-

196 905 338 932 corum
361 889 448 946 ejus
469 890 554 932 sive
576 905 788 932 servorum
809 889 997 945 pervium
1021 888 1087 930 vel
1108 889 1358 932 accessibile.

255 958 277 1012 ξ
303 959 374 998 81.
407 956 566 999 Clausis
586 956 725 1011 itaque
750 956 801 997 de
822 956 932 997 intro
970 955 1147 1010 Capellae
1176 970 1259 997 suae
1286 954 1443 1012 januis,
1476 956 1636 1012 quoties
1666 972 1731 999 ar-

197 1022 366 1065 dentem
406 1022 448 1064 in
490 1038 565 1065 sua
599 1037 720 1064 carne
756 1022 938 1064 libidinis
973 1021 1161 1063 fomitem
1196 1023 1462 1077 persensisset
1494 1039 1727 1079 exsurgere,

195 1105 295 1131 mox
325 1091 367 1131 in
389 1090 446 1131 eis
467 1089 686 1145 ingressus,
709 1104 919 1143 nunquam
941 1088 994 1130 ab
1016 1087 1114 1143 ipsis
1136 1089 1275 1143 egredi
1297 1089 1440 1140 voluit,
1466 1089 1595 1131 donec
1616 1090 1729 1131 omni

196 1172 365 1212 corpore
386 1161 591 1198 tremente
622 1161 664 1197 et
692 1156 905 1206 fremente,
930 1155 1063 1197 omnis
1087 1154 1269 1196 libidinis
1291 1155 1470 1197 furorem
1496 1156 1727 1198 edomando

197 1223 488 1265 restrinxisset.
552 1222 597 1264 Si
619 1222 685 1264 die
716 1238 800 1264 una
820 1223 885 1264 vel
906 1227 1039 1271 nocte,
1073 1222 1138 1263 vel
1167 1236 1214 1262 eo
1235 1222 1423 1277 amplius,
1448 1223 1543 1264 talis
1560 1222 1729 1264 flamma

196 1290 319 1345 sopiri
340 1290 403 1331 vel
421 1289 628 1344 exstingui
646 1289 791 1340 noluit,
812 1289 898 1344 ipse
921 1288 971 1329 de
993 1288 1072 1329 illis
1091 1287 1231 1343 egredi
1247 1289 1483 1331 nullatenus
1498 1290 1724 1331 consuevit.

197 1356 446 1411 Aceiditque
484 1356 697 1397 multoties
732 1360 780 1397 ut
820 1355 946 1396 etiam
982 1354 1164 1396 libidinis
1206 1354 1435 1396 daemonem
1474 1356 1646 1406 videret,
1685 1361 1726 1398 et

197 1423 312 1477 quasi
347 1422 504 1478 spicula
533 1422 691 1463 torrida
726 1428 767 1463 et
798 1422 985 1463 toxicata
1014 1421 1212 1462 adversus
1243 1421 1358 1462 illum
1391 1422 1605 1463 conamine
1635 1428 1724 1464 toto

195 1490 419 1544 dirigeret3
456 1489 565 1543 quod
588 1489 656 1530 ille
680 1488 835 1537 videns,
869 1493 987 1529 tanto
1023 1487 1278 1529 orationibus
1309 1489 1483 1530 assuetis
1507 1490 1724 1530 vehemen-

194 1555 277 1597 tius
307 1556 471 1606 institit,
505 1570 584 1609 quo
616 1555 692 1597 sibi
727 1554 1072 1596 necessitudinem
1101 1554 1332 1608 graviorem
1368 1555 1612 1609 praeminere
1635 1572 1724 1611 pera

195 1623 335 1671 sensit,
370 1638 459 1676 quee
491 1623 606 1677 signo
645 1621 787 1663 Crucis
818 1621 1019 1676 opposito,
1059 1621 1207 1675 saepius
1244 1622 1450 1675 repressit,
1490 1627 1531 1663 et
1572 1623 1724 1665 crebris

194 1689 458 1730 lacrimarum
480 1687 645 1730 fluentis
677 1688 887 1729 exorando
919 1687 1135 1729 exstinxit.
1207 1686 1340 1728 Carne
1373 1703 1468 1728 vero
1507 1689 1724 1743 aliquoties

195 1755 251 1796 sic
283 1754 553 1806 inflammata,
594 1770 693 1796 mox
735 1754 920 1809 confugit
954 1754 1060 1795 infra
1095 1753 1193 1794 dolii
1228 1754 1456 1809 praescripti
1496 1755 1720 1803 lavacrum,

194 1837 403 1876 quousque
448 1822 498 1862 de
542 1836 719 1876 nequam
768 1821 915 1875 spiritu
955 1820 1137 1861 victoriae
1179 1820 1424 1862 obtinuisset
1466 1822 1720 1876 expeditum.

196 1888 323 1929 Unde
356 1888 452 1929 licet
486 1904 609 1942 quam
645 1888 863 1929 manifesto
900 1887 1183 1942 experimento
1218 1887 1408 1941 colligere
1445 1903 1568 1941 quam
1592 1888 1721 1930 victo-

191 1954 322 1996 riosus
345 1955 498 1996 Christi
522 1955 682 1995 athleta
706 1954 772 1994 hic
792 1953 854 1995 vir
874 1953 1025 1994 meruit
1048 1968 1185 1993 coram
1216 1953 1396 1993 Domino
1418 1954 1628 2005 exsistere,
1651 1955 1718 2009 qui

192 2036 286 2061 cum
322 2021 455 2062 Beato
489 2021 622 2061 Paulo
645 2021 850 2075 Apostolo
880 2019 1096 2074 praevaluit
1132 2019 1143 2039 ¹
1163 2019 1247 2059 tela
1280 2019 1432 2060 diaboli
1460 2020 1592 2074 ignita
1626 2037 1718 2062 eon-

191 2087 363 2128 terendo
399 2087 632 2141 reprimere.
697 2086 876 2126 Indutus
915 2086 1081 2139 quidem
1109 2091 1196 2126 erat
1218 2084 1419 2139 spirituali
1451 2087 1577 2128 lorica
1607 2086 1715 2136 fidei,

190 2168 272 2207 qua
293 2153 496 2194 diabolica
519 2154 603 2194 tela
622 2152 779 2200 relisit;
816 2156 857 2192 et
878 2151 1016 2207 gladio
1048 2150 1205 2201 salutis,
1226 2167 1307 2205 qua
1332 2152 1455 2193 verbo
1478 2153 1558 2194 Dei
1580 2154 1718 2195 omnia

189 2218 277 2274 ejus
317 2234 508 2274 perversa
547 2218 883 2260 machinamenta
913 2217 1119 2265 confudit3
1159 2223 1201 2258 et
1240 2218 1360 2272 galea
1399 2219 1590 2261 salutaris
1623 2235 1717 2261 0011-

188 2286 386 2336 tinentiae,
424 2300 504 2339 qua
537 2284 750 2340 praestigia
782 2289 932 2325 cuncta-
967 2283 1192 2338 spiritualis
1226 2284 1418 2337 nequitiae
1452 2286 1529 2326 sibi
1565 2286 1715 2327 meruit

186 2351 419 2407 subjugare.
483 2351 575 2392 Tali
604 2350 827 2392 certamine
850 2350 1006 2391 Christi
1037 2349 1226 2405 agonista
1261 2365 1407 2405 corpus
1443 2352 1640 2403 edomuit,
1674 2357 1715 2394 et

186 2418 324 2460 omnia
346 2417 498 2459 diaboli
524 2417 767 2459 molimenta
788 2416 1018 2458 20011trivit.

625 2503 641 2523 ,ὲ

232 2559 239 2578 ¹
348 2584 354 2591 ,
444 2568 454 2588 1
485 2582 489 2588 .
531 2556 551 2589 “.
618 2583 624 2590 .

228 2605 240 2623 2
260 2556 479 2649 gdizclrilvill]ll
500 2559 699 2637 Γ1111016Η1111.
728 2613 939 2647 anonymous
968 2601 1134 2635 narrative
1159 2601 1237 2635 thus
1267 2601 1421 2645 abridges
1450 2600 1518 2634 this
1545 2607 1712 2635 account:

184 2653 204 2669 ‘⁴
221 2651 307 2684 Cum
342 2650 452 2683 adhuc
486 2649 625 2682 sentiret
655 2655 899 2693 temptamenta
926 2648 1091 2689 libidinis,
1115 2647 1286 2681 oecultum
1316 2647 1379 2681 sibi
1410 2647 1490 2680 fecit
1518 2647 1582 2680 hoc
1611 2647 1712 2680 modo

182 2697 382 2730 remedium.
431 2696 570 2729 Delium
596 2695 700 2739 jussit
728 2695 853 2736 afferri,
877 2694 965 2739 quod
990 2694 1061 2739 ipse
1086 2694 1119 2726 in
1140 2694 1278 2739 Capella
1303 2694 1434 2727 Sanctae
1461 2693 1592 2737 Mari-(e,
1611 2705 1711 2738 quam

183 2743 265 2777 nulli
284 2749 404 2788 praeter
422 2754 498 2775 eum
518 2742 645 2786 ingredi
673 2747 753 2774 111110
769 2741 904 2784 licebat,
923 2747 1020 2773 terrae
1044 2740 1115 2773 solo
1141 2740 1273 2784 infodit,
1293 2746 1326 2773 ct
1343 2752 1429 2784 aqua
1455 2751 1588 2773 summo
1614 2748 1712 2773 tenus

180 2790 344 2834 implevit.
396 2789 477 2822 Erat
503 2795 615 2821 autem
642 2788 712 2821 solo
739 2794 960 2832 coaequatum,
987 2792 1020 2819 et
1046 2787 1205 2820 stramine
1231 2798 1309 2819 011111
1334 2786 1517 2831 suppositis
1542 2786 1711 2819 asseribus

180 2838 227 2869 ita
244 2841 448 2879 contectum,
467 2841 504 2868 ut
523 2846 733 2879 nequaquam
752 2834 961 2867 intuentibus
987 2839 1170 2877 appareret.
1222 2833 1272 2865 Ibi
1299 2845 1335 2866 se
1362 2844 1467 2877 usque
1491 2833 1532 2865 ad
1558 2838 1709 2865 mentum

180 2883 261 2916 liora
286 2882 516 2927 temptationis
542 2881 718 2924 immersit,
746 2887 778 2914 ct
803 2880 852 2914 sie
879 2880 935 2913 diu
966 2886 1057 2912 stans
1083 2880 1246 2912 fervorem
1280 2879 1400 2923 frigore
1427 2879 1608 2923 superavit.
1672 2878 1707 2911 Si
