1839 3186
589 205 647 235 ET
682 204 948 236 MIRACULIS
985 205 1018 236 s.
1046 204 1259 237 GODRICI.
1607 196 1689 242 457

159 313 303 350 contra
323 324 486 350 omnem
510 308 596 363 spei
624 307 835 357 fiduciam,
866 309 951 363 spei
986 308 1169 351 certioris
1197 309 1514 351 fundamentum
1548 312 1689 353 solidae

160 374 448 417 ¹credulitatis
472 376 617 416 erexit.
682 375 808 415 Unde
842 380 882 415 et
914 373 1041 415 filiam
1069 390 1184 416 suam
1217 390 1353 416 secum
1386 377 1454 417 illo
1479 378 1688 432 perduxit,

157 457 205 483 ac
236 442 377 483 sedulo
402 441 533 483 sancti
566 442 640 483 viri
672 441 751 482 Dei
777 441 946 481 Godrici
976 441 1300 482 misericordiam
1332 458 1405 497 pro
1438 442 1524 498 ejus
1556 445 1689 486 salute

156 508 382 563 postulavit
399 525 408 555 ;
435 508 507 549 sed
529 508 634 549 forte
653 508 831 549 Sanctus
846 507 925 548 Dei
940 506 1034 548 fidei
1056 508 1332 549 constantiam
1349 510 1525 564 experiri
1541 510 1686 559 voluit,

158 575 253 629 quia
275 576 450 616 salutem
471 576 724 629 postulatam
746 574 866 616 citius
888 574 1041 615 donare
1063 574 1237 616 distulit.
1285 575 1395 616 Nam
1417 577 1541 617 semel
1564 582 1604 617 et
1627 593 1689 618 se-

158 642 292 682 cundo
314 642 382 682 illo
405 657 563 691 venere,
594 647 635 682 et
660 646 825 682 noctem
856 656 949 682 cum
981 640 1047 682 die
1078 641 1267 695 precibus
1292 646 1582 697 transagentes
1611 659 1687 685 nec

159 708 258 748 dum
281 708 484 749 desideria
505 724 578 749 sua
601 709 792 762 consequi
814 713 1003 763 potuere,
1038 713 1082 748 at
1098 707 1253 749 diutius
1275 708 1523 750 desiderium
1546 725 1688 751 earum

159 775 410 828 protelatum
443 773 539 815 fidei
571 775 800 817 constantis
837 775 894 816 eis
929 774 1123 829 praestitit
1156 773 1345 830 ‘²1najoris
1372 776 1686 819 incrementum.

158 840 299 882 Tertio
320 841 446 896 igitur
466 841 534 882 illo
556 842 778 892 venientes,
814 856 932 882 aures
955 841 1099 882 Sancti
1121 841 1202 882 Dei
1222 841 1300 896 piis
1320 842 1541 896 pulsabant
1557 844 1690 899 preci-

156 907 245 957 bus,
269 923 442 961 quarum
471 908 642 949 tandem
663 908 769 950 votis
798 907 943 949 annuit
976 907 1017 948 in
1037 907 1317 949 misericordia
1348 923 1421 950 sua
1453 914 1493 950 et
1521 910 1688 952 misera-

157 974 352 1016 tionibus.
407 974 515 1015 Nam
537 975 684 1029 capitis
705 975 900 1015 interiora
923 974 977 1015 ad
995 974 1256 1029 sepulchrum
1276 975 1495 1017 residentis
1516 976 1688 1019 infirmae

157 1041 339 1082 mulieris
361 1046 448 1082 tam
470 1041 709 1082 subitaneus
741 1041 856 1081 dolor
884 1040 1048 1091 invasit,
1073 1041 1183 1095 quod
1204 1041 1276 1083 vix
1302 1042 1412 1083 illius
1438 1051 1599 1084 motum
1624 1045 1686 1085 in-

156 1111 321 1148 ternum
343 1123 390 1148 ac
412 1108 745 1149 intercutaneum
767 1107 967 1148 sustinere
992 1107 1223 1162 praevaluit.
1286 1108 1446 1163 Nempe
1469 1110 1688 1152 clementia

157 1173 300 1215 Sancti
317 1173 485 1215 Godrici
506 1174 640 1223 affuit,
659 1173 774 1229 cujus
790 1174 956 1215 virtutis
977 1174 1113 1228 gratia
1130 1174 1171 1215 in
1186 1189 1277 1215 eam
1292 1174 1543 1218 descendens
1559 1192 1687 1231 aquas

154 1241 375 1282 humorum
398 1241 616 1282 noxiorum
647 1241 753 1282 infra
777 1240 890 1282 illam
916 1241 1139 1283 commovit
1170 1246 1211 1281 ct
1236 1242 1512 1296 perturbavit.
1565 1244 1687 1296 Quod

155 1313 290 1349 mater
310 1313 356 1349 ut
379 1308 591 1363 comperit,
615 1308 712 1349 foris
735 1308 789 1348 ad
817 1322 944 1361 aquas
976 1322 1115 1349 secum
1148 1306 1275 1348 filiam
1301 1308 1509 1363 perduxit,
1534 1314 1575 1351 et
1601 1326 1684 1365 prae

154 1375 271 1416 nimii
293 1375 453 1416 sudoris
475 1375 619 1416 ardore
641 1375 727 1416 lota
748 1373 835 1430 ejus
856 1374 959 1415 facie
982 1379 1023 1415 et
1045 1374 1280 1415 madefacto
1303 1376 1437 1429 capite
1459 1376 1609 1417 iterum
1630 1378 1685 1418 ad

154 1442 415 1496 sepulchrum
436 1456 526 1482 eam
555 1441 735 1492 reduxit,
757 1440 829 1482 ubi
855 1441 953 1481 dum
982 1440 1221 1495 aliquandiu
1243 1456 1336 1482 cum
1359 1442 1494 1496 quiete
1515 1444 1682 1495 resedit,
1729 1441 1735 1449 ’

154 1509 370 1563 capucium
392 1523 485 1549 cum
508 1508 763 1563 operimento
785 1507 908 1549 altius
928 1523 952 1548 a
974 1522 1046 1548 suo
1069 1507 1204 1562 capite
1227 1508 1434 1557 detraxit;
1470 1510 1543 1551 sed
1568 1526 1682 1552 acce-

152 1575 275 1616 dente
296 1575 463 1630 propius
483 1580 615 1616 matre
635 1590 683 1615 ac
700 1575 839 1616 vultus
855 1574 963 1615 illius
983 1573 1185 1624 intuente,
1203 1579 1294 1616 tota
1315 1590 1416 1616 sana
1437 1578 1683 1632 comparuit,

153 1642 364 1696 omnisque
385 1642 507 1696 leprae
530 1642 674 1696 prioris
695 1641 803 1682 foeda
824 1641 981 1682 scabies
994 1639 1085 1696 jan]
1107 1646 1343 1692 recesserat,
1362 1642 1551 1697 labiaque
1574 1643 1683 1686 illius

152 1723 253 1749 sana
273 1723 320 1749 ac
342 1713 481 1758 tenua,
504 1708 629 1750 facies
650 1723 745 1749 vero
775 1712 866 1749 tota
896 1708 1133 1748 incontacta
1160 1723 1208 1748 ac
1236 1709 1361 1757 clara,
1385 1709 1498 1750 velut
1520 1711 1682 1765 parvuli

151 1774 364 1830 cujusdam
386 1775 557 1816 triennis
577 1775 818 1830 apparebat.
857 1774 957 1827 Quae
979 1789 1062 1815 una
1080 1789 1174 1815 cum
1195 1779 1328 1815 matre
1351 1790 1489 1830 sospes
1511 1777 1680 1818 domum

148 1841 284 1892 rediit,
308 1857 396 1895 quae
418 1842 487 1883 illo
506 1841 618 1897 prius
640 1846 730 1882 tota
752 1842 874 1896 leprae
896 1841 1073 1896 pustulis
1094 1845 1135 1882 et
1157 1841 1269 1882 sanie
1302 1847 1516 1884 contracta
1536 1859 1681 1898 perve-

147 1908 223 1950 nit.
286 1908 356 1950 Ab
388 1909 475 1964 ipso
505 1909 632 1963 igitur
663 1908 728 1949 die
756 1923 804 1949 ac
830 1907 1022 1961 deinceps
1052 1907 1153 1948 nihil
1183 1907 1234 1948 de
1264 1906 1501 1963 hujusmodi
1531 1925 1680 1965 genere

148 1975 405 2030 contagionis
433 1975 558 2016 sensit
579 1979 652 2016 aut
673 1974 860 2029 pertulit,
883 1974 956 2016 sed
986 1973 1028 2013 in
1050 1974 1228 2015 sanitate
1250 1974 1328 2015 sibi
1350 1975 1505 2016 donata
1529 1977 1676 2017 multo*

146 2056 238 2082 rum
259 2042 417 2083 animos
438 2042 492 2083 ad
515 2041 594 2082 Dei
619 2042 784 2083 laudem
807 2045 848 2082 et
869 2040 1042 2096 gloriam
1067 2041 1259 2089 sustulit,
1293 2056 1391 2082 nam
1413 2043 1501 2083 haec
1524 2042 1676 2084 immu-

145 2108 251 2148 tatio
274 2108 455 2150 dexterae
475 2108 642 2150 Excelsi
665 2107 840 2157 exstitit,
862 2123 950 2162 quae
972 2107 1170 2149 virtutem
1192 2112 1232 2149 et
1254 2109 1486 2162 potentiam
1505 2114 1592 2151 tam
1617 2110 1680 2151 in-

145 2189 360 2216 numeram
392 2175 546 2216 Sancto
570 2175 749 2216 Godrico
776 2189 801 2215 a
828 2174 1009 2215 Domino
1042 2173 1241 2215 donatam
1273 2175 1432 2217 cunctis
1463 2176 1679 2231 terrigenis

140 2245 333 2295 patenter
354 2242 547 2283 ostendit.

204 2308 225 2362 ᾗ
248 2310 345 2349 585.
384 2307 524 2363 Hujus
541 2306 727 2348 miraculi
746 2311 809 2347 tot
826 2306 996 2347 veridici
1010 2311 1137 2347 testes
1159 2307 1358 2348 assistunt
1375 2314 1474 2362 quot
1491 2309 1678 2351 homines

142 2373 184 2414 in
207 2373 434 2415 Halietune
466 2380 506 2415 et
532 2375 573 2415 in
597 2373 791 2427 hospitali
821 2373 871 2413 de
899 2372 1054 2413 Badele
1077 2379 1389 2422 conversantur3
1416 2380 1540 2429 atque
1562 2375 1577 2397 3
1594 2376 1677 2417 Ra-

144 2440 281 2482 dulfus
314 2440 456 2495 Haget
487 2440 714 2482 vicecomes
745 2439 1036 2480 Dunelmensis
1071 2439 1159 2480 haec
1189 2440 1327 2481 omnia
1363 2441 1488 2496 priori
1521 2448 1562 2483 et
1596 2443 1676 2484 fra-

190 2546 200 2565 ¹
222 2544 466 2590 Credulitatis]
491 2545 510 2563 ‘⁴
526 2543 780 2586 Credelitatis,”
799 2543 874 2577 MS.
894 2543 995 2577 Bodl.

191 2595 203 2613 2
221 2590 398 2637 IVIajoris]
428 2590 526 2623 “Vel
544 2589 689 2634 majus,”
716 2589 791 2623 MS.
812 2589 911 2624 Bodl.

188 2639 200 2657 ³
229 2638 395 2683 Raidagfus
425 2636 565 2683 Haget]
631 2636 713 2669 This
743 2635 930 2669 individual
959 2641 1077 2670 attests
1108 2636 1237 2681 Bishop
1264 2636 1431 2681 Pudsey’s
1461 2637 1600 2681 charter,
1628 2639 1674 2684 by

142 2685 253 2718 which
281 2685 324 2717 he
352 2684 492 2728 granted
518 2683 735 2727 Windegate,
753 2682 863 2715 which
894 2683 1086 2716 afterwards
1115 2683 1254 2716 became
1284 2683 1341 2715 the
1370 2690 1529 2729 property
1554 2685 1592 2717 of
1616 2685 1674 2718 the

140 2731 261 2764 monks
287 2731 324 2764 of
345 2730 518 2772 Finchele,
544 2736 578 2763 to
606 2728 710 2773 Hugh
735 2728 871 2771 Bul-ele,
898 2729 1012 2774 Priory
1033 2729 1070 2762 of
1092 2728 1264 2769 Finclmle,
1291 2741 1312 2773 p
1353 2731 1383 2763 2.
1434 2730 1473 2762 In
1498 2730 1556 2764 the
1581 2742 1675 2764 same

141 2778 275 2811 volume
292 2778 320 2810 is
338 2776 477 2810 another
494 2776 625 2809 charter
643 2776 680 2808 of
700 2775 758 2808 the
783 2787 875 2808 same
903 2775 1041 2820 Bishop,
1061 2775 1092 2807 in
1113 2775 1222 2808 which
1240 2775 1351 2820 Ralph
1374 2775 1485 2820 Haget
1503 2788 1620 2811 occurs
1638 2790 1674 2811 as

140 2836 160 2857 a
176 2825 323 2867 witness,
344 2822 426 2856 with
443 2822 500 2855 the
518 2822 729 2866 designation
747 2822 784 2854 of
804 2823 823 2840 “
838 2821 1064 2855 vicecomes.'’
1116 2820 1344 2864 Hutchinson,
1362 2822 1396 2854 in
1420 2822 1473 2856 his
1491 2822 1548 2856 fist
1566 2824 1604 2857 of
1616 2824 1674 2857 the

141 2871 269 2904 officers
298 2870 335 2903 of
353 2869 410 2903 the
441 2869 585 2911 diocese,
603 2868 773 2901 mentions
798 2868 866 2901 this
892 2867 1079 2901 individua]
1105 2879 1140 2901 as
1166 2868 1290 2912 having
1314 2867 1407 2901 filled
1434 2868 1490 2902 the
1517 2870 1612 2904 office
1640 2871 1678 2903 of

141 2916 266 2950 shcriff.
