<?xml version="1.0" encoding="UTF-8"?>
<!DOCTYPE html PUBLIC "-//W3C//DTD XHTML 1.0 Transitional//EN"
    "http://www.w3.org/TR/xhtml1/DTD/xhtml1-transitional.dtd">
<html xmlns="http://www.w3.org/1999/xhtml" xml:lang="en" lang="en">
 <head>
  <title>
</title>
<meta http-equiv="Content-Type" content="text/html;charset=utf-8" />
  <meta name='ocr-system' content='tesseract 3.04.00' />
  <meta name='ocr-capabilities' content='ocr_page ocr_carea ocr_par ocr_line ocrx_word'/>
</head>
<body>
  <div class='ocr_page' id='page_1' title='image "./libellusdevitaet00regi_0030.png"; bbox 0 0 1839 3186; ppageno 0'>
   <div class='ocr_carea' id='block_1_1' title="bbox 171 150 273 192">
    <p class='ocr_par' dir='ltr' id='par_1_1' title="bbox 171 150 273 192">
     <span class='ocr_line' id='line_1_1' title="bbox 171 150 273 192; baseline 0.01 -1"><span class='ocrx_word' id='word_1_1' title='bbox 171 150 273 192; x_wconf 83' lang='lat' dir='ltr'><strong>xxiv</strong></span> 
     </span>
    </p>
   </div>
   <div class='ocr_carea' id='block_1_2' title="bbox 172 261 271 295">
    <p class='ocr_par' dir='ltr' id='par_1_2' title="bbox 172 261 271 295">
     <span class='ocr_line' id='line_1_2' title="bbox 172 261 271 295; baseline 0.01 -1"><span class='ocrx_word' id='word_1_2' title='bbox 172 261 271 295; x_wconf 70' lang='lat' dir='ltr'>SEoT.</span> 
     </span>
    </p>
   </div>
   <div class='ocr_carea' id='block_1_3' title="bbox 174 315 242 355">
    <p class='ocr_par' dir='ltr' id='par_1_3' title="bbox 174 315 242 355">
     <span class='ocr_line' id='line_1_3' title="bbox 174 315 242 355; baseline -0.015 0"><span class='ocrx_word' id='word_1_3' title='bbox 174 315 242 355; x_wconf 78' lang='lat'>32.</span> 
     </span>
    </p>
   </div>
   <div class='ocr_carea' id='block_1_4' title="bbox 182 1840 249 1880">
    <p class='ocr_par' dir='ltr' id='par_1_4' title="bbox 182 1840 249 1880">
     <span class='ocr_line' id='line_1_4' title="bbox 182 1840 249 1880; baseline 0 0"><span class='ocrx_word' id='word_1_4' title='bbox 182 1840 249 1880; x_wconf 65' lang='lat'>34.</span> 
     </span>
    </p>
   </div>
   <div class='ocr_carea' id='block_1_5' title="bbox 184 2120 251 2159">
    <p class='ocr_par' dir='ltr' id='par_1_5' title="bbox 184 2120 251 2159">
     <span class='ocr_line' id='line_1_5' title="bbox 184 2120 251 2159; baseline 0 0"><span class='ocrx_word' id='word_1_5' title='bbox 184 2120 251 2159; x_wconf 83' lang='lat'>35.</span> 
     </span>
    </p>
   </div>
   <div class='ocr_carea' id='block_1_6' title="bbox 182 2720 249 2760">
    <p class='ocr_par' dir='ltr' id='par_1_6' title="bbox 182 2720 249 2760">
     <span class='ocr_line' id='line_1_6' title="bbox 182 2720 249 2760; baseline 0 0"><span class='ocrx_word' id='word_1_6' title='bbox 182 2720 249 2760; x_wconf 82' lang='lat'>36.</span> 
     </span>
    </p>
   </div>
   <div class='ocr_carea' id='block_1_7' title="bbox 272 312 855 372">
    <p class='ocr_par' dir='ltr' id='par_1_7' title="bbox 272 312 855 372">
     <span class='ocr_line' id='line_1_7' title="bbox 272 312 855 372; baseline 0.009 -18"><span class='ocrx_word' id='word_1_7' title='bbox 272 312 373 356; x_wconf 77' lang='grc' dir='ltr'>ΟΑΡ.</span> <span class='ocrx_word' id='word_1_8' title='bbox 398 329 549 357; x_wconf 75' lang='lat' dir='ltr'>xxviii.</span> <span class='ocrx_word' id='word_1_9' title='bbox 583 315 855 372; x_wconf 81' lang='lat' dir='ltr'>Reginaldus.</span> 
     </span>
    </p>
   </div>
   <div class='ocr_carea' id='block_1_8' title="bbox 273 392 907 1051">
    <p class='ocr_par' dir='ltr' id='par_1_8' title="bbox 273 392 512 435">
     <span class='ocr_line' id='line_1_8' title="bbox 273 392 512 435; baseline 0.008 -3"><span class='ocrx_word' id='word_1_10' title='bbox 273 392 382 433; x_wconf 88' lang='lat' dir='ltr'>bona</span> <span class='ocrx_word' id='word_1_11' title='bbox 403 393 512 435; x_wconf 88' lang='lat' dir='ltr'>illius</span> 
     </span>
    </p>

    <p class='ocr_par' dir='ltr' id='par_1_9' title="bbox 278 458 537 501">
     <span class='ocr_line' id='line_1_9' title="bbox 278 458 537 501; baseline 0.008 -2"><span class='ocrx_word' id='word_1_12' title='bbox 278 458 537 501; x_wconf 85' lang='lat' dir='ltr'>Etheuuoldi</span> 
     </span>
    </p>

    <p class='ocr_par' dir='ltr' id='par_1_10' title="bbox 276 523 762 584">
     <span class='ocr_line' id='line_1_10' title="bbox 276 523 762 584; baseline 0.008 -17"><span class='ocrx_word' id='word_1_13' title='bbox 276 531 317 567; x_wconf 92' lang='lat' dir='ltr'>et</span> <span class='ocrx_word' id='word_1_14' title='bbox 341 523 414 568; x_wconf 59' lang='lat' dir='ltr'>scd*</span> <span class='ocrx_word' id='word_1_15' title='bbox 438 527 509 568; x_wconf 90' lang='lat' dir='ltr'>ubi</span> <span class='ocrx_word' id='word_1_16' title='bbox 532 533 700 570; x_wconf 82' lang='lat' dir='ltr'>sanctus</span> <span class='ocrx_word' id='word_1_17' title='bbox 721 544 762 584; x_wconf 91' lang='lat' dir='ltr'>p.</span> 
     </span>
    </p>

    <p class='ocr_par' dir='ltr' id='par_1_11' title="bbox 279 594 907 716">
     <span class='ocr_line' id='line_1_11' title="bbox 279 594 907 647; baseline 0.005 -13"><span class='ocrx_word' id='word_1_18' title='bbox 279 594 438 647; x_wconf 69' lang='lat' dir='ltr'>(Germ.</span> <span class='ocrx_word' id='word_1_19' title='bbox 465 609 544 636; x_wconf 67' lang='lat' dir='ltr'>non</span> <span class='ocrx_word' id='word_1_20' title='bbox 573 610 651 636; x_wconf 80' lang='lat'>000.</span> <span class='ocrx_word' id='word_1_21' title='bbox 684 603 779 638; x_wconf 72' lang='lat' dir='ltr'>ante</span> <span class='ocrx_word' id='word_1_22' title='bbox 802 595 907 637; x_wconf 77' lang='lat' dir='ltr'>Cum</span> 
     </span>
     <span class='ocr_line' id='line_1_12' title="bbox 310 663 483 716; baseline 0.012 -15"><span class='ocrx_word' id='word_1_23' title='bbox 310 663 483 716; x_wconf 84' lang='lat' dir='ltr'>oraret.)</span> 
     </span>
    </p>

    <p class='ocr_par' dir='ltr' id='par_1_12' title="bbox 275 728 563 783">
     <span class='ocr_line' id='line_1_13' title="bbox 275 728 563 783; baseline 0.007 -15"><span class='ocrx_word' id='word_1_24' title='bbox 275 728 411 770; x_wconf 85' lang='lat' dir='ltr'>latens</span> <span class='ocrx_word' id='word_1_25' title='bbox 434 744 458 769; x_wconf 84' lang='lat' dir='ltr'>a</span> <span class='ocrx_word' id='word_1_26' title='bbox 483 744 563 783; x_wconf 88' lang='lat' dir='ltr'>quo</span> 
     </span>
    </p>

    <p class='ocr_par' dir='ltr' id='par_1_13' title="bbox 276 794 642 838">
     <span class='ocr_line' id='line_1_14' title="bbox 276 794 642 838; baseline 0.005 -3"><span class='ocrx_word' id='word_1_27' title='bbox 276 794 344 836; x_wconf 91' lang='lat' dir='ltr'>ille</span> <span class='ocrx_word' id='word_1_28' title='bbox 366 795 490 837; x_wconf 86' lang='lat' dir='ltr'>fuisse</span> <span class='ocrx_word' id='word_1_29' title='bbox 512 797 642 838; x_wconf 83' lang='lat' dir='ltr'>menti</span> 
     </span>
    </p>

    <p class='ocr_par' dir='ltr' id='par_1_14' title="bbox 277 862 791 920">
     <span class='ocr_line' id='line_1_15' title="bbox 277 862 791 920; baseline 0.006 -17"><span class='ocrx_word' id='word_1_30' title='bbox 277 862 502 905; x_wconf 84' lang='lat' dir='ltr'>exauditus</span> <span class='ocrx_word' id='word_1_31' title='bbox 526 879 607 905; x_wconf 90' lang='lat' dir='ltr'>non</span> <span class='ocrx_word' id='word_1_32' title='bbox 631 869 692 906; x_wconf 84' lang='lat' dir='ltr'>est</span> <span class='ocrx_word' id='word_1_33' title='bbox 717 881 791 920; x_wconf 83' lang='lat' dir='ltr'>pro</span> 
     </span>
    </p>

    <p class='ocr_par' dir='ltr' id='par_1_15' title="bbox 277 930 801 987">
     <span class='ocr_line' id='line_1_16' title="bbox 277 930 801 987; baseline 0.006 -16"><span class='ocrx_word' id='word_1_34' title='bbox 277 935 339 971; x_wconf 87' lang='lat' dir='ltr'>est</span> <span class='ocrx_word' id='word_1_35' title='bbox 361 930 439 972; x_wconf 84' lang='lat' dir='ltr'>nisi</span> <span class='ocrx_word' id='word_1_36' title='bbox 465 936 633 973; x_wconf 81' lang='lat' dir='ltr'>sanctus</span> <span class='ocrx_word' id='word_1_37' title='bbox 659 947 801 987; x_wconf 80' lang='lat' dir='ltr'>preces</span> 
     </span>
    </p>

    <p class='ocr_par' dir='ltr' id='par_1_16' title="bbox 278 997 581 1051">
     <span class='ocr_line' id='line_1_17' title="bbox 278 997 581 1051; baseline 0.007 -13"><span class='ocrx_word' id='word_1_38' title='bbox 278 1012 367 1051; x_wconf 79' lang='lat' dir='ltr'>quae</span> <span class='ocrx_word' id='word_1_39' title='bbox 392 997 446 1038; x_wconf 86' lang='lat' dir='ltr'>ad</span> <span class='ocrx_word' id='word_1_40' title='bbox 469 1013 581 1040; x_wconf 76' lang='lat' dir='ltr'>cons.</span> 
     </span>
    </p>
   </div>
   <div class='ocr_carea' id='block_1_9' title="bbox 239 1098 812 1156">
    <p class='ocr_par' dir='ltr' id='par_1_17' title="bbox 239 1098 812 1156">
     <span class='ocr_line' id='line_1_18' title="bbox 239 1098 812 1156; baseline 0.005 -15"><span class='ocrx_word' id='word_1_41' title='bbox 239 1132 246 1141; x_wconf 92' lang='lat'>.</span> <span class='ocrx_word' id='word_1_42' title='bbox 277 1098 377 1142; x_wconf 80' lang='lat' dir='ltr'>OAP.</span> <span class='ocrx_word' id='word_1_43' title='bbox 402 1115 508 1142; x_wconf 74' lang='lat' dir='ltr'>xxix.</span> <span class='ocrx_word' id='word_1_44' title='bbox 544 1099 812 1156; x_wconf 77' lang='lat' dir='ltr'>ReginalduS.</span> 
     </span>
    </p>
   </div>
   <div class='ocr_carea' id='block_1_10' title="bbox 277 1187 900 1768">
    <p class='ocr_par' dir='ltr' id='par_1_18' title="bbox 277 1187 836 1445">
     <span class='ocr_line' id='line_1_19' title="bbox 277 1187 711 1244; baseline 0.012 -16"><span class='ocrx_word' id='word_1_45' title='bbox 277 1187 331 1229; x_wconf 83' lang='lat' dir='ltr'>ad</span> <span class='ocrx_word' id='word_1_46' title='bbox 353 1189 498 1229; x_wconf 88' lang='lat' dir='ltr'>coelum</span> <span class='ocrx_word' id='word_1_47' title='bbox 521 1204 649 1243; x_wconf 86' lang='lat' dir='ltr'>usque</span> <span class='ocrx_word' id='word_1_48' title='bbox 672 1205 711 1244; x_wconf 91' lang='lat' dir='ltr'>p.</span> 
     </span>
     <span class='ocr_line' id='line_1_20' title="bbox 278 1257 836 1310; baseline 0.004 -14"><span class='ocrx_word' id='word_1_49' title='bbox 278 1260 482 1310; x_wconf 84' lang='lat' dir='ltr'>quatenus</span> <span class='ocrx_word' id='word_1_50' title='bbox 504 1271 573 1297; x_wconf 81' lang='lat' dir='ltr'>eos</span> <span class='ocrx_word' id='word_1_51' title='bbox 596 1272 645 1298; x_wconf 88' lang='lat' dir='ltr'>ea</span> <span class='ocrx_word' id='word_1_52' title='bbox 666 1257 836 1298; x_wconf 77' lang='lat' dir='ltr'>doceret</span> 
     </span>
     <span class='ocr_line' id='line_1_21' title="bbox 279 1322 745 1365; baseline 0.004 -2"><span class='ocrx_word' id='word_1_53' title='bbox 279 1322 517 1365; x_wconf 82' lang='lat' dir='ltr'>debuissent</span> <span class='ocrx_word' id='word_1_54' title='bbox 542 1323 745 1365; x_wconf 82' lang='lat' dir='ltr'>desiderio</span> 
     </span>
     <span class='ocr_line' id='line_1_22' title="bbox 281 1389 663 1445; baseline 0.003 -14"><span class='ocrx_word' id='word_1_55' title='bbox 281 1389 474 1431; x_wconf 83' lang='lat' dir='ltr'>Secunda</span> <span class='ocrx_word' id='word_1_56' title='bbox 496 1390 663 1445; x_wconf 88' lang='lat' dir='ltr'>quidem</span> 
     </span>
    </p>

    <p class='ocr_par' dir='ltr' id='par_1_19' title="bbox 279 1457 685 1511">
     <span class='ocr_line' id='line_1_23' title="bbox 279 1457 685 1511; baseline 0.007 -14"><span class='ocrx_word' id='word_1_57' title='bbox 279 1472 325 1498; x_wconf 89' lang='lat' dir='ltr'>eo</span> <span class='ocrx_word' id='word_1_58' title='bbox 351 1457 541 1511; x_wconf 69' lang='lat' dir='ltr'>quaedam</span> <span class='ocrx_word' id='word_1_59' title='bbox 566 1458 685 1500; x_wconf 79' lang='lat' dir='ltr'>bonae</span> 
     </span>
    </p>

    <p class='ocr_par' dir='ltr' id='par_1_20' title="bbox 280 1524 577 1580">
     <span class='ocr_line' id='line_1_24' title="bbox 280 1524 577 1580; baseline 0.003 -16"><span class='ocrx_word' id='word_1_60' title='bbox 280 1524 433 1565; x_wconf 80' lang='lat' dir='ltr'>fuerint</span> <span class='ocrx_word' id='word_1_61' title='bbox 455 1524 577 1580; x_wconf 79' lang='lat' dir='ltr'>longo</span> 
     </span>
    </p>

    <p class='ocr_par' dir='ltr' id='par_1_21' title="bbox 280 1590 900 1768">
     <span class='ocr_line' id='line_1_25' title="bbox 280 1590 808 1648; baseline 0 -16"><span class='ocrx_word' id='word_1_62' title='bbox 280 1591 418 1646; x_wconf 86' lang='lat' dir='ltr'>spacio</span> <span class='ocrx_word' id='word_1_63' title='bbox 441 1590 639 1648; x_wconf 83' lang='lat' dir='ltr'>disjuncti</span> <span class='ocrx_word' id='word_1_64' title='bbox 662 1592 808 1634; x_wconf 83' lang='lat' dir='ltr'>eadem</span> 
     </span>
     <span class='ocr_line' id='line_1_26' title="bbox 281 1656 900 1714; baseline 0.003 -16"><span class='ocrx_word' id='word_1_65' title='bbox 281 1656 505 1714; x_wconf 85' lang='lat' dir='ltr'>conjuncti.</span> <span class='ocrx_word' id='word_1_66' title='bbox 541 1659 789 1702; x_wconf 78' lang='lat' dir='ltr'>Germanus.</span> <span class='ocrx_word' id='word_1_67' title='bbox 827 1660 900 1701; x_wconf 88' lang='lat' dir='ltr'>Et.</span> 
     </span>
     <span class='ocr_line' id='line_1_27' title="bbox 281 1725 516 1768; baseline 0.004 -2"><span class='ocrx_word' id='word_1_68' title='bbox 281 1726 322 1766; x_wconf 90' lang='lat' dir='ltr'>in</span> <span class='ocrx_word' id='word_1_69' title='bbox 346 1725 438 1767; x_wconf 83' lang='lat' dir='ltr'>sinu</span> <span class='ocrx_word' id='word_1_70' title='bbox 462 1726 516 1768; x_wconf 87' lang='lat' dir='ltr'>A.</span> 
     </span>
    </p>
   </div>
   <div class='ocr_carea' id='block_1_11' title="bbox 279 1837 795 1881">
    <p class='ocr_par' dir='ltr' id='par_1_22' title="bbox 279 1837 795 1881">
     <span class='ocr_line' id='line_1_28' title="bbox 279 1837 795 1881; baseline 0.004 -2"><span class='ocrx_word' id='word_1_71' title='bbox 279 1837 380 1879; x_wconf 79' lang='lat' dir='ltr'>CAP.</span> <span class='ocrx_word' id='word_1_72' title='bbox 407 1853 510 1881; x_wconf 89' lang='lat' dir='ltr'>xxx.</span> <span class='ocrx_word' id='word_1_73' title='bbox 551 1837 795 1881; x_wconf 73' lang='lat' dir='ltr'>Germanus.</span> 
     </span>
    </p>
   </div>
   <div class='ocr_carea' id='block_1_12' title="bbox 282 1926 619 2035">
    <p class='ocr_par' dir='ltr' id='par_1_23' title="bbox 282 1926 619 2035">
     <span class='ocr_line' id='line_1_29' title="bbox 282 1926 619 1982; baseline 0.003 -15"><span class='ocrx_word' id='word_1_74' title='bbox 282 1927 444 1967; x_wconf 88' lang='lat' dir='ltr'>tumulo</span> <span class='ocrx_word' id='word_1_75' title='bbox 467 1926 526 1967; x_wconf 90' lang='lat' dir='ltr'>illi</span> <span class='ocrx_word' id='word_1_76' title='bbox 552 1942 619 1982; x_wconf 85' lang='lat' dir='ltr'>ap.</span> 
     </span>
     <span class='ocr_line' id='line_1_30' title="bbox 283 1993 614 2035; baseline -0.003 0"><span class='ocrx_word' id='word_1_77' title='bbox 283 1999 344 2035; x_wconf 85' lang='lat' dir='ltr'>est</span> <span class='ocrx_word' id='word_1_78' title='bbox 365 1993 427 2035; x_wconf 86' lang='lat' dir='ltr'>vir</span> <span class='ocrx_word' id='word_1_79' title='bbox 453 1993 534 2035; x_wconf 90' lang='lat' dir='ltr'>Dei</span> <span class='ocrx_word' id='word_1_80' title='bbox 560 1993 614 2035; x_wconf 88' lang='lat' dir='ltr'>ad</span> 
     </span>
    </p>
   </div>
   <div class='ocr_carea' id='block_1_13' title="bbox 282 2116 817 2160">
    <p class='ocr_par' dir='ltr' id='par_1_24' title="bbox 282 2116 817 2160">
     <span class='ocr_line' id='line_1_31' title="bbox 282 2116 817 2160; baseline 0.002 -1"><span class='ocrx_word' id='word_1_81' title='bbox 282 2116 386 2159; x_wconf 76' lang='lat' dir='ltr'>CAP.</span> <span class='ocrx_word' id='word_1_82' title='bbox 409 2133 531 2159; x_wconf 75' lang='lat' dir='ltr'>xxxi.</span> <span class='ocrx_word' id='word_1_83' title='bbox 571 2116 817 2160; x_wconf 75' lang='lat' dir='ltr'>Germanus.</span> 
     </span>
    </p>
   </div>
   <div class='ocr_carea' id='block_1_14' title="bbox 280 2206 757 2662">
    <p class='ocr_par' dir='ltr' id='par_1_25' title="bbox 283 2206 757 2462">
     <span class='ocr_line' id='line_1_32' title="bbox 284 2206 645 2248; baseline 0.003 -1"><span class='ocrx_word' id='word_1_84' title='bbox 284 2206 370 2247; x_wconf 92' lang='lat' dir='ltr'>Hic</span> <span class='ocrx_word' id='word_1_85' title='bbox 392 2221 485 2247; x_wconf 88' lang='lat' dir='ltr'>cum</span> <span class='ocrx_word' id='word_1_86' title='bbox 508 2206 645 2248; x_wconf 87' lang='lat' dir='ltr'>adhuc</span> 
     </span>
     <span class='ocr_line' id='line_1_33' title="bbox 284 2273 757 2328; baseline 0.004 -14"><span class='ocrx_word' id='word_1_87' title='bbox 284 2273 452 2328; x_wconf 81' lang='lat' dir='ltr'>Rogerii</span> <span class='ocrx_word' id='word_1_88' title='bbox 476 2273 622 2328; x_wconf 82' lang='lat' dir='ltr'>prioris</span> <span class='ocrx_word' id='word_1_89' title='bbox 644 2274 698 2316; x_wconf 90' lang='lat' dir='ltr'>D.</span> <span class='ocrx_word' id='word_1_90' title='bbox 723 2289 757 2316; x_wconf 92' lang='grc'>0.</span> 
     </span>
     <span class='ocr_line' id='line_1_34' title="bbox 283 2340 722 2395; baseline 0.005 -15"><span class='ocrx_word' id='word_1_91' title='bbox 283 2340 508 2395; x_wconf 83' lang='lat' dir='ltr'>spiritualis</span> <span class='ocrx_word' id='word_1_92' title='bbox 530 2340 722 2382; x_wconf 71' lang='lat' dir='ltr'>amicitiae</span> 
     </span>
     <span class='ocr_line' id='line_1_35' title="bbox 286 2406 566 2462; baseline 0.007 -15"><span class='ocrx_word' id='word_1_93' title='bbox 286 2406 414 2448; x_wconf 89' lang='lat' dir='ltr'>Hunc</span> <span class='ocrx_word' id='word_1_94' title='bbox 438 2407 566 2462; x_wconf 81' lang='lat' dir='ltr'>igitur</span> 
     </span>
    </p>

    <p class='ocr_par' dir='ltr' id='par_1_26' title="bbox 280 2473 720 2662">
     <span class='ocr_line' id='line_1_36' title="bbox 282 2473 519 2515; baseline 0 -1"><span class='ocrx_word' id='word_1_95' title='bbox 282 2473 371 2515; x_wconf 86' lang='lat' dir='ltr'>vice</span> <span class='ocrx_word' id='word_1_96' title='bbox 393 2473 435 2514; x_wconf 91' lang='lat' dir='ltr'>in</span> <span class='ocrx_word' id='word_1_97' title='bbox 456 2473 519 2515; x_wconf 91' lang='lat' dir='ltr'>tui</span> 
     </span>
     <span class='ocr_line' id='line_1_37' title="bbox 282 2540 720 2582; baseline 0.002 -1"><span class='ocrx_word' id='word_1_98' title='bbox 282 2540 545 2581; x_wconf 85' lang='lat' dir='ltr'>immoderati</span> <span class='ocrx_word' id='word_1_99' title='bbox 569 2540 720 2582; x_wconf 85' lang='lat' dir='ltr'>doloris</span> 
     </span>
     <span class='ocr_line' id='line_1_38' title="bbox 280 2607 665 2662; baseline 0.003 -14"><span class='ocrx_word' id='word_1_100' title='bbox 280 2607 462 2662; x_wconf 78' lang='lat' dir='ltr'>paradisi</span> <span class='ocrx_word' id='word_1_101' title='bbox 485 2607 665 2649; x_wconf 76' lang='lat' dir='ltr'>delicias.</span> 
     </span>
    </p>
   </div>
   <div class='ocr_carea' id='block_1_15' title="bbox 278 2718 842 2774">
    <p class='ocr_par' dir='ltr' id='par_1_27' title="bbox 278 2718 842 2774">
     <span class='ocr_line' id='line_1_39' title="bbox 278 2718 842 2774; baseline 0.002 -14"><span class='ocrx_word' id='word_1_102' title='bbox 278 2718 379 2760; x_wconf 81' lang='lat' dir='ltr'>OAP.</span> <span class='ocrx_word' id='word_1_103' title='bbox 403 2734 538 2760; x_wconf 83' lang='lat' dir='ltr'>xxxn.</span> <span class='ocrx_word' id='word_1_104' title='bbox 573 2718 842 2774; x_wconf 81' lang='lat' dir='ltr'>Reginaldus.</span> 
     </span>
    </p>
   </div>
   <div class='ocr_carea' id='block_1_16' title="bbox 280 2807 641 2928">
    <p class='ocr_par' dir='ltr' id='par_1_28' title="bbox 280 2807 641 2928">
     <span class='ocr_line' id='line_1_40' title="bbox 280 2807 641 2862; baseline 0 -14"><span class='ocrx_word' id='word_1_105' title='bbox 280 2823 305 2848; x_wconf 89' lang='lat' dir='ltr'>a</span> <span class='ocrx_word' id='word_1_106' title='bbox 326 2822 391 2848; x_wconf 90' lang='lat' dir='ltr'>me</span> <span class='ocrx_word' id='word_1_107' title='bbox 414 2807 580 2862; x_wconf 79' lang='lat' dir='ltr'>mulgen</span> <span class='ocrx_word' id='word_1_108' title='bbox 587 2808 641 2848; x_wconf 85' lang='lat' dir='ltr'>da</span> 
     </span>
     <span class='ocr_line' id='line_1_41' title="bbox 281 2873 481 2928; baseline 0 -14"><span class='ocrx_word' id='word_1_109' title='bbox 281 2873 481 2928; x_wconf 87' lang='lat' dir='ltr'>Fecitque</span> 
     </span>
    </p>
   </div>
   <div class='ocr_carea' id='block_1_17' title="bbox 810 165 1062 198">
    <p class='ocr_par' dir='ltr' id='par_1_29' title="bbox 810 165 1062 198">
     <span class='ocr_line' id='line_1_42' title="bbox 810 165 1062 198; baseline 0.012 -3"><span class='ocrx_word' id='word_1_110' title='bbox 810 165 1062 198; x_wconf 91' lang='lat' dir='ltr'><strong>APPENDIX</strong></span> 
     </span>
    </p>
   </div>
   <div class='ocr_carea' id='block_1_18' title="bbox 974 267 1073 302">
    <p class='ocr_par' dir='ltr' id='par_1_30' title="bbox 974 267 1073 302">
     <span class='ocr_line' id='line_1_43' title="bbox 974 267 1073 302; baseline 0.02 -2"><span class='ocrx_word' id='word_1_111' title='bbox 974 267 1073 302; x_wconf 78' lang='lat' dir='ltr'>SEcT.</span> 
     </span>
    </p>
   </div>
   <div class='ocr_carea' id='block_1_19' title="bbox 975 318 1043 462">
    <p class='ocr_par' dir='ltr' id='par_1_31' title="bbox 975 318 1043 462">
     <span class='ocr_line' id='line_1_44' title="bbox 975 318 1041 362; baseline 0.015 -1"><span class='ocrx_word' id='word_1_112' title='bbox 975 318 1041 362; x_wconf 80' lang='lat'>37.</span> 
     </span>
     <span class='ocr_line' id='line_1_45' title="bbox 975 421 1043 462; baseline 0.015 -2"><span class='ocrx_word' id='word_1_113' title='bbox 975 421 1043 462; x_wconf 79' lang='lat'>38.</span> 
     </span>
    </p>
   </div>
   <div class='ocr_carea' id='block_1_20' title="bbox 977 601 1043 642">
    <p class='ocr_par' dir='ltr' id='par_1_32' title="bbox 977 601 1043 642">
     <span class='ocr_line' id='line_1_46' title="bbox 977 601 1043 642; baseline 0.015 -1"><span class='ocrx_word' id='word_1_114' title='bbox 977 601 1043 642; x_wconf 81' lang='lat'>39.</span> 
     </span>
    </p>
   </div>
   <div class='ocr_carea' id='block_1_21' title="bbox 977 701 1031 740">
    <p class='ocr_par' dir='ltr' id='par_1_33' title="bbox 977 701 1031 740">
     <span class='ocr_line' id='line_1_47' title="bbox 977 701 1031 740; baseline 0.019 -1"><span class='ocrx_word' id='word_1_115' title='bbox 977 701 1031 740; x_wconf 73' lang='lat'>40</span> 
     </span>
    </p>
   </div>
   <div class='ocr_carea' id='block_1_22' title="bbox 979 1002 1047 1042">
    <p class='ocr_par' dir='ltr' id='par_1_34' title="bbox 979 1002 1047 1042">
     <span class='ocr_line' id='line_1_48' title="bbox 979 1002 1047 1042; baseline 0 -1"><span class='ocrx_word' id='word_1_116' title='bbox 979 1002 1047 1042; x_wconf 63' lang='lat'>41.</span> 
     </span>
    </p>
   </div>
   <div class='ocr_carea' id='block_1_23' title="bbox 980 1237 1047 1278">
    <p class='ocr_par' dir='ltr' id='par_1_35' title="bbox 980 1237 1047 1278">
     <span class='ocr_line' id='line_1_49' title="bbox 980 1237 1047 1278; baseline 0.03 -2"><span class='ocrx_word' id='word_1_117' title='bbox 980 1237 1047 1278; x_wconf 70' lang='lat'>42.</span> 
     </span>
    </p>
   </div>
   <div class='ocr_carea' id='block_1_24' title="bbox 983 2377 1050 2416">
    <p class='ocr_par' dir='ltr' id='par_1_36' title="bbox 983 2377 1050 2416">
     <span class='ocr_line' id='line_1_50' title="bbox 983 2377 1050 2416; baseline 0.015 -1"><span class='ocrx_word' id='word_1_118' title='bbox 983 2377 1050 2416; x_wconf 62' lang='lat'>44.</span> 
     </span>
    </p>
   </div>
   <div class='ocr_carea' id='block_1_25' title="bbox 982 2810 1050 2849">
    <p class='ocr_par' dir='ltr' id='par_1_37' title="bbox 982 2810 1050 2849">
     <span class='ocr_line' id='line_1_51' title="bbox 982 2810 1050 2849; baseline 0.015 -1"><span class='ocrx_word' id='word_1_119' title='bbox 982 2810 1050 2849; x_wconf 57' lang='lat'>45.</span> 
     </span>
    </p>
   </div>
   <div class='ocr_carea' id='block_1_26' title="bbox 1076 319 1658 377">
    <p class='ocr_par' dir='ltr' id='par_1_38' title="bbox 1076 319 1658 377">
     <span class='ocr_line' id='line_1_52' title="bbox 1076 319 1658 377; baseline 0.003 -16"><span class='ocrx_word' id='word_1_120' title='bbox 1076 319 1178 363; x_wconf 79' lang='lat' dir='ltr'>GAP.</span> <span class='ocrx_word' id='word_1_121' title='bbox 1203 336 1354 364; x_wconf 84' lang='lat' dir='ltr'>xxxm.</span> <span class='ocrx_word' id='word_1_122' title='bbox 1388 320 1658 377; x_wconf 78' lang='lat' dir='ltr'>Reginaldus.</span> 
     </span>
    </p>
   </div>
   <div class='ocr_carea' id='block_1_27' title="bbox 1077 420 1709 543">
    <p class='ocr_par' dir='ltr' id='par_1_39' title="bbox 1077 420 1709 543">
     <span class='ocr_line' id='line_1_53' title="bbox 1077 420 1709 476; baseline 0.002 -15"><span class='ocrx_word' id='word_1_123' title='bbox 1077 420 1252 473; x_wconf 87' lang='lat' dir='ltr'>(Totum</span> <span class='ocrx_word' id='word_1_124' title='bbox 1287 421 1366 462; x_wconf 91' lang='grc'>1100</span> <span class='ocrx_word' id='word_1_125' title='bbox 1396 426 1521 476; x_wconf 86' lang='lat' dir='ltr'>caput</span> <span class='ocrx_word' id='word_1_126' title='bbox 1554 420 1595 461; x_wconf 91' lang='lat' dir='ltr'>in</span> <span class='ocrx_word' id='word_1_127' title='bbox 1618 420 1709 462; x_wconf 86' lang='lat' dir='ltr'>cod.</span> 
     </span>
     <span class='ocr_line' id='line_1_54' title="bbox 1112 487 1598 543; baseline 0.004 -17"><span class='ocrx_word' id='word_1_128' title='bbox 1112 487 1251 530; x_wconf 69' lang='lat' dir='ltr'>W‘int.</span> <span class='ocrx_word' id='word_1_129' title='bbox 1275 489 1474 530; x_wconf 85' lang='lat' dir='ltr'>omissum</span> <span class='ocrx_word' id='word_1_130' title='bbox 1496 490 1598 543; x_wconf 88' lang='lat' dir='ltr'>est.)</span> 
     </span>
    </p>
   </div>
   <div class='ocr_carea' id='block_1_28' title="bbox 1073 599 1653 655">
    <p class='ocr_par' dir='ltr' id='par_1_40' title="bbox 1073 599 1653 655">
     <span class='ocr_line' id='line_1_55' title="bbox 1073 599 1653 655; baseline 0.002 -14"><span class='ocrx_word' id='word_1_131' title='bbox 1073 599 1173 642; x_wconf 79' lang='lat' dir='ltr'>CAP.</span> <span class='ocrx_word' id='word_1_132' title='bbox 1200 615 1348 642; x_wconf 72' lang='lat' dir='ltr'>xxxiv.</span> <span class='ocrx_word' id='word_1_133' title='bbox 1384 599 1653 655; x_wconf 79' lang='lat' dir='ltr'>Reginaldus.</span> 
     </span>
    </p>
   </div>
   <div class='ocr_carea' id='block_1_29' title="bbox 1074 698 1708 942">
    <p class='ocr_par' dir='ltr' id='par_1_41' title="bbox 1074 698 1635 755">
     <span class='ocr_line' id='line_1_56' title="bbox 1074 698 1635 755; baseline 0.004 -15"><span class='ocrx_word' id='word_1_134' title='bbox 1074 698 1174 742; x_wconf 76' lang='lat' dir='ltr'>CAP.</span> <span class='ocrx_word' id='word_1_135' title='bbox 1198 716 1331 742; x_wconf 85' lang='lat' dir='ltr'><strong>xxxv.</strong></span> <span class='ocrx_word' id='word_1_136' title='bbox 1366 699 1635 755; x_wconf 81' lang='lat' dir='ltr'>Reginaldus.</span> 
     </span>
    </p>

    <p class='ocr_par' dir='ltr' id='par_1_42' title="bbox 1078 766 1314 808">
     <span class='ocr_line' id='line_1_57' title="bbox 1078 766 1314 808; baseline 0.004 -1"><span class='ocrx_word' id='word_1_137' title='bbox 1078 766 1252 807; x_wconf 85' lang='lat' dir='ltr'>verbera</span> <span class='ocrx_word' id='word_1_138' title='bbox 1273 772 1314 808; x_wconf 92' lang='lat' dir='ltr'>et</span> 
     </span>
    </p>

    <p class='ocr_par' dir='ltr' id='par_1_43' title="bbox 1077 831 1708 942">
     <span class='ocr_line' id='line_1_58' title="bbox 1077 831 1708 889; baseline -0.002 -15"><span class='ocrx_word' id='word_1_139' title='bbox 1077 834 1405 888; x_wconf 69' lang='lat' dir='ltr'>praemonitione.</span> <span class='ocrx_word' id='word_1_140' title='bbox 1439 831 1708 889; x_wconf 80' lang='lat' dir='ltr'>Reginaldus.</span> 
     </span>
     <span class='ocr_line' id='line_1_59' title="bbox 1112 899 1337 942; baseline 0.004 -1"><span class='ocrx_word' id='word_1_141' title='bbox 1112 899 1337 942; x_wconf 81' lang='lat' dir='ltr'>Siscitante</span> 
     </span>
    </p>
   </div>
   <div class='ocr_carea' id='block_1_30' title="bbox 1078 1000 1709 1190">
    <p class='ocr_par' dir='ltr' id='par_1_44' title="bbox 1078 1000 1709 1190">
     <span class='ocr_line' id='line_1_60' title="bbox 1078 1000 1709 1057; baseline 0.003 -17"><span class='ocrx_word' id='word_1_142' title='bbox 1078 1000 1140 1052; x_wconf 91' lang='lat' dir='ltr'>(in</span> <span class='ocrx_word' id='word_1_143' title='bbox 1163 1000 1253 1043; x_wconf 90' lang='lat' dir='ltr'>cod.</span> <span class='ocrx_word' id='word_1_144' title='bbox 1283 1001 1380 1043; x_wconf 80' lang='lat' dir='ltr'>MS.</span> <span class='ocrx_word' id='word_1_145' title='bbox 1399 1016 1495 1057; x_wconf 85' lang='lat' dir='ltr'>pars</span> <span class='ocrx_word' id='word_1_146' title='bbox 1512 1016 1604 1056; x_wconf 84' lang='lat' dir='ltr'>cap.</span> <span class='ocrx_word' id='word_1_147' title='bbox 1619 1002 1709 1055; x_wconf 82' lang='lat'>35.)</span> 
     </span>
     <span class='ocr_line' id='line_1_61' title="bbox 1082 1066 1292 1109; baseline 0.005 -1"><span class='ocrx_word' id='word_1_148' title='bbox 1082 1066 1292 1109; x_wconf 86' lang='lat' dir='ltr'>Lodoneie</span> 
     </span>
     <span class='ocr_line' id='line_1_62' title="bbox 1079 1132 1326 1190; baseline 0.004 -15"><span class='ocrx_word' id='word_1_149' title='bbox 1079 1132 1167 1190; x_wconf 81' lang='lat' dir='ltr'>ejus</span> <span class='ocrx_word' id='word_1_150' title='bbox 1188 1134 1326 1176; x_wconf 86' lang='lat' dir='ltr'>locum</span> 
     </span>
    </p>
   </div>
   <div class='ocr_carea' id='block_1_31' title="bbox 1078 1232 1711 1424">
    <p class='ocr_par' dir='ltr' id='par_1_45' title="bbox 1078 1232 1711 1424">
     <span class='ocr_line' id='line_1_63' title="bbox 1078 1232 1711 1293; baseline 0.005 -18"><span class='ocrx_word' id='word_1_151' title='bbox 1078 1235 1335 1290; x_wconf 79' lang='lat' dir='ltr'>Reginaldus</span> <span class='ocrx_word' id='word_1_152' title='bbox 1353 1232 1461 1293; x_wconf 86' lang='lat' dir='ltr'>(Nec</span> <span class='ocrx_word' id='word_1_153' title='bbox 1470 1236 1537 1278; x_wconf 89' lang='lat' dir='ltr'>hic</span> <span class='ocrx_word' id='word_1_154' title='bbox 1547 1236 1711 1278; x_wconf 87' lang='lat' dir='ltr'>initium</span> 
     </span>
     <span class='ocr_line' id='line_1_64' title="bbox 1113 1302 1710 1361; baseline 0.003 -19"><span class='ocrx_word' id='word_1_155' title='bbox 1113 1302 1209 1343; x_wconf 90' lang='lat' dir='ltr'>novi</span> <span class='ocrx_word' id='word_1_156' title='bbox 1224 1303 1372 1359; x_wconf 86' lang='lat' dir='ltr'>capitis</span> <span class='ocrx_word' id='word_1_157' title='bbox 1386 1304 1428 1345; x_wconf 86' lang='lat' dir='ltr'>in</span> <span class='ocrx_word' id='word_1_158' title='bbox 1446 1304 1536 1348; x_wconf 88' lang='lat' dir='ltr'>cod.</span> <span class='ocrx_word' id='word_1_159' title='bbox 1549 1303 1710 1361; x_wconf 85' lang='lat' dir='ltr'>Wint.)</span> 
     </span>
     <span class='ocr_line' id='line_1_65' title="bbox 1080 1369 1711 1424; baseline 0.003 -15"><span class='ocrx_word' id='word_1_160' title='bbox 1080 1369 1259 1424; x_wconf 79' lang='lat' dir='ltr'>priorem</span> <span class='ocrx_word' id='word_1_161' title='bbox 1281 1371 1478 1414; x_wconf 88' lang='lat' dir='ltr'>Dunelm.</span> <span class='ocrx_word' id='word_1_162' title='bbox 1503 1371 1602 1412; x_wconf 89' lang='lat' dir='ltr'>dure</span> <span class='ocrx_word' id='word_1_163' title='bbox 1625 1386 1711 1412; x_wconf 88' lang='lat' dir='ltr'>cor-</span> 
     </span>
    </p>
   </div>
   <div class='ocr_carea' id='block_1_32' title="bbox 1082 1436 1710 1679">
    <p class='ocr_par' dir='ltr' id='par_1_46' title="bbox 1082 1436 1710 1679">
     <span class='ocr_line' id='line_1_66' title="bbox 1114 1436 1241 1492; baseline 0.008 -15"><span class='ocrx_word' id='word_1_164' title='bbox 1114 1436 1147 1477; x_wconf 85' lang='lat' dir='ltr'>ri</span> <span class='ocrx_word' id='word_1_165' title='bbox 1151 1437 1241 1492; x_wconf 87' lang='lat' dir='ltr'>puit</span> 
     </span>
     <span class='ocr_line' id='line_1_67' title="bbox 1082 1505 1595 1559; baseline 0.004 -15"><span class='ocrx_word' id='word_1_166' title='bbox 1082 1509 1123 1544; x_wconf 86' lang='lat' dir='ltr'>et</span> <span class='ocrx_word' id='word_1_167' title='bbox 1146 1519 1288 1545; x_wconf 85' lang='lat' dir='ltr'>eorum</span> <span class='ocrx_word' id='word_1_168' title='bbox 1314 1505 1595 1559; x_wconf 75' lang='lat' dir='ltr'>equitaturam</span> 
     </span>
     <span class='ocr_line' id='line_1_68' title="bbox 1082 1571 1710 1628; baseline 0.005 -17"><span class='ocrx_word' id='word_1_169' title='bbox 1082 1576 1342 1614; x_wconf 83' lang='lat' dir='ltr'>consumunt.</span> <span class='ocrx_word' id='word_1_170' title='bbox 1438 1571 1710 1628; x_wconf 78' lang='lat' dir='ltr'>Reginaldus.</span> 
     </span>
     <span class='ocr_line' id='line_1_69' title="bbox 1117 1637 1295 1679; baseline 0 0"><span class='ocrx_word' id='word_1_171' title='bbox 1117 1637 1295 1679; x_wconf 79' lang='lat' dir='ltr'>Cuidam</span> 
     </span>
    </p>
   </div>
   <div class='ocr_carea' id='block_1_33' title="bbox 1043 1737 1713 1796">
    <p class='ocr_par' dir='ltr' id='par_1_47' title="bbox 1043 1737 1713 1796">
     <span class='ocr_line' id='line_1_70' title="bbox 1043 1737 1713 1796; baseline 0 -16"><span class='ocrx_word' id='word_1_172' title='bbox 1043 1771 1051 1780; x_wconf 93' lang='lat'>.</span> <span class='ocrx_word' id='word_1_173' title='bbox 1084 1737 1713 1796; x_wconf 75' lang='lat' dir='ltr'>(OAP.praecedentiscontinua-</span> 
     </span>
    </p>
   </div>
   <div class='ocr_carea' id='block_1_34' title="bbox 1082 1805 1714 2330">
    <p class='ocr_par' dir='ltr' id='par_1_48' title="bbox 1116 1805 1214 1863">
     <span class='ocr_line' id='line_1_71' title="bbox 1116 1805 1214 1863; baseline 0.01 -17"><span class='ocrx_word' id='word_1_174' title='bbox 1116 1805 1214 1863; x_wconf 87' lang='lat' dir='ltr'>tio.)</span> 
     </span>
    </p>

    <p class='ocr_par' dir='ltr' id='par_1_49' title="bbox 1084 1872 1633 1928">
     <span class='ocr_line' id='line_1_72' title="bbox 1084 1872 1633 1928; baseline 0.002 -15"><span class='ocrx_word' id='word_1_175' title='bbox 1084 1872 1183 1927; x_wconf 82' lang='lat' dir='ltr'>egit.</span> <span class='ocrx_word' id='word_1_176' title='bbox 1211 1872 1482 1928; x_wconf 81' lang='lat' dir='ltr'>Reginaldus.</span> <span class='ocrx_word' id='word_1_177' title='bbox 1508 1873 1633 1914; x_wconf 85' lang='lat' dir='ltr'>Alius</span> 
     </span>
    </p>

    <p class='ocr_par' dir='ltr' id='par_1_50' title="bbox 1085 1939 1243 1981">
     <span class='ocr_line' id='line_1_73' title="bbox 1085 1939 1243 1981; baseline 0 -1"><span class='ocrx_word' id='word_1_178' title='bbox 1085 1939 1243 1981; x_wconf 88' lang='lat' dir='ltr'>deferre</span> 
     </span>
    </p>

    <p class='ocr_par' dir='ltr' id='par_1_51' title="bbox 1086 2006 1714 2115">
     <span class='ocr_line' id='line_1_74' title="bbox 1086 2006 1714 2062; baseline 0 -15"><span class='ocrx_word' id='word_1_179' title='bbox 1086 2007 1403 2059; x_wconf 75' lang='lat' dir='ltr'>Quodammodo</span> <span class='ocrx_word' id='word_1_180' title='bbox 1440 2007 1568 2062; x_wconf 83' lang='lat' dir='ltr'>igitur</span> <span class='ocrx_word' id='word_1_181' title='bbox 1608 2006 1714 2048; x_wconf 85' lang='lat' dir='ltr'>alte-</span> 
     </span>
     <span class='ocr_line' id='line_1_75' title="bbox 1118 2089 1209 2115; baseline -0.011 0"><span class='ocrx_word' id='word_1_182' title='bbox 1118 2089 1209 2115; x_wconf 88' lang='lat' dir='ltr'>rum</span> 
     </span>
    </p>

    <p class='ocr_par' dir='ltr' id='par_1_52' title="bbox 1083 2140 1468 2196">
     <span class='ocr_line' id='line_1_76' title="bbox 1083 2140 1468 2196; baseline -0.003 -14"><span class='ocrx_word' id='word_1_183' title='bbox 1083 2141 1233 2196; x_wconf 81' lang='lat' dir='ltr'>singuli</span> <span class='ocrx_word' id='word_1_184' title='bbox 1256 2140 1406 2182; x_wconf 87' lang='lat' dir='ltr'>exinde</span> <span class='ocrx_word' id='word_1_185' title='bbox 1428 2156 1468 2195; x_wconf 91' lang='lat' dir='ltr'>p.</span> 
     </span>
    </p>

    <p class='ocr_par' dir='ltr' id='par_1_53' title="bbox 1085 2207 1319 2249">
     <span class='ocr_line' id='line_1_77' title="bbox 1085 2207 1319 2249; baseline 0 -1"><span class='ocrx_word' id='word_1_186' title='bbox 1085 2207 1184 2248; x_wconf 87' lang='lat' dir='ltr'>dum</span> <span class='ocrx_word' id='word_1_187' title='bbox 1203 2208 1319 2249; x_wconf 89' lang='lat' dir='ltr'>illum</span> 
     </span>
    </p>

    <p class='ocr_par' dir='ltr' id='par_1_54' title="bbox 1082 2274 1361 2330">
     <span class='ocr_line' id='line_1_78' title="bbox 1082 2274 1361 2330; baseline 0.004 -16"><span class='ocrx_word' id='word_1_188' title='bbox 1082 2274 1361 2330; x_wconf 79' lang='lat' dir='ltr'>intelligerent</span> 
     </span>
    </p>
   </div>
   <div class='ocr_carea' id='block_1_35' title="bbox 1081 2371 1711 2750">
    <p class='ocr_par' dir='ltr' id='par_1_55' title="bbox 1081 2371 1711 2563">
     <span class='ocr_line' id='line_1_79' title="bbox 1081 2371 1711 2430; baseline -0.006 -14"><span class='ocrx_word' id='word_1_189' title='bbox 1081 2374 1203 2429; x_wconf 60' lang='lat' dir='ltr'>(Cap.</span> <span class='ocrx_word' id='word_1_190' title='bbox 1231 2373 1406 2430; x_wconf 73' lang='lat' dir='ltr'>praeced.</span> <span class='ocrx_word' id='word_1_191' title='bbox 1431 2371 1711 2427; x_wconf 81' lang='lat' dir='ltr'>continuatio)</span> 
     </span>
     <span class='ocr_line' id='line_1_80' title="bbox 1083 2441 1579 2497; baseline -0.002 -16"><span class='ocrx_word' id='word_1_192' title='bbox 1083 2441 1353 2497; x_wconf 80' lang='lat' dir='ltr'>Reginaldus.</span> <span class='ocrx_word' id='word_1_193' title='bbox 1379 2445 1579 2482; x_wconf 88' lang='lat' dir='ltr'>venerunt</span> 
     </span>
     <span class='ocr_line' id='line_1_81' title="bbox 1081 2508 1386 2563; baseline 0 -14"><span class='ocrx_word' id='word_1_194' title='bbox 1081 2508 1386 2563; x_wconf 80' lang='lat' dir='ltr'>contemplatus</span> 
     </span>
    </p>

    <p class='ocr_par' dir='ltr' id='par_1_56' title="bbox 1082 2575 1494 2697">
     <span class='ocr_line' id='line_1_82' title="bbox 1082 2575 1494 2629; baseline -0.005 -13"><span class='ocrx_word' id='word_1_195' title='bbox 1082 2575 1288 2629; x_wconf 79' lang='lat' dir='ltr'>aliquibus</span> <span class='ocrx_word' id='word_1_196' title='bbox 1309 2579 1494 2616; x_wconf 83' lang='lat' dir='ltr'>vestrum</span> 
     </span>
     <span class='ocr_line' id='line_1_83' title="bbox 1082 2642 1429 2697; baseline 0 -15"><span class='ocrx_word' id='word_1_197' title='bbox 1082 2642 1429 2697; x_wconf 83' lang='lat' dir='ltr'>temptationibus</span> 
     </span>
    </p>

    <p class='ocr_par' dir='ltr' id='par_1_57' title="bbox 1084 2707 1505 2750">
     <span class='ocr_line' id='line_1_84' title="bbox 1084 2707 1505 2750; baseline -0.005 -1"><span class='ocrx_word' id='word_1_198' title='bbox 1084 2708 1179 2749; x_wconf 90' lang='lat' dir='ltr'>Non</span> <span class='ocrx_word' id='word_1_199' title='bbox 1199 2709 1307 2750; x_wconf 86' lang='lat' dir='ltr'>enim</span> <span class='ocrx_word' id='word_1_200' title='bbox 1332 2708 1374 2748; x_wconf 90' lang='lat' dir='ltr'>in</span> <span class='ocrx_word' id='word_1_201' title='bbox 1397 2707 1505 2748; x_wconf 86' lang='lat' dir='ltr'>illius</span> 
     </span>
    </p>
   </div>
   <div class='ocr_carea' id='block_1_36' title="bbox 1081 2804 1709 2863">
    <p class='ocr_par' dir='ltr' id='par_1_58' title="bbox 1081 2804 1709 2863">
     <span class='ocr_line' id='line_1_85' title="bbox 1081 2804 1709 2863; baseline -0.002 -15"><span class='ocrx_word' id='word_1_202' title='bbox 1081 2807 1351 2863; x_wconf 82' lang='lat' dir='ltr'>Reginaldus.</span> <span class='ocrx_word' id='word_1_203' title='bbox 1414 2807 1524 2848; x_wconf 84' lang='lat' dir='ltr'>Duo.</span> <span class='ocrx_word' id='word_1_204' title='bbox 1589 2804 1709 2859; x_wconf 80' lang='lat' dir='ltr'>(Gap.</span> 
     </span>
    </p>
   </div>
   <div class='ocr_carea' id='block_1_37' title="bbox 1116 2872 1702 2929">
    <p class='ocr_par' dir='ltr' id='par_1_59' title="bbox 1116 2872 1702 2929">
     <span class='ocr_line' id='line_1_86' title="bbox 1116 2872 1702 2929; baseline -0.007 -13"><span class='ocrx_word' id='word_1_205' title='bbox 1116 2874 1390 2929; x_wconf 72' lang='lat' dir='ltr'>praecedentis</span> <span class='ocrx_word' id='word_1_206' title='bbox 1408 2872 1702 2925; x_wconf 85' lang='lat' dir='ltr'>continuatio.)</span> 
     </span>
    </p>
   </div>
  </div>
 </body>
</html>
