1839 3186
570 235 629 266 ET
665 235 929 267 MIRAGULIS
965 236 999 267 s.
1027 235 1244 267 eoDRICI.
1590 221 1671 265 437

132 343 220 378 erat
252 343 292 378 et
313 338 505 392 pallidus,
533 339 628 392 quia
661 354 744 393 pree
775 340 904 380 nimia
941 338 1196 381 infirmitatis
1227 339 1451 393 gravedine
1484 339 1668 380 omnium

130 404 408 445 membrorum
450 420 616 445 suorum
659 406 739 446 fuit
780 406 927 446 robore
969 406 1136 460 penitus
1177 411 1410 447 enervatus.
1475 406 1584 447 Nam
1626 412 1667 447 et

129 485 314 524 spasmos
354 471 568 512 multoties
611 472 771 525 perpeti
812 466 1097 520 consueverat,
1138 472 1302 525 quando
1339 472 1524 513 ciborum
1560 472 1667 513 vires

130 536 290 577 edendo
314 536 354 577 in
379 537 504 578 debili
536 552 608 578 suo
637 552 806 591 corpore
840 538 976 592 vigere
1009 538 1227 579 sentiebat.
1291 538 1372 590 Qui
1394 539 1502 579 inter
1523 539 1667 579 turbas

131 601 383 644 confluentes
404 604 458 644 ad
480 604 742 658 sepulchrum
765 605 843 646 viri
875 605 956 646 Dei
988 601 1238 646 convenerat
1259 618 1268 654 ;
1304 605 1377 645 sed
1399 605 1455 646 ibi
1487 605 1666 646 sanitate

126 674 333 724 percepta,
358 685 496 724 sospes
521 685 614 711 cum
636 671 720 712 suis
743 671 795 711 ad
827 671 994 726 propria
1018 671 1231 711 remeabat
1252 688 1262 719 ;
1299 670 1571 725 Rivalemque
1593 671 1664 711 ad-

127 735 307 786 veniens,
325 736 533 790 jocundus
567 751 704 777 coram
734 737 895 778 cunctis
927 737 1136 792 apparuit,
1171 741 1211 777 et
1241 752 1313 792 per
1339 738 1495 778 curiam
1522 752 1664 778 mona-

128 802 299 842 chorum
331 802 536 857 gradiens,
559 803 714 844 factam
745 803 1073 845 misericordiam
1106 803 1147 843 in
1179 818 1221 844 se
1253 819 1401 845 manus
1432 809 1473 845 et
1497 804 1665 846 brachia

128 873 220 909 tota
242 868 307 909 die
320 867 522 924 jactando
544 869 735 911 omnibus
756 870 936 924 pandere
958 885 1040 910 non
1063 870 1266 911 cessabat.

202 934 307 975 Haec
349 936 485 990 plures
526 935 810 977 Rivalensium
852 941 1106 978 attestantes
1146 937 1265 978 nobis
1305 938 1550 987 retulerunt,
1593 937 1661 991 qui

128 1001 240 1055 prius
260 1000 467 1043 infirmum
494 1001 595 1043 satis
624 1008 918 1057 cognoverant,
943 1008 984 1043 et
1006 1008 1152 1057 postea
1177 1003 1438 1045 sanissimum
1459 1004 1544 1045 fore
1568 1019 1662 1059 cog-

128 1074 344 1109 noverunt.

519 1168 659 1193 CLXXX.
698 1168 749 1193 DE
782 1168 903 1194 BOBUS
936 1168 1262 1194 INSANIENTIBUS.

186 1267 330 1320 §554.
370 1267 570 1309 TEMPORE
611 1284 691 1322 quo
728 1268 901 1310 ecclesia
940 1268 990 1309 de
1027 1268 1230 1309 Finchale
1272 1268 1455 1310 dedicari
1497 1269 1655 1319 debuit,

128 1331 139 1352 ³
154 1333 394 1377 Willelmus
416 1336 631 1390 episcopus
653 1351 744 1376 eam
766 1335 923 1390 primus
954 1350 1036 1376 suae
1059 1335 1311 1390 dignationis
1340 1351 1509 1376 munere
1542 1335 1660 1376 dota-

125 1399 198 1443 vit.
262 1400 371 1442 Nam
404 1406 558 1443 terram
591 1402 799 1456 quandam
831 1417 947 1443 secus
976 1402 1123 1443 silvam
1153 1402 1333 1456 positam
1363 1402 1511 1457 viginti
1544 1417 1660 1443 acras

125 1467 361 1517 habentem,
402 1468 443 1509 111
481 1468 770 1510 eleemosinam
812 1468 953 1516 dedit;
991 1483 1115 1522 quam
1153 1469 1334 1510 eeclesiae
1373 1474 1415 1509 et
1451 1469 1538 1510 viro
1581 1468 1661 1510 Dei

124 1534 300 1588 posteris
328 1535 584 1590 temporibus
612 1535 761 1576 liberas
798 1540 839 1575 et
862 1535 1023 1589 quietas
1056 1535 1311 1589 assignavit3
1349 1550 1471 1589 quam
1506 1541 1660 1576 terram

127 1600 188 1641 vir
210 1600 290 1642 Dei
320 1602 481 1643 cunctis
509 1602 652 1643 diebus
673 1602 769 1642 vitae
800 1617 882 1643 suae
914 1616 1030 1642 arare
1052 1602 1117 1642 vel
1146 1601 1223 1642 coli
1257 1602 1391 1643 facere
1413 1601 1561 1650 noluit,
1589 1602 1661 1643 sed

125 1682 199 1720 pro
230 1668 397 1722 propria
427 1668 681 1709 heremitorii
718 1668 779 1709 sui
816 1673 987 1722 pastura
1021 1668 1167 1709 ovibus
1200 1672 1241 1708 et
1266 1668 1465 1709 armentis
1499 1668 1661 1709 habuit.

127 1733 241 1774 Nihil
259 1738 400 1775 tamen
422 1735 498 1776 sibi
520 1735 562 1775 in
583 1735 673 1790 ipsa
693 1740 805 1775 terra
816 1733 924 1790 juris
941 1735 1007 1775 vel
1031 1733 1201 1775 dominii
1223 1735 1378 1790 proprii
1395 1735 1657 1783 vendicavit;

127 1800 200 1841 sed
236 1800 375 1855 potius
409 1801 599 1843 omnibus
630 1806 844 1856 pasturam
884 1815 1145 1841 communem
1187 1816 1274 1842 esse
1310 1802 1526 1856 permisit3
1566 1802 1662 1856 quia

126 1867 213 1908 sola
237 1867 446 1922 suspirans
468 1867 661 1919 coelestia,
686 1867 736 1908 de
768 1867 942 1908 terrenis
970 1867 1093 1908 lucris
1115 1867 1180 1908 vel
1209 1867 1436 1909 commodis
1459 1868 1518 1909 nil
1548 1884 1660 1923 pror-

127 1948 195 1974 sus
226 1934 392 1974 omnino
425 1934 599 1976 curavit.
663 1933 877 1988 Siquidem
910 1938 1022 1974 terra
1060 1933 1131 1974 illa
1166 1934 1309 1975 multis
1345 1939 1433 1975 erat
1461 1940 1582 1989 grata
1619 1940 1659 1975 et

126 2001 368 2049 necessaria,
390 2006 537 2056 utpote
568 2001 668 2042 satis
698 2000 872 2041 herbida
903 2005 944 2041 et
966 2000 1163 2055 opulenta
1194 2005 1235 2041 et
1261 2015 1434 2051 amoena,
1459 2002 1554 2055 quia
1586 2001 1660 2042 sub

127 2066 207 2108 oris
230 2067 340 2108 silvae
364 2067 678 2108 delectabilibus
698 2067 844 2122 posita.

186 2133 207 2187 ἓ
234 2137 330 2174 555.
367 2133 544 2175 Juvenis
565 2133 691 2189 igitur
713 2134 881 2187 quidam
917 2133 1130 2174 Gilbertus
1162 2133 1341 2183 nomine,
1364 2134 1542 2175 multum
1572 2135 1660 2188 qui-

127 2199 222 2241 dem
243 2199 457 2242 familiaris
478 2201 681 2255 episcopo,
700 2200 787 2255 ipso
811 2200 1004 2249 donante,
1024 2200 1164 2240 villam
1187 2200 1395 2255 quandam
1418 2201 1597 2256 positam
1619 2201 1661 2241 in

127 2272 245 2307 terrae
268 2266 473 2321 praedictae
502 2265 677 2307 confinio
705 2271 946 2321 perceperat
968 2267 1043 2307 sub
1070 2281 1152 2307 suae
1181 2267 1401 2321 potestatis
1432 2272 1555 2321 atque
1582 2268 1661 2309 dis-

127 2332 343 2387 positionis
366 2332 562 2373 dominio.
634 2333 719 2373 Hic
747 2332 920 2373 terrenis
941 2333 1103 2374 avidius
1132 2333 1306 2383 inhians,
1332 2339 1372 2374 et
1395 2334 1510 2375 lucra
1542 2334 1662 2388 plura

129 2398 400 2440 desiderando
423 2398 644 2453 suspirans,
668 2399 813 2440 videns
837 2404 956 2439 terlae
979 2399 1088 2440 illius
1112 2399 1277 2453 glebam
1299 2398 1490 2441 *uberem
1512 2401 1597 2441 fore
1620 2406 1661 2441 et

128 2480 347 2515 amoenam,
380 2465 493 2506 illam
529 2465 606 2506 sibi
640 2480 837 2519 usurpare
871 2479 952 2505 non
984 2465 1156 2516 timuit,
1190 2465 1286 2520 quia
1323 2471 1508 2520 potestas
1540 2467 1575 2506 ei
1609 2467 1662 2507 ad

130 2531 268 2572 omnia
301 2547 390 2586 quae
412 2531 542 2573 voluit
572 2547 646 2586 plo
680 2531 851 2572 arbitrio
882 2531 1124 2573 voluntariae
1157 2532 1464 2573 deliberationis
1494 2533 1661 2584 arrisit3

130 2598 240 2639 unde
278 2604 319 2638 et
351 2597 438 2653 ejus
474 2597 672 2638 infrunito
710 2597 906 2652 praecepti
942 2598 1161 2652 tyrocinio,
1193 2598 1372 2639 ministri
1411 2597 1497 2653 ejus
1534 2599 1666 2640 bobus

121 2663 282 2719 jugatis
303 2669 490 2705 aratrum
511 2664 553 2704 in
574 2669 725 2705 terram
745 2663 858 2705 illam
880 2663 1051 2718 produci
1072 2664 1270 2704 fecerant.
1303 2664 1385 2704 Sed
1402 2665 1545 2705 eadem
1565 2665 1667 2706 hora

131 2730 282 2771 mirum
304 2730 346 2770 in
375 2730 546 2770 modum
576 2745 701 2784 grave
733 2730 948 2772 arantibus
970 2730 1232 2784 dispendium
1265 2735 1305 2770 et
1328 2730 1539 2771 insolitum
1561 2731 1666 2772 acci—

178 2854 185 2871 ¹
214 2850 395 2884 Wil'lclmzcs
422 2850 613 2896 episcopua]
637 2850 794 2883 William
820 2851 860 2883 de
885 2851 918 2883 S.
937 2850 1096 2891 Barbara,
1125 2850 1240 2887 whose
1269 2850 1400 2884 chartei
1430 2851 1463 2884 in
1490 2851 1607 2885 fuum
1637 2854 1674 2886 of

128 2897 292 2930 Finchale
311 2909 390 2941 may
406 2896 446 2929 be
465 2908 544 2929 seen
563 2909 596 2929 111
612 2896 669 2929 the
684 2897 820 2929 Sui-tees
838 2896 1046 2941 publicatio]
1067 2897 1256 2941 icspecting
1274 2897 1320 2930 th
1314 2903 1347 2930 it
1365 2898 1575 2940 foundation,
1590 2912 1621 2944 p.
1640 2902 1671 2932 1.

170 2943 372 2987 ‘²Ubetcm.]
403 2942 587 2986 Uibeiem,
608 2943 682 2976 MS.
703 2942 803 2976 Bodl.
