1839 3186
857 187 908 225 15

456 594 785 637 APPENDIX
825 591 1310 636 MIRAOULORUM.

116 727 183 769 DE
199 726 379 783 quodam
396 725 584 768 ministro
604 725 681 767 viri
703 724 796 775 Dei,
817 724 884 766 cui
906 724 1085 766 Sanctus
1105 723 1136 765 J
1140 723 1320 764 ohannes
1338 722 1448 778 Bap—

174 795 275 836 tista
294 794 427 850 prima
447 794 530 835 fere
557 794 660 834 hora
689 792 770 834 diei
798 791 1064 847 apparuerit;
1104 789 1309 846 quomodo
1332 789 1449 831 illum

174 861 285 903 idem
309 865 476 903 sanctus
498 860 677 910 duxerit,
700 860 765 901 vel
787 874 910 913 quam
931 858 1065 899 multa
1094 858 1153 899 illi
1177 855 1449 898 declaraverit

117 928 229 981 Quot
262 928 429 983 spiritus
459 927 743 982 phantasticos
771 926 880 967 circa
909 926 1077 966 hortum
1109 923 1320 966 considere
1356 938 1450 964 con-

174 995 369 1050 spexerit,
394 999 435 1035 et
460 993 664 1048 quomodo
685 992 888 1034 famulum
916 992 985 1046 qui
1015 991 1058 1033 in
1080 991 1213 1033 virum
1245 990 1325 1032 Dei
1347 989 1447 1031 deli-

174 1066 332 1116 querat,
356 1060 454 1102 diris
478 1060 712 1101 daemonum
733 1058 870 1115 flagris
892 1058 1120 1100 excruciari
1142 1057 1397 1113 perspexerit
1439 1089 1449 1097 .

118 1129 183 1169 De
199 1126 354 1184 juvene
376 1142 498 1182 quem
518 1126 572 1168 ad
593 1127 758 1182 plagam
785 1125 1085 1168 occidentalem
1106 1124 1302 1180 repperit,
1328 1139 1450 1178 quem

174 1195 279 1236 miro
300 1194 423 1236 modo
447 1194 653 1250 legentem
675 1193 836 1235 audivit

119 1262 184 1303 De
210 1262 279 1303 illo
301 1261 370 1316 qui
401 1260 557 1302 diutius
587 1260 718 1316 legit3
756 1259 829 1302 sed
853 1258 1001 1315 saepius
1029 1257 1211 1314 perlecta
1233 1256 1449 1313 replicans,

177 1328 232 1370 ad
252 1329 481 1384 perfectum
505 1327 694 1369 lectionis
717 1326 929 1383 pervenire
953 1341 1036 1367 non
1060 1325 1197 1381 potuit
1221 1357 1231 1366 .

120 1395 224 1449 Quae
260 1395 319 1437 illi
345 1395 494 1437 ultima
514 1394 669 1436 visione
696 1393 949 1450 patefecerit,
974 1408 1115 1447 quaeve
1142 1391 1201 1434 illi
1231 1390 1451 1442 detexerit,

177 1462 261 1504 sive
281 1461 351 1503 ubi
373 1467 465 1517 post
487 1461 625 1503 omnia
646 1461 813 1516 expleta
836 1461 1029 1502 inventus
1050 1460 1103 1501 sit

119 1529 308 1583 Qualiter
332 1529 483 1570 iterum
510 1527 689 1570 Sanctus
710 1528 741 1568 J
745 1527 927 1569 ohannes
947 1526 1064 1568 illum
1090 1531 1132 1568 et
1156 1525 1365 1567 ministros
1387 1540 1450 1566 ce-

176 1600 286 1637 teros
306 1611 379 1651 pro
412 1594 607 1651 praecepti
636 1592 723 1651 ejus
755 1609 926 1636 excessu
955 1592 1278 1650 reprehenderit,
1302 1591 1452 1647 quidve

178 1662 407 1717 perceperit

119 1728 336 1782 Quomodo
358 1726 580 1777 dormiens,
612 1743 660 1769 ea
696 1743 785 1782 quae
816 1726 993 1768 ministri
1020 1725 1108 1782 ejus
1135 1726 1331 1769 secretius
1362 1741 1453 1782 ege-

178 1800 272 1836 rant
292 1800 333 1836 et
355 1795 626 1849 deliquerant,
652 1794 803 1836 viderit
826 1799 867 1835 et
890 1793 1095 1834 detexerit

121 1861 232 1915 Quid
256 1861 307 1902 de
329 1861 507 1916 quodam
527 1865 763 1916 pugnaturo
783 1860 935 1902 viderit
957 1865 1082 1914 atque
1103 1859 1369 1915 praedixerit3
1409 1864 1451 1901 et

178 1928 353 1983 qualiter
376 1928 504 1969 alium
523 1928 626 1969 hora
645 1942 792 1983 pugnae
813 1926 1043 1983 protexerit

121 1994 337 2048 Quomodo
369 1995 515 2050 spiritu
550 1994 592 2035 in
621 1993 887 2049 Norwagiam
914 1993 1020 2045 ierit,
1061 1998 1102 2035 et
1137 1991 1242 2034 filios
1270 1992 1453 2035 mulieris

179 2059 394 2116 cujusdam
419 2061 674 2116 desperantis
695 2060 752 2102 ibi
776 2061 928 2103 viderit

122 2128 311 2182 Qualiter
332 2128 501 2169 clericus
522 2127 690 2183 quidam
711 2127 949 2169 febricitans
969 2126 1129 2168 meritis
1145 2126 1221 2168 viri
1244 2126 1324 2168 Dei
1347 2126 1452 2168 sani-

180 2194 260 2236 tati
296 2195 514 2237 restitutus
551 2195 616 2246 sit,
653 2209 748 2236 cum
785 2194 899 2250 prius
934 2193 1077 2236 multis
1110 2193 1454 2235 medicaminibus

180 2261 461 2303 convalescere
485 2276 567 2302 non
586 2261 768 2316 potuerit
792 2293 802 2303 .

122 2327 339 2381 Quomodo
360 2328 571 2379 canonico,
595 2327 706 2382 quod
725 2327 872 2369 Abbas
892 2342 1023 2382 nuper
1052 2326 1217 2369 futurus
1238 2332 1358 2377 esset,
1382 2341 1452 2368 ex-

181 2394 318 2449 posuit
336 2411 347 2442 ;
387 2399 428 2436 et
441 2393 571 2450 juxta
591 2394 701 2449 quod
722 2394 974 2449 praedixerit,
999 2394 1181 2435 evenerit
1225 2426 1233 2434 .

123 2461 188 2502 De
209 2460 373 2502 inimico
393 2462 461 2515 qui
483 2461 682 2504 viridibus
702 2460 879 2503 amictus
895 2461 1103 2515 apparuit,
1128 2465 1170 2502 et
1192 2459 1291 2514 quid
1311 2459 1362 2502 de
1383 2459 1452 2501 illo

182 2527 336 2569 dixerit
369 2559 378 2568 .

126 2593 342 2646 Quomodo
385 2598 562 2634 mortem
603 2598 817 2649 exoptans,
866 2593 1003 2634 Deum
1056 2593 1352 2648 postulaverit;
1411 2598 1452 2634 et

180 2675 304 2714 quam
325 2674 468 2702 vocem
489 2659 667 2701 audierit

127 2726 342 2778 Quomodo
364 2726 405 2767 in
433 2726 616 2768 mulieris
640 2727 772 2782 speeie
798 2726 959 2767 daemon
979 2726 1185 2782 apparuit,
1216 2732 1257 2767 et
1286 2726 1452 2766 detecta

182 2790 269 2846 ejus
290 2792 495 2834 simulatio
514 2792 594 2833 fuit

127 2858 342 2910 Quomodo
365 2858 482 2900 fratri
504 2859 668 2900 cuidam
693 2860 815 2900 tertio
839 2858 991 2900 dixerit
1015 2858 1125 2912 quod
1147 2858 1187 2899 in
1210 2858 1354 2899 itinere
1379 2858 1451 2898 ob-

182 2924 292 2965 viam
313 2924 502 2965 habuerit

1454 679 1650 703 CAPITULUM

1606 1054 1647 1111 ij.

1590 1186 1650 1244 iij.

1597 1322 1650 1365 iv.

1598 1655 1653 1713 vj-

1581 1790 1653 1848 vij,

1566 1924 1652 1981 viij„

1594 2059 1655 2101 ix.

1592 2391 1635 2449 xj
1644 2426 1652 2434 .

1576 2524 1652 2581 xij.

1563 2656 1652 2713 xiij.

1565 2791 1650 2833 xiv.

1586 2939 1654 2968 XV.
