1839 3186
173 164 255 205 166
698 174 931 208 LIBELLUS
966 176 1030 207 DE
1064 175 1181 208 VITA

169 278 356 320 fessionis
399 293 523 334 scopa
563 278 761 320 devotum
802 277 893 320 Deo
936 278 1128 334 spiritum
1169 278 1423 320 immolando
1457 277 1705 334 purificavit.

176 345 340 401 Saepius
359 360 456 387 vero
486 349 632 401 postea
654 344 697 386 in
718 345 904 387 oratione
932 360 1027 388 cum
1047 345 1228 388 lacrimis
1249 350 1418 400 questus
1450 351 1513 388 est
1535 346 1646 400 quod
1670 346 1706 388 ei

173 426 345 453 munera
375 412 447 453 illa
468 411 643 467 largitus
666 416 758 460 est;
792 411 901 453 unde
926 427 1001 467 pro
1034 427 1081 453 eo
1102 412 1219 468 gravi
1240 411 1462 453 afflictione
1488 412 1708 455 mulctavit

176 482 217 519 et
238 478 475 533 poenitendo
495 478 587 528 luit,
611 477 721 532 quod
741 477 976 520 miserando
993 479 1153 534 peregit
1170 495 1182 528 ς
1217 478 1405 533 dixitque
1430 478 1577 535 saepius
1599 479 1710 534 quod

173 544 459 587 vehementius
483 543 759 586 admiraretur
780 544 984 598 quomodo
1008 559 1116 599 aqua
1135 545 1355 586 benedicta
1375 545 1428 586 ab
1450 560 1498 586 eo
1522 546 1710 600 perfusus

176 611 281 652 1non
301 611 535 666 aufugeret,
568 610 642 653 sed
675 625 808 665 neque
834 615 1072 660 terreretur,
1096 611 1191 665 quia
1211 626 1293 652 non
1314 611 1447 653 solum
1479 617 1574 666 post
1594 627 1711 666 aquae

177 677 453 733 perfusionem
475 693 571 719 cum
591 691 638 718 eo
669 677 803 719 oravit
825 682 867 718 et
887 692 1024 732 genua
1043 675 1175 726 flexit,
1198 677 1271 718 sed
1292 677 1459 733 insuper
1480 678 1711 720 Ecclesiam

177 759 272 785 cum
292 744 381 800 ipso
402 743 614 792 introivit3
650 748 691 784 et
714 743 892 798 scapuliS
913 743 1077 799 signum
1095 744 1449 799 peregrinantium
1472 743 1711 801 2bajulavit.

179 1034 267 1059 CAP.
302 1033 448 1059 LXXIII.
528 1033 722 1063 QUOMODO
770 1034 879 1060 IGNIS
924 1034 1075 1060 DOMUM
1111 1033 1310 1060 ORATORIO
1352 1034 1477 1059 IPSIUS
1518 1034 1715 1060 coLLATE-

238 1100 377 1125 RALEM
412 1098 653 1134 EXUSSER1T3
692 1101 768 1126 NEC
797 1100 942 1127 TAMEN
978 1100 1185 1126 PARIETEM
1223 1100 1424 1134 LIGNEAM‚
1454 1100 1523 1127 CUI
1555 1101 1718 1126 INNITE-

239 1167 385 1202 BATUR,
417 1166 724 1193 PRAETEREUNDO
754 1167 990 1193 DEVASTARE
1025 1150 1375 1194 PRAESUMPSERIT.³

243 1270 266 1324 ξ
292 1267 387 1313 157.
420 1267 581 1309 VERUM
598 1267 695 1322 quia
712 1266 927 1322 4superius
948 1266 1205 1310 ostendimus
1226 1272 1382 1322 quanta
1398 1268 1553 1310 virtute
1575 1273 1718 1311 contra

185 1335 389 1377 diabolica
409 1333 609 1390 figmenta
635 1334 841 1385 claruerit,
865 1333 957 1389 jam
987 1349 1096 1377 nunc
1118 1334 1303 1376 dicamus
1335 1350 1416 1389 qua
1445 1335 1614 1390 spiritus
1647 1350 1719 1391 po-

182 1403 316 1443 tentia
357 1401 592 1443 materiales
632 1400 790 1456 ignium
831 1399 1020 1442 flammas
1060 1400 1207 1443 edaces
1245 1401 1507 1443 exstinxerit.
1591 1402 1720 1444 Secus

184 1470 363 1524 parietes
390 1467 587 1510 Ecclesiae
619 1467 740 1509 Beati
769 1467 977 1509 Johannis
1012 1467 1215 1522 Baptistae
1247 1468 1454 1522 quandam
1475 1469 1517 1511 in
1540 1468 1718 1524 longitu-

185 1535 325 1576 dinem
359 1535 548 1576 maceriae
590 1533 771 1575 Oratorii
815 1534 943 1589 ipsius
978 1534 1167 1575 cellula-m
1200 1534 1457 1584 confecerat3
1499 1551 1589 1590 quae
1624 1535 1721 1589 quia

187 1602 302 1656 quasi
344 1601 595 1658 dimidiatim
640 1600 773 1642 divisa
805 1600 951 1642 domus
987 1605 1090 1650 erat,
1125 1598 1205 1642 ⁵illi
1242 1600 1438 1643 Ecclesiae
1471 1602 1721 1657 appendicu-

187 1668 284 1710 laris
313 1673 416 1717 erat,
439 1673 480 1709 et
505 1668 634 1709 totius
660 1666 850 1709 culminis
882 1666 1009 1722 ipsius
1029 1671 1187 1708 tectum
1217 1667 1473 1709 innitebatur
1497 1683 1618 1723 super
1650 1683 1721 1709 ex-

188 1740 341 1776 tremas
378 1732 612 1790 superficies
643 1733 825 1775 trabium
862 1739 985 1788 atque
1012 1733 1222 1789 tignorum
1257 1733 1307 1775 de
1334 1735 1505 1776 australi
1540 1730 1721 1790 6pariete

191 1801 373 1843 Oratorii
393 1800 720 1856 procedentium.
785 1799 892 1841 Haeo
928 1800 1074 1842 domus
1107 1799 1327 1841 dimidiata
1346 1801 1550 1856 particula
1570 1806 1659 1842 erat
1684 1801 1720 1842 ei

191 1868 377 1909 ciborum
402 1873 527 1922 atque
559 1867 903 1922 suppellectilium
933 1866 1127 1908 secretior
1156 1865 1345 1914 officina;
1379 1867 1421 1908 in
1443 1867 1521 1909 hac
1548 1882 1596 1909 eo
1618 1872 1721 1909 tem-

191 1949 289 1990 pore
321 1935 465 1976 solitus
500 1939 562 1975 est
599 1933 845 1975 domesticos
883 1933 1035 1987 alloqui
1069 1948 1118 1974 ac
1152 1933 1345 1988 recipere,
1381 1938 1423 1975 et
1447 1934 1723 1976 adventantes

192 2001 346 2043 amicos
369 2000 446 2056 piae
468 2000 758 2042 consolationis
775 1999 1002 2041 ministerio
1023 2000 1205 2041 refovere
1223 2016 1234 2048 ;
1267 1993 1281 2019 ⁷
1298 2005 1338 2041 et
1354 2000 1499 2055 ligneis
1520 2000 1724 2042 asseribus

193 2067 340 2108 domus
379 2067 488 2108 illius
521 2071 612 2108 tota
648 2071 738 2108 erat
773 2065 991 2107 aedificatio
1024 2070 1273 2117 constructa,
1309 2071 1432 2121 atque
1468 2081 1494 2108 a
1525 2066 1726 2108 lateribus

192 2139 316 2188 atque
350 2133 535 2189 superius
575 2137 667 2175 tota
702 2131 887 2189 ejusdem
924 2131 1086 2188 generis
1123 2133 1274 2187 tegulis
1308 2132 1595 2175 infirmissimis
1628 2133 1725 2175 ado-

242 2227 250 2246 ¹
273 2227 353 2261 Non
369 2226 572 2273 aufugeret]
601 2226 675 2260 The
699 2237 793 2260 same
819 2225 1038 2260 indifference
1054 2231 1089 2259 to
1106 2225 1165 2260 the
1190 2226 1380 2272 sprinkling
1396 2228 1434 2261 of
1449 2227 1541 2273 Holy
1559 2226 1681 2261 Water
1697 2227 1727 2261 is

196 2273 392 2307 mentioned
409 2274 506 2318 again
525 2279 559 2306 at
578 2271 595 2318 §
615 2275 694 2307 262.

242 2321 255 2339 ²
274 2319 476 2366 ch'ulavic]
505 2319 578 2353 The
607 2319 774 2352 narrative
795 2319 824 2352 is
841 2318 920 2352 thus
949 2317 1137 2352 concluded
1154 2318 1188 2352 in
1206 2318 1263 2353 the
1282 2319 1377 2353 Harl.
1393 2319 1535 2365 legend:
1562 2321 1583 2339 “
1596 2319 1728 2354 Intelli-

196 2378 279 2411 gens
297 2367 346 2399 vir
363 2366 428 2399 Dei
454 2365 529 2410 quis
557 2371 656 2409 esset,
678 2366 841 2411 praecepit
865 2365 899 2398 in
924 2365 1061 2398 nomine
1086 2365 1225 2399 Domini
1243 2372 1281 2399 ut
1306 2366 1372 2400 cito
1398 2366 1598 2401 discederet.
1647 2366 1727 2411 Qui,

197 2425 275 2446 cuni
303 2412 400 2446 donis
427 2423 501 2457 quae
530 2417 715 2457 acceperat,
745 2423 826 2445 mox
852 2412 983 2456 aufugit
999 2425 1008 2453 ;
1042 2418 1075 2445 et
1100 2412 1147 2445 ibi
1176 2412 1330 2446 foetorem
1360 2413 1504 2446 nimium
1534 2413 1727 2458 dereliquit.

199 2459 367 2493 Godricus
393 2470 437 2492 ex
462 2464 621 2491 contactu
647 2457 738 2491 illius
756 2464 850 2491 tanta
876 2458 1037 2491 sustinuit
1062 2459 1293 2503 temptationis
1318 2459 1486 2500 incendia,
1504 2465 1542 2492 ut
1559 2460 1727 2493 obscoenis

198 2504 480 2539 delectationibus
495 2516 582 2549 pene
608 2504 713 2538 virtus
727 2504 816 2537 victa
833 2504 1068 2537 succumberet
1082 2517 1090 2546 3
1116 2504 1176 2538 sed
1194 2505 1401 2539 orationibus
1418 2506 1609 2550 invigilans,
1627 2505 1727 2539 corde

198 2552 319 2585 humili
347 2558 380 2585 et
398 2551 542 2585 contrito
571 2557 705 2584 scutum
732 2550 856 2584 divinae
880 2551 1099 2595 protectionis
1125 2552 1267 2596 accepit.
1317 2552 1415 2596 Saepe
1433 2563 1510 2584 vero
1527 2564 1604 2585 eum
1629 2552 1727 2585 lacri-

198 2599 264 2632 mis
293 2604 497 2643 conquestus
515 2603 566 2631 est
584 2596 672 2642 quod
691 2596 721 2630 ei
750 2596 896 2630 dedisset
919 2608 1069 2639 munera,
1089 2602 1122 2629 et
1139 2597 1215 2630 ideo
1234 2609 1369 2642 gravem
1392 2598 1628 2642 poenitentiam
1646 2599 1725 2643 egit.

201 2645 277 2678 Hoc
304 2650 417 2678 autem
435 2644 668 2678 vehementius
694 2643 890 2686 mirabatur,
917 2642 1006 2686 quod
1035 2654 1190 2687 aspersus
1219 2655 1306 2688 aqua
1334 2643 1513 2677 benedicta
1538 2656 1604 2678 non
1629 2645 1726 2689 fugit7

200 2692 303 2725 inuno
320 2697 438 2736 postea
456 2702 532 2724 cun]
552 2691 624 2735 ipso
643 2689 759 2733 oravit,
778 2695 811 2722 et
827 2689 1026 2733 genuflexit,
1045 2695 1078 2721 et
1098 2688 1288 2722 Ecclesiam
1307 2690 1493 2725 introivit.”

247 2739 260 2759 ³
279 2738 319 2771 In
337 2738 394 2770 the
414 2737 509 2770 Harl.
526 2737 602 2771 MS.
621 2736 759 2781 chapter
777 2735 932 2769 LXXII.

246 2785 258 2803 ⁴
277 2783 460 2829 Superius]
489 2784 529 2816 In
547 2783 603 2816 the
620 2782 685 2816 last
703 2782 850 2827 chapter,
869 2781 934 2815 and
953 2781 1144 2815 elsewhere.

245 2831 257 2849 ³
278 2830 369 2876 maz]
399 2830 532 2874 Illique,
557 2830 602 2863 H.
1023 2828 1036 2848 ⁶
1056 2827 1223 2873 Pariete]
1252 2827 1362 2872 Parte,
1386 2828 1431 2861 H.

246 2877 258 2896 ⁷
278 2876 356 2922 EA]
386 2877 451 2920 Ex,
474 2877 521 2910 H.
