1839 3186
184 160 266 199 458
713 169 947 201 LIBELLus
984 170 1047 200 DE
1083 169 1197 200 VITA

183 275 315 316 tribus
336 274 543 317 nonnullis
566 291 659 316 cum
681 291 729 317 eo
747 276 892 332 positis
916 276 1073 326 retulit,
1096 276 1164 331 qui
1188 291 1230 318 se
1252 291 1343 317 eam
1370 275 1484 331 prius
1511 274 1716 317 infirmam

183 347 224 382 et
243 346 388 396 postea
407 356 552 383 sanam
573 342 724 384 vidisse
744 343 944 392 asseruit3
970 343 1215 397 dicebatque
1232 343 1341 397 quod
1362 342 1487 384 facies
1503 340 1590 396 ejus
1611 342 1717 384 cutis

181 408 278 449 licet
299 423 412 458 sana,
436 413 578 450 tenera
599 409 652 450 sit
675 414 716 451 et
738 409 860 461 clara,
883 414 1024 451 tamen
1055 409 1125 451 ubi
1147 409 1358 451 cicatrices
1384 409 1569 450 ulcerum
1591 423 1717 462 quon-

182 474 279 517 dam
300 474 464 516 fuerant
486 475 556 516 illa
587 474 822 531 superficies
846 477 1012 518 videtur
1042 476 1345 530 aliquantulum
1367 490 1602 530 comparere
1624 475 1716 516 sub—

182 541 302 589 rufa;
335 541 539 583 labiorum
570 558 667 584 vero
699 547 887 584 extrema
918 558 1007 598 quae
1038 542 1202 584 frustris
1232 542 1390 584 carneis
1411 541 1523 597 prius
1552 541 1717 582 fuerant

181 607 432 657 valliculata,
456 613 548 649 tota
581 614 677 653 sunt
708 610 829 664 plena
866 615 991 664 atque
1023 609 1215 660 rotunda,
1249 609 1322 651 sed
1353 608 1564 663 aliquanto
1593 607 1717 649 altius

181 675 469 730 prominentia.
533 675 640 716 Heec
670 675 798 716 etiam
823 676 1080 718 Normanrus
1111 676 1330 732 presbyter
1358 675 1504 717 asserit
1525 674 1594 729 qui
1625 689 1716 715 eam

182 741 233 782 de
257 741 357 783 villa
392 755 466 782 sua
495 741 550 782 ad
584 742 789 797 hospitale
821 741 1096 797 1praedictum
1126 742 1337 798 perduxit,
1370 756 1419 783 ac
1449 740 1716 797 postmodum

181 823 325 850 sanam
346 808 389 849 in
410 808 582 850 ecclesia
603 823 740 850 coram
764 809 1024 864 parochianis
1045 809 1129 851 suis
1150 808 1366 851 2ostendit.

374 973 459 998 CCV.
498 973 550 997 DE
580 972 763 998 MULIERE
794 972 975 998 INCEssUs
1006 972 1198 999 PERDITOS
1228 972 1533 998 RECUPERANTE.

251 1075 272 1130 ᾗ
309 1075 406 1116 586.
454 1074 653 1126 QUAEDAM
688 1071 848 1121 mulier,
873 1070 969 1112 Eda
998 1070 1164 1112 nomine
1197 1070 1247 1112 de
1274 1070 1647 1127 Edemannesleye,
1670 1070 1720 1112 3a

184 1141 420 1183 Nativitate
444 1139 615 1181 Domini
654 1153 784 1192 usque
821 1137 875 1178 ad
912 1138 1066 1179 festum
1104 1137 1247 1178 Sancti
1276 1137 1483 1179 «Iohannis
1514 1138 1718 1193 Baptistae

183 1223 348 1250 omnem
368 1208 572 1249 incessum
593 1205 748 1261 pedum
769 1205 977 1253 amiserat,
1000 1219 1075 1245 nec
1106 1219 1147 1245 se
1168 1219 1334 1246 movere
1355 1205 1410 1245 ad
1430 1204 1586 1259 aliquid
1617 1219 1719 1259 opus

181 1290 347 1330 prorsus
376 1274 556 1316 valebat.
620 1273 755 1325 Quam
786 1271 850 1313 vir
880 1285 977 1312 suus
1004 1271 1047 1313 in
1078 1285 1181 1325 equo
1215 1270 1432 1312 devectam
1456 1271 1510 1312 ad
1531 1271 1608 1313 viri
1637 1271 1717 1312 Dei

182 1341 446 1396 sepulchrum
466 1339 684 1395 perduxit;
720 1338 792 1380 sed
818 1337 996 1379 crastino
1018 1337 1142 1388 facto,
1166 1352 1208 1378 se
1230 1338 1281 1379 ab
1303 1338 1415 1379 omni
1435 1337 1507 1379 illa
1527 1337 1719 1379 molestia

181 1408 400 1450 liberatam
432 1407 646 1462 persensit.
710 1406 812 1458 Quae
847 1419 986 1459 sospes
1016 1404 1162 1445 eadem
1194 1404 1259 1444 die
1291 1404 1418 1445 libere
1449 1404 1640 1453 incessit3
1676 1409 1717 1445 et

183 1490 276 1530 quae
301 1475 414 1529 prius
438 1489 480 1515 se
501 1488 666 1515 movere
696 1487 780 1513 non
810 1471 960 1526 potuit,
987 1470 1140 1512 nullius
1167 1470 1367 1512 molestiae
1399 1470 1581 1511 dolorem
1612 1470 1717 1511 ulte-

182 1542 267 1583 rius
289 1541 428 1583 sensit.
500 1538 627 1594 Cujus
648 1538 838 1580 sanitatis
868 1542 909 1578 et
933 1537 1142 1592 languoris
1161 1537 1224 1579 vir
1254 1537 1363 1578 illius
1395 1537 1514 1579 testis
1544 1536 1714 1587 assistit,

182 1609 255 1650 sed
277 1613 319 1649 et
340 1608 478 1663 plures
500 1606 550 1647 de
572 1606 636 1648 his
659 1605 737 1647 sibi
757 1609 886 1646 testes
911 1603 1116 1645 adhibuit.

228 1717 239 1737 ¹
259 1716 493 1763 Praedictzcm.]
522 1717 595 1750 The
612 1728 752 1762 passage
778 1716 864 1749 from
893 1715 1094 1761 praedictum
1124 1721 1158 1749 to
1183 1715 1241 1748 the
1268 1715 1334 1749 end
1359 1715 1397 1748 of
1416 1715 1474 1749 the
1499 1715 1664 1749 narrative
1689 1715 1718 1748 is

181 1763 315 1797 written
332 1764 378 1808 by
396 1764 535 1796 another
551 1763 643 1796 hand
659 1774 750 1808 upon
768 1774 810 1796 an
828 1774 962 1795 erasure
979 1762 1013 1795 in
1031 1762 1089 1795 the
1107 1762 1273 1795 Bodleian
1290 1762 1511 1807 manuscript.

228 1811 242 1831 2
263 1809 444 1856 Ostendit]
474 1810 568 1844 Thus
586 1809 741 1843 narrated
756 1809 789 1842 in
804 1809 860 1842 the
880 1808 1042 1842 Harleian
1059 1820 1271 1854 anonymous
1286 1809 1361 1842 MS.
1377 1820 1384 1842 :
1405 1810 1425 1828 ‘⁶
1436 1808 1477 1842 In
1491 1808 1572 1842 villa
1588 1808 1718 1842 Dunel-

181 1857 308 1891 mensis
322 1857 536 1902 episcopatus
550 1868 624 1901 quae
635 1856 758 1889 dicitur
773 1855 806 1888 H
810 1855 948 1898 ailtune,
956 1861 1024 1888 erat
1037 1855 1147 1896 vidua,
1161 1855 1267 1888 filiam
1280 1855 1407 1888 habens
1418 1854 1597 1900 leprosam.
1632 1854 1718 1888 Haec

182 1904 284 1937 vidua
294 1904 409 1948 nupsit
422 1903 517 1936 alteri
532 1904 602 1937 viro
613 1903 670 1948 qui
683 1902 871 1948 privignam
885 1901 1032 1935 multum
1043 1901 1189 1935 habebat
1201 1913 1352 1945 exosam,
1369 1907 1402 1935 et
1415 1901 1508 1934 illam
1521 1901 1721 1946 multiplici-

183 1956 233 1984 ter
250 1950 430 1994 affllgebat.
490 1950 604 1983 Mater
621 1961 698 1982 vero
718 1949 799 1983 filiae
816 1948 1084 1993 compatiebatur
1108 1954 1146 1981 ut
1170 1953 1314 1993 poterat,
1332 1948 1485 1993 quamvis
1511 1948 1569 1981 illa
1585 1956 1721 1993 propter

182 1997 418 2042 aegritudinem
435 1996 477 2030 ad
495 2008 675 2030 commune
693 1995 901 2029 consortium
918 1994 1057 2028 familiae
1073 2006 1141 2028 non
1157 2000 1272 2039 posset
1289 1994 1434 2029 admitti.
1486 1994 1600 2038 Hujus
1617 1994 1718 2028 infor-

182 2044 269 2077 tunii
286 2043 426 2077 modum
447 2043 613 2076 sacerdoti
631 2055 692 2076 suo
708 2048 816 2075 mater
840 2041 1008 2086 exposuit,
1027 2041 1083 2086 qui
1109 2041 1318 2086 compatiens
1343 2041 1443 2074 matri
1461 2040 1563 2074 simul
1581 2046 1615 2074 et
1631 2041 1720 2084 filiae,

182 2090 375 2135 impetravit
393 2102 412 2124 a
427 2089 568 2134 leprosis
588 2089 629 2122 de
647 2088 785 2131 Badela,
803 2094 841 2121 ut
856 2087 1005 2133 puellam
1030 2087 1249 2132 susciperent,
1268 2093 1302 2120 et
1319 2099 1393 2120 eam
1419 2087 1499 2121 illuc
1518 2098 1595 2120 cum
1613 2093 1720 2121 matre

182 2136 352 2181 perduxit,
371 2148 445 2181 quae
467 2138 592 2169 mansit
615 2135 661 2168 ibi
678 2147 738 2180 per
754 2141 821 2168 tres
847 2145 961 2177 annos,
980 2134 1097 2167 morbo
1123 2145 1256 2179 semper
1280 2134 1315 2166 in
1333 2133 1481 2167 deterius
1506 2139 1720 2178 augescente.

183 2183 296 2216 Mater
308 2195 384 2216 vero
402 2194 479 2227 quae
495 2194 562 2215 non
580 2181 690 2226 potuit
707 2181 786 2214 filiae
804 2180 975 2214 miseriam
990 2180 1153 2223 oblivisci,
1163 2191 1240 2213 eum
1254 2180 1386 2214 audiret
1403 2180 1641 2213 miraculorum
1656 2181 1721 2214 fre-

183 2229 356 2274 quentiam
371 2240 447 2273 quae
464 2228 506 2262 ad
524 2228 637 2261 Sancti
647 2227 786 2261 Godrici
800 2227 992 2272 sepulerum
1010 2226 1224 2270 fiebant,fide
1241 2227 1379 2260 robusta
1392 2232 1425 2259 et
1439 2227 1600 2271 singulari
1613 2226 1719 2260 filiam

184 2287 280 2309 suam
299 2275 380 2309 illuc
398 2275 461 2308 Dei
480 2274 747 2308 misericordiam
765 2273 935 2306 exorando
953 2273 1124 2318 perduxit.
1174 2273 1218 2306 Et
1237 2285 1314 2306 cum
1340 2284 1407 2306 non
1432 2274 1541 2318 potita
1558 2278 1646 2307 esset
1663 2273 1722 2307 illa

183 2323 256 2356 viee
279 2322 369 2367 quod
391 2321 500 2367 petiit,
518 2333 651 2354 reversa
668 2326 719 2353 est
737 2320 886 2363 domum,
906 2325 938 2352 et
956 2319 1036 2353 illuc
1061 2319 1129 2353 fide
1154 2319 1322 2353 consimili
1348 2319 1447 2353 rediit
1470 2320 1602 2353 iterato.
1653 2320 1719 2353 Sed

182 2381 260 2404 cum
285 2370 386 2402 etiam
405 2374 486 2401 tunc
504 2367 538 2401 id
556 2367 645 2412 quod
670 2366 806 2412 petebat
824 2366 974 2399 obtinere
992 2378 1059 2399 non
1084 2371 1207 2411 posset,
1226 2372 1260 2399 et
1276 2366 1375 2399 terti0
1400 2366 1572 2400 remeavit.
1624 2366 1721 2400 Tunc

182 2415 262 2449 fidei
276 2420 381 2449 tantae
397 2413 654 2459 perseverantiae
666 2413 774 2458 pietas
792 2412 905 2446 divina
922 2412 1081 2457 respexit,
1096 2418 1130 2446 et
1144 2424 1218 2446 eam
1235 2412 1376 2445 ulterius
1390 2424 1530 2446 vacuam
1549 2412 1721 2446 discedere

183 2474 250 2496 non
263 2461 427 2507 permisit.
454 2460 561 2505 Igitur
573 2459 694 2504 puellae
712 2465 813 2504 caput
827 2459 975 2492 sedentis
990 2459 1031 2492 ad
1045 2459 1336 2504 sepulcrum,cum
1350 2458 1471 2492 sudore
1489 2459 1583 2492 dolor
1595 2459 1722 2493 nimius

183 2508 372 2554 occupavit.
422 2506 522 2549 Quod
539 2512 646 2539 mater
671 2506 847 2538 advertens
873 2505 961 2538 foras
979 2517 1052 2538 eam
1072 2505 1171 2538 duxit
1188 2505 1230 2538 ad
1247 2517 1361 2550 aquas,
1380 2510 1413 2538 et
1429 2505 1500 2539 lota
1515 2505 1601 2539 facie
1619 2506 1719 2539 simul

184 2562 216 2589 et
243 2555 353 2600 capite
378 2553 513 2586 reduxit
541 2552 644 2586 illam.
696 2551 784 2584 Cum
810 2563 887 2584 vero
913 2551 956 2584 ad
981 2551 1173 2596 sepulcrum
1200 2551 1398 2596 aliquandiu
1425 2552 1537 2596 quiete
1562 2551 1718 2594 sedisset,

184 2601 331 2635 detraxit
357 2600 529 2644 caputium
555 2598 658 2644 capiti
683 2610 755 2641 suo,
781 2603 814 2630 ct
838 2597 975 2630 omnino
1000 2609 1081 2631 sana
1106 2598 1304 2642 comparuit,
1331 2598 1378 2631 ita
1402 2604 1439 2631 ut
1463 2598 1595 2631 nullum
1622 2599 1656 2631 in
1682 2610 1721 2632 ea

182 2648 285 2693 leprae
302 2646 481 2691 vestigium
506 2650 705 2679 remaneret.
757 2644 906 2677 Tantum
924 2644 981 2677 ubi
1005 2643 1136 2677 fuerant
1162 2644 1313 2677 ulcerum
1340 2645 1525 2688 cicatrices,
1543 2644 1644 2678 rubor
1661 2644 1721 2678 ali-

183 2693 366 2739 quantulus
384 2692 575 2738 apparebat.
624 2691 746 2736 Sospes
772 2690 873 2735 igitur
898 2702 975 2723 cuni
1002 2701 1063 2723 sua
1087 2696 1194 2723 matre
1220 2690 1359 2723 domum
1385 2691 1494 2735 rediit,
1512 2702 1575 2725 nec
1590 2691 1717 2736 aliquid

184 2740 391 2774 infirmitatis
410 2738 575 2783 ejusmodi
594 2744 712 2783 postea
727 2748 876 2782 unquam
894 2736 1036 2770 sensit.'’

231 2788 243 2806 ³
266 2786 298 2820 A
318 2786 509 2820 Nativitate
528 2784 697 2830 Domini]
726 2783 877 2829 Namely
894 2783 979 2817 from
999 2783 1081 2817 25th
1100 2782 1233 2829 Dec.rt0
1252 2783 1334 2817 24th
1353 2783 1451 2817 June.
