1839 3186
188 172 272 211 440
715 182 951 215 LIBELLUS
983 183 1052 226 DE
1078 184 1194 215 VITA

190 285 284 326 duci
306 285 520 340 potuisset,
545 285 578 326 si
609 285 699 339 quis
719 286 763 327 id
784 291 1036 342 attemptare
1057 288 1269 329 voluisset.
1340 287 1544 340 Quaedam
1575 292 1717 328 tamen

189 351 438 393 foraminum
478 351 603 393 latius
642 352 796 393 hiando
837 354 1069 408 patebant;
1117 354 1190 395 sed
1231 369 1320 408 quae
1353 354 1467 394 fuere
1511 353 1718 395 strictiora

190 422 320 458 tantae
359 417 645 473 amplitudinis
680 424 811 460 erant.
875 420 983 461 Haec
1021 421 1075 461 ad
1105 421 1181 462 viri
1219 420 1300 461 Dei
1334 420 1595 474 sepulchrum
1630 434 1720 474 per-

192 484 317 535 venit,
343 489 384 525 et
406 484 514 525 infra
538 485 625 526 dies
656 485 812 539 aliquot
835 487 1011 527 salutem
1044 486 1115 527 diu
1145 487 1258 541 prius
1289 486 1552 541 desperatam
1580 500 1718 540 perce-

190 550 267 605 pit.
329 551 515 603 Quorum
551 551 800 593 foraminum
836 552 1039 594 obductas
1074 553 1285 595 cicatrices
1319 557 1360 593 et
1397 557 1564 593 sanatas
1598 551 1721 593 multi

192 617 345 668 videre,
369 621 411 658 et
433 617 662 658 Dominum
681 618 721 659 in
746 617 900 659 Sancto
925 618 1106 660 Godrico
1134 619 1431 667 collaudantes,
1455 618 1565 659 tanti
1592 622 1721 659 testes

192 683 379 724 miraculi
402 684 614 734 exsistere,
633 684 702 737 qui
724 684 851 725 etiam
873 690 915 725 et
937 683 1024 740 ejus
1044 685 1157 740 prius
1178 690 1336 727 asserta
1355 685 1559 726 foramina
1579 684 1721 726 viden-

192 755 268 800 tes,
291 750 418 805 ipsius
439 755 569 791 tantae
591 750 764 791 miseriae
787 751 1047 792 condoluere.

622 881 808 910 CLXXXIV.
841 882 892 907 DE
923 881 1040 907 MUTA
1071 882 1119 907 ET
1151 882 1294 908 SURDA.

251 967 273 1020 ξ
297 967 394 1007 560.
431 965 603 1006 MULIER
623 966 812 1020 quaedam
834 966 941 1007 infra
967 981 1096 1007 annos
1109 964 1315 1021 juveniles
1335 966 1472 1021 posita
1493 966 1536 1007 in
1568 965 1724 1007 Dunel-

191 1047 259 1073 mo
281 1037 382 1073 nata
410 1032 588 1081 exstitit,
614 1048 702 1087 quae
732 1033 883 1074 Adeliz
910 1033 1125 1073 nominata
1145 1047 1170 1073 a
1190 1033 1430 1087 parentibus
1461 1033 1553 1073 fuit.
1617 1032 1722 1073 Haec

193 1100 246 1140 ab
277 1099 367 1153 ipsa
396 1098 618 1140 nativitate
650 1114 725 1140 sua
755 1104 873 1140 muta
903 1104 944 1140 et
966 1100 1092 1140 surda
1122 1099 1280 1140 cunctis
1311 1099 1454 1140 diebus
1491 1099 1723 1148 exstiterat,

192 1180 268 1206 nec
290 1165 366 1206 sibi
389 1166 430 1205 in
463 1165 623 1207 duobus
654 1165 718 1207 his
740 1166 926 1207 sensibus
957 1165 1116 1207 amissis
1138 1165 1179 1205 in
1210 1165 1346 1219 aliquo
1378 1165 1595 1207 subvenire
1617 1165 1725 1206 vale-

191 1232 278 1272 bat.
341 1232 445 1273 Post
479 1231 629 1272 diutini
660 1247 757 1287 ergo
788 1231 998 1287 languoris
1030 1231 1304 1273 desolationes
1336 1236 1377 1273 et
1403 1231 1724 1286 desperationes,

192 1298 364 1339 tandem
387 1298 439 1339 ad
457 1298 533 1339 viri
557 1298 637 1339 Dei
659 1299 921 1354 sepulchrum
944 1298 1142 1353 confugit,
1161 1298 1233 1339 ubi
1255 1313 1378 1352 quam
1401 1298 1573 1339 celerem
1595 1297 1724 1338 medi-

194 1365 295 1405 cinae
327 1369 574 1419 proventum
607 1364 778 1419 adipisci
810 1365 1050 1419 promeruit.
1113 1364 1223 1405 Nam
1256 1364 1408 1405 diserte
1441 1369 1482 1405 et
1505 1364 1727 1419 promptis-

194 1431 296 1471 sime
318 1431 488 1485 loquens
518 1430 656 1481 rediit,
680 1436 721 1472 et
744 1431 895 1472 subtile
919 1431 1116 1472 audiendi
1148 1445 1322 1472 acumen
1354 1431 1534 1485 perfecte
1558 1430 1726 1485 recepit,

193 1512 283 1551 quae
304 1512 329 1538 a
350 1497 583 1538 nativitatis
614 1512 696 1538 suae
728 1502 914 1552 tempore
945 1497 1056 1552 prius
1077 1502 1197 1538 muta
1228 1502 1269 1538 et
1292 1497 1417 1538 surda
1443 1496 1537 1538 fuit.
1599 1495 1727 1552 Cujus

193 1563 481 1618 aegritudinem
503 1568 545 1604 et
567 1563 789 1604 sanitatem
809 1568 874 1604 tot
895 1563 935 1604 in
960 1564 1167 1604 Dunelmo
1190 1568 1457 1618 cognoscunt,
1476 1568 1577 1617 quot
1594 1563 1725 1604 nativi

192 1645 296 1686 pene
318 1631 427 1671 cives
448 1630 489 1670 in
511 1630 601 1684 ipsa
622 1630 790 1671 civitate
812 1629 1057 1671 consistunt.

288 1773 454 1800 CLXXXV.
486 1773 538 1797 DE
568 1772 722 1798 CAPITIS
753 1773 906 1800 DOLORE
938 1774 1042 1799 PENE
1073 1774 1127 1798 AD
1159 1773 1365 1799 INSANIAM
1396 1772 1629 1799 CRESOENTE.

254 1858 275 1911 ἓ
299 1857 398 1898 561.
432 1856 653 1909 ¹QUAEDAM
676 1856 726 1897 de
759 1855 901 1912 Helya
932 1856 1187 1906 muliercula,
1213 1855 1358 1898 Edusa
1378 1862 1537 1908 vocata,
1561 1873 1634 1913 per
1656 1858 1727 1899 de-

194 1938 282 1964 cem
304 1938 505 1964 annorum
528 1922 708 1977 spatium
726 1927 891 1964 tantum
913 1923 1061 1978 capitis
1083 1923 1267 1963 dolorem
1289 1923 1498 1975 sustinuit,
1515 1924 1625 1978 quod
1647 1924 1724 1966 sibi

195 1995 236 2031 et
258 1990 417 2031 cunctis
439 2004 531 2030 eam
551 1988 789 2031 videntibus
811 1989 1061 2031 daemoniosa
1082 1994 1122 2030 et
1143 1989 1297 2031 furiosa
1319 1991 1563 2044 comparuit.
1620 1990 1725 2031 Haec

195 2056 328 2111 prima
350 2056 438 2097 vice
460 2071 549 2109 quae
571 2055 625 2096 ad
641 2054 841 2096 Finchale
863 2060 1120 2111 pervenerat,
1144 2055 1201 2096 ibi
1221 2055 1438 2109 procidens
1459 2057 1653 2108 sananda,
1673 2057 1726 2098 ab

194 2122 284 2164 aliis
307 2137 397 2163 eam
419 2121 748 2176 opprimentibus
770 2122 971 2177 impedita
1001 2121 1105 2169 fuit;
1141 2121 1213 2162 sed
1234 2121 1413 2162 secundo
1441 2122 1509 2163 illo
1539 2123 1726 2178 perveni-

195 2203 279 2238 ens,
303 2189 445 2229 multis
467 2187 717 2237 videntibus,
742 2188 966 2229 sanitatem
988 2187 1199 2242 percipere
1221 2188 1384 2230 meruit.

441 2334 625 2360 CLXXXVI.
657 2335 708 2360 DE
739 2335 993 2365 QUOTIDIANA
1025 2336 1225 2362 PASSIONIS
1257 2335 1474 2362 ANGUSTIA.

253 2418 275 2472 ἓ
300 2418 396 2459 562.
429 2417 541 2458 ALiA
563 2433 659 2459 vero
681 2418 732 2459 de
756 2418 1022 2473 Haringtune
1050 2420 1102 2460 ab
1124 2424 1238 2461 ortus
1260 2419 1323 2460 sui
1344 2423 1529 2474 tempore
1561 2420 1722 2461 diutino

193 2484 405 2524 confracta
426 2482 578 2533 dolore,
601 2484 843 2537 quotidiana
870 2500 1030 2539 semper
1052 2485 1251 2539 passionis
1279 2484 1488 2527 invasione
1510 2501 1582 2541 per
1603 2488 1724 2528 horas

194 2550 273 2590 diei
296 2550 453 2603 aliquot
474 2550 617 2591 vexari
649 2556 947 2598 consueverat3
984 2566 1072 2604 quae
1098 2552 1198 2592 hora
1223 2566 1305 2592 suae
1326 2551 1526 2604 passionis
1554 2553 1724 2607 explosa

193 2620 234 2656 et
256 2616 519 2667 semianimis,
546 2616 659 2657 velut
674 2614 765 2671 jam
786 2616 1044 2667 moribunda,
1060 2615 1244 2672 jacebat.
1314 2616 1420 2657 Haec
1450 2618 1519 2659 illo
1543 2619 1723 2669 veniens,

193 2682 380 2723 similiter
402 2682 546 2723 eadem
577 2687 698 2723 nocte
729 2683 939 2724 convaluit
959 2697 968 2734 ;
1002 2687 1043 2723 et
1063 2683 1220 2737 gratias
1244 2684 1334 2724 Deo
1365 2681 1407 2724 in
1431 2684 1585 2725 Sancto
1609 2685 1722 2725 God-

190 2748 273 2788 rico
295 2748 486 2798 referens,
511 2763 649 2802 sospes
670 2753 711 2789 et
734 2763 834 2789 sana
856 2748 1023 2789 domum
1046 2749 1183 2789 rediit.

237 2840 244 2857 ¹
269 2835 421 2873 Quaedam
439 2837 476 2868 de
502 2835 606 2879 Helya
625 2835 845 2881 maliet-culm]
888 2835 998 2869 These
1026 2836 1134 2870 words
1162 2849 1217 2871 are
1246 2839 1378 2872 written
1408 2840 1439 2872 in
1471 2838 1527 2872 the
1557 2830 1721 2871 Bodleian

192 2881 265 2915 MS.
285 2882 331 2926 by
348 2894 367 2915 a
384 2881 539 2915 different
557 2881 658 2916 hand.
