1839 3186
518 243 577 273 ET
613 242 880 274 MIRACULIS
916 242 950 273 S.
978 241 1191 274 GODRICL
1544 234 1626 275 355

87 463 175 490 ΟΑΡ.
201 463 272 489 XV.
324 462 515 492 QUOMODO
560 462 706 487 FRATRI
752 461 910 487 CUIDAM
946 460 1089 486 TERT10
1120 460 1299 496 DIXERIT,
1337 461 1443 490 QUOD
1474 460 1517 484 IN
1550 460 1623 485 ΙΤΙ-

575 529 681 553 NERE
711 528 868 553 OBVIAM
900 512 1138 553 HABUERIT.l

149 612 170 667 ξ
194 614 290 654 336.
322 612 517 654 QFRATER
551 612 718 667 quidam
751 612 801 653 de
834 612 1084 653 monasterio
1106 610 1160 652 ad
1179 611 1312 652 virum
1334 611 1413 652 Dei
1448 615 1510 651 est
1530 625 1623 665 pro-

86 677 230 728 fectus,
254 679 290 720 ei
314 680 539 721 Missarum
572 679 783 721 sollemnia
815 678 1123 726 celebraturus3
1164 693 1243 732 quo
1271 693 1405 718 coram
1441 692 1489 718 eo
1526 677 1622 718 resi-

86 744 221 795 dente,
250 745 357 787 dixit
378 747 440 787 vir
460 746 553 796 Dei,
588 750 612 768 “
635 746 747 787 Num
775 745 954 800 aliquem
979 745 1021 786 in
1049 745 1151 786 silva
1185 744 1352 786 obvium
1383 743 1564 784 habuisti
1582 742 1621 784 2³³

88 810 246 863 Quibus
291 812 408 862 alter,
448 813 667 863 “Domne,
710 812 832 853 non.”
913 812 1030 852 Tunc
1066 812 1130 853 vir
1154 811 1246 861 Dei,
1297 810 1487 851 “Nonne
1531 810 1619 851 viro

87 877 290 931 equitanti
320 894 441 933 super
469 894 632 920 saccum
662 879 704 920 in
732 894 898 920 nemore
923 878 1113 928 obviasti,
1136 883 1177 919 et
1212 877 1314 918 mihi
1345 877 1455 931 quod
1475 892 1619 918 verum

84 943 163 985 fuit
201 944 335 986 dicere
369 945 665 987 dissimulasti?
740 945 815 986 Ille
851 945 1030 999 quidem,
1068 944 1174 986 sicut
1209 949 1251 985 et
1289 943 1427 993 ceteri,
1471 943 1620 998 saepius

84 1010 254 1052 bladum
295 1011 437 1052 Sancti
461 1011 492 1052 J
496 1012 668 1053 ohannis
690 1011 892 1066 Baptistae
927 1016 968 1052 et
1002 1026 1154 1061 meum,
1178 1010 1280 1052 meis
1310 1026 1358 1051 ac
1392 1025 1619 1065 pauperum

85 1077 225 1119 usibus
251 1077 438 1119 deditum
469 1094 517 1119 ac
547 1078 747 1128 debitum,
781 1078 887 1119 clam
909 1083 950 1118 et
972 1077 1142 1119 subdole
1172 1077 1268 1118 hinc
1298 1082 1542 1131 asportant3
1578 1081 1619 1117 et

88 1158 181 1185 cum
217 1159 359 1186 omnes
396 1149 514 1186 actus
546 1145 708 1186 illorum
729 1144 906 1195 videam,
929 1144 1017 1185 haec
1050 1159 1115 1184 me
1146 1158 1312 1198 prorsus
1339 1144 1526 1198 ignorare
1547 1159 1621 1198 pu·-

86 1211 221 1251 tant.''
291 1210 505 1252 Intellexit
538 1211 665 1267 igitur
699 1211 826 1252 frater
861 1211 928 1252 ille
965 1210 1074 1265 quod
1115 1210 1398 1251 ministrorum
1442 1224 1620 1259 suorum,

89 1292 164 1318 nec
197 1277 373 1319 aliorum
413 1277 482 1319 illo
518 1278 788 1326 venientium,
836 1282 996 1319 secreta
1030 1277 1146 1318 illum
1185 1276 1393 1318 ullatenus
1433 1280 1625 1331 poterant

86 1343 230 1403 latere,
254 1345 322 1398 qui
344 1349 431 1385 tam
452 1345 668 1386 manifeste
693 1345 729 1386 ei
758 1359 817 1395 ea,
845 1360 934 1399 quae
956 1344 999 1385 in
1031 1359 1197 1385 nemore
1219 1343 1394 1392 viderat,
1422 1342 1559 1397 potuit
1582 1347 1623 1383 et

89 1410 205 1452 novit
229 1415 317 1452 tam
348 1411 467 1452 facile
489 1412 709 1467 explicare.
770 1410 880 1452 Nam
902 1427 945 1452 re
966 1426 1076 1461 vera,
1102 1410 1241 1451 omnia
1268 1410 1373 1451 sicut
1398 1409 1505 1451 dixit
1528 1424 1627 1451 vera

89 1476 215 1528 fuere,
239 1478 334 1532 quia
364 1476 451 1533 ejus
485 1478 664 1520 ministri
694 1478 755 1519 ita
785 1477 955 1519 subdole
984 1482 1155 1532 agentes
1181 1478 1269 1518 haec
1299 1491 1393 1517 eum
1418 1476 1624 1530 putabant

90 1544 247 1593 latere3
283 1549 324 1585 et
353 1544 414 1585 ita
446 1544 574 1586 frater
594 1545 662 1586 ille
688 1544 773 1586 viro
799 1559 920 1600 super
944 1559 1108 1585 saccum
1141 1543 1344 1598 equitanti
1371 1541 1624 1594 obviaverat,

87 1610 193 1651 sicut
216 1611 283 1651 ille
305 1611 482 1652 dicebat.

151 1675 374 1732 Interjecto
409 1678 620 1732 aliquanto
655 1682 853 1733 tempore,
891 1677 1043 1718 iterum
1078 1676 1189 1718 idem
1225 1676 1353 1718 frater
1387 1692 1460 1731 pro
1495 1676 1625 1718 consi-

91 1743 179 1784 mili
199 1743 364 1798 negotio
389 1744 458 1784 illo
483 1744 720 1794 advenerat,
744 1744 797 1785 ad
819 1759 941 1798 quem
966 1743 1208 1784 intermissis
1238 1743 1328 1784 aliis
1356 1742 1625 1792 sermonibus,

90 1810 153 1852 vir
175 1810 255 1851 Dei
288 1810 348 1851 ita
379 1825 431 1851 ex
452 1815 659 1866 praerupto
684 1810 903 1864 quaerendo
928 1810 1104 1859 dicebat,
1129 1814 1153 1832 ‘⁶
1170 1809 1310 1851 Heus!
1340 1810 1528 1864 quisnam
1550 1809 1627 1850 tibi

92 1875 200 1917 infra
229 1877 355 1917 medii
385 1876 495 1918 horti
519 1877 600 1917 11101
632 1882 749 1932 septa
779 1877 957 1918 occurrit
986 1877 1027 1917 in
1050 1891 1165 1930 equo,
1190 1876 1255 1916 cui
1276 1875 1342 1916 hic
1366 1876 1534 1931 propius
1555 1876 1627 1916 ad-

92 1943 260 1984 veniens
287 1942 463 1984 obviasti
487 1944 529 1984 in
559 1944 705 1985 itinere
726 1944 863 1984 medio
879 1943 922 1985 ἓ”
985 1943 1065 1995 Qui
1088 1942 1318 1984 deliberans
1348 1957 1486 1983 secum
1517 1942 1627 1996 quod

92 2009 254 2051 viderat
286 2008 462 2061 diffiteri,
487 2025 566 2064 quo
588 2008 711 2066 hujus
746 2010 953 2052 schemate
973 2008 1134 2065 judicii,
1158 2008 1256 2063 quid
1289 2008 1500 2064 spirituale
1536 2024 1626 2050 sen-

92 2076 211 2117 sisset
247 2076 312 2118 vel
337 2076 507 2118 vidisset
537 2076 794 2118 manifestius
830 2076 1031 2132 potuisset
1066 2075 1245 2131 agnosci,
1280 2075 1387 2115 dixit
1427 2076 1463 2116 ei
1499 2075 1628 2116 frater

91 2142 158 2183 ille
203 2157 245 2184 se
287 2142 389 2183 nihil
430 2143 592 2194 vidisse,
649 2143 721 2185 sed
767 2158 899 2198 neque
937 2143 1173 2197 quempiam
1211 2142 1379 2183 obvium
1420 2142 1624 2183 habuisse.

94 2208 254 2261 Quibus
274 2209 337 2250 vir
359 2209 451 2260 Dei,
477 2215 502 2232 ‘⁶
521 2209 579 2251 Et
601 2225 682 2264 qua
710 2210 760 2251 de
784 2225 909 2251 causa
930 2209 1039 2264 quod
1060 2224 1203 2250 verum
1236 2216 1298 2250 est
1330 2207 1513 2263 profiteri
1545 2208 1625 2250 dis-

93 2275 289 2317 simulas?
320 2276 508 2330 nunquid
542 2292 624 2317 non
648 2276 782 2318 virum
820 2276 862 2317 in
895 2291 999 2330 equo
1030 2274 1185 2317 subrufi
1216 2275 1361 2316 coloris
1397 2275 1622 2327 sedentem,

91 2357 176 2384 una
197 2347 290 2383 cum
311 2357 428 2384 sacco
450 2343 570 2397 pleno
592 2343 650 2384 illi
682 2342 915 2398 subposito,
937 2343 980 2383 in
1009 2341 1146 2383 medio
1177 2341 1287 2383 horti
1313 2339 1436 2397 hujus
1457 2342 1624 2384 obvium

92 2464 172 2486 num
192 2453 355 2497 speciosa,
374 2451 517 2485 delicata
536 2452 637 2485 nimis
655 2458 688 2485 et
706 2458 832 2485 tenera.
882 2452 970 2494 Quae
995 2451 1115 2485 sedens
1133 2452 1270 2497 propius
1288 2458 1321 2485 et
1339 2463 1416 2485 eum
1433 2451 1556 2485 blande
1574 2464 1624 2485 re-

93 2499 251 2544 spiciens,
275 2498 333 2532 illo
357 2498 489 2541 silente,
508 2498 635 2532 diutius
653 2499 765 2532 taliter
789 2505 839 2532 est
864 2510 1007 2533 exorsa:
1036 2498 1161 2542 ζΕο00,
1187 2499 1233 2531 1111
1261 2498 1422 2538 Godrice,
1445 2504 1624 2543 postquam

92 2545 180 2591 coepi
199 2545 331 2578 dulcem
350 2545 399 2578 tui
416 2545 563 2578 nominis
579 2545 702 2578 habere
719 2545 886 2589 notitiam,
907 2546 1050 2589 juvenes
1076 2545 1264 2590 divitesque
1290 2551 1520 2588 contemnens,
1547 2551 1623 2578 tuos

94 2591 272 2637 amplexus
297 2603 367 2637 prae
384 2592 504 2625 0010115
522 2592 711 2644 concupivi.
760 2591 836 2625 Nec
854 2598 970 2637 potero
993 2592 1178 2637 quieseme,
1196 2592 1302 2625 donec
1328 2592 1451 2624 01110115
1476 2591 1542 2624 11101
1564 2590 1621 2623 de-

96 2638 257 2672 siderium
285 2638 395 2681 fuerit,
425 2644 459 2671 te
488 2639 732 2682 consentiente,
762 2638 992 2684 completum!
1059 2638 1157 2671 Tunc
1187 2638 1267 2672 ille:
1307 2638 1362 2671 ‘Si
1391 2638 1493 2678 talis,'
1523 2637 1620 2680 dixit,

96 2687 212 2718 ‘esses
236 2684 344 2729 qualis
373 2696 524 2730 appares,
553 2697 739 2730 nunquam,
768 2685 888 2730 spietis
921 2697 994 2718 mao
978 2685 1147 2730 gnatibus,
1178 2685 1393 2730 complexum
1421 2683 1560 2717 Godrici
1590 2690 1623 2717 et

95 2731 212 2765 rustici
231 2731 421 2776 quaesisses.
448 2731 659 2777 Quapropter
672 2731 790 2775 adjuro
807 2738 840 2765 te
858 2743 942 2777 per
928 2712 1066 2765 N0⁰men
1085 2712 1223 2764 Domini
1242 2731 1326 2765 Jesu
1345 2730 1481 2772 Cluisti,
1500 2736 1537 2763 ut
1555 2730 1622 2763 cito

94 2778 227 2822 fugiens
249 2777 333 2810 mihi
358 2777 498 2811 ulterius
519 2790 584 2811 non
603 2778 736 2821 illudas,
763 2784 795 2812 et
814 2784 846 2812 te
864 2784 1018 2823 patentei
1035 2777 1204 2811 ostendas.
1210 2777 1217 2790 ³
1267 2777 1353 2810 Mox
1379 2777 1437 2809 illa
1462 2777 1622 2810 deformis

94 2825 224 2867 effecta,
242 2823 359 2857 relicto
377 2823 423 2857 ibi
440 2824 570 2868 foetore,
589 2806 789 2870 disparuit”

140 2871 150 2891 ¹
179 2870 261 2903 Τ1115
279 2870 418 2915 011οΡῖο1
435 2870 515 2903 does
532 2876 590 2904 not
607 2883 708 2904 occur
725 2871 759 2904 in
776 2870 833 2904 the
853 2871 948 2904 Harl.
962 2870 1038 2904 MS.

138 2916 151 2935 ²
178 2916 328 2962 Frater]
357 2916 430 2950 The
447 2928 540 2950 same
557 2917 708 2951 incident
725 2929 864 2963 appears
882 2923 916 2951 to
933 2917 1017 2950 have
1035 2917 1121 2950 been
1138 2915 1274 2961 already
1292 2916 1456 2960 na1··,1ated
1476 2915 1492 2961 ξ
1514 2918 1591 2950 186,

1346 2997 1435 3029 Ma
