1839 3186
577 136 636 167 ET
672 134 942 169 MIRAcULrs
974 136 1009 167 s.
1030 133 1248 167 GODRICI.
1592 121 1677 166 327

139 245 340 293 perpetuo
357 239 541 282 victurus
565 239 751 290 intravit,
776 239 853 281 Cui
870 239 1001 281 honor
1022 239 1211 294 perennis
1232 253 1280 280 ac
1301 252 1447 293 perpes
1467 238 1599 294 gloria
1622 237 1679 279 ¹in

140 310 344 347 aeternum
367 307 436 348 sit.

135 528 222 555 CAP.
258 529 379 555 CLXX.
415 530 609 559 QUOMODO
639 529 788 556 conpos
818 530 905 555 VIRI
926 530 994 555 DEI
1024 528 1238 555 SEPULTUM
1262 528 1335 563 srr,
1359 527 1408 553 Ac
1438 527 1513 553 PRO
1535 527 1674 554 UNGUE

194 596 287 621 Esus
321 595 449 623 morso
483 596 653 622 SANGUIS
683 597 947 632 EFFLUXERIT,
985 596 1061 623 VEL
1096 596 1194 625 QUID
1229 595 1273 621 IN
1310 594 1473 620 LAMINA
1505 594 1590 621 CUM
1627 595 1674 620 Eo

193 662 332 688 POSITA
365 663 564 689 SCRIPTUM
595 647 692 689 sIr.2

196 761 218 815 ἓ
237 763 334 804 309.
369 761 615 804 TRANSLATO
636 762 785 817 spiritu
807 761 884 803 viri
902 761 983 803 Dei
1006 761 1057 803 de
1077 761 1156 803 hoc
1177 760 1347 812 mundo,
1367 761 1509 802 statim
1531 760 1669 803 obitus

134 825 221 882 ejus
255 827 606 871 Dunelmensibus
635 828 834 870 fratribus
873 828 957 870 suis
988 828 1184 879 innotuit,
1221 827 1318 881 quia
1354 827 1463 869 tanti
1495 828 1668 869 athletae

134 893 305 936 Domini
322 895 459 937 exitus
476 895 547 937 diu
562 896 691 937 latere
706 910 788 936 non
801 896 952 950 potuit.
986 893 1115 950 Cujus
1131 895 1252 936 famae
1275 894 1426 936 notitia
1441 900 1668 950 comperta,

135 960 266 1002 clerus
287 962 542 1016 populusque
567 963 783 1016 utriusque
803 975 926 1003 sexus
947 966 1180 1012 occurrunt,
1203 961 1413 1016 patrisque
1436 961 1498 1003 sui
1521 976 1669 1017 corpus

131 1027 285 1082 copiosi
316 1028 507 1070 desiderii
538 1044 678 1070 amore
708 1028 906 1078 succensi,
928 1028 1068 1070 videre
1100 1028 1165 1070 vel
1189 1027 1427 1083 contingere
1456 1028 1668 1083 concupis-

133 1099 244 1135 cunt.
317 1094 421 1136 Erat
453 1095 651 1137 nimirum
682 1094 938 1149 singulorum
973 1094 1118 1136 auxilii
1159 1093 1376 1135 consilium
1411 1109 1460 1135 ac
1482 1094 1667 1136 salutare

129 1160 302 1202 remedii
339 1160 679 1203 ³muni1nentum.
745 1161 829 1202 Pro
862 1176 908 1202 eo
944 1161 1071 1216 igitur
1105 1161 1228 1202 multi
1259 1161 1315 1202 ad
1346 1158 1432 1216 ejus
1453 1162 1670 1215 exsequias

129 1233 344 1279 venerunt,
367 1229 463 1282 quia
484 1228 683 1270 domnum
705 1243 825 1269 suum
858 1227 1086 1269 Godricum
1120 1227 1171 1268 de
1192 1232 1462 1269 monumento
1485 1227 1667 1282 corporis

130 1293 358 1336 Dominum
388 1310 555 1337 vocasse
586 1294 820 1345 audierunt,
857 1294 1048 1350 spiritum
1085 1292 1202 1350 cujus
1237 1293 1292 1335 ad
1323 1293 1505 1335 coelestia
1539 1309 1668 1348 regna

128 1361 414 1413 suscitaverat,
448 1367 490 1403 et
506 1362 743 1404 absolutum
764 1361 968 1416 corporeis
1004 1360 1165 1403 exuviis
1199 1360 1418 1402 beatorum
1453 1360 1666 1415 spiritibus

127 1427 408 1469 consociatum
438 1443 522 1469 non
553 1428 816 1469 dubitabant.
880 1427 1052 1469 Fratres
1073 1426 1341 1483 postmodum
1362 1426 1434 1477 illi,
1459 1427 1528 1481 qui
1551 1427 1666 1482 prius

127 1492 212 1535 11110
230 1494 285 1535 ad
306 1495 467 1536 exitum
487 1495 597 1537 illius
620 1494 875 1546 4astiterant,
904 1509 1052 1549 corpus
1076 1494 1207 1549 patris
1227 1493 1517 1544 ⁵abluendum,
1544 1508 1593 1535 ac
1615 1493 1666 1535 de

126 1575 239 1602 more
260 1562 558 1603 monachorum
579 1556 915 1612 6obvolvendum,
930 1559 1022 1616 jam
1044 1560 1292 1615 quibusdam
1313 1559 1369 1601 ad
1386 1560 1476 1601 illos
1497 1560 1666 1602 adveni-

124 1626 289 1669 entibus
309 1627 400 1669 aliis
422 1628 472 1669 de
490 1628 672 1669 coenobio
691 1627 789 1669 foris
810 1627 1063 1676 extulerant,
1081 1626 1192 1682 quod
1211 1626 1254 1667 in
1270 1620 1552 1677 7501111-(101110,
1572 1641 1665 1681 quae

125 1691 325 1736 Ecclesiae
357 1694 732 1750 appendiculariter
760 1693 1039 1749 appendebat,
1084 1693 1343 1742 deferebant,
1374 1707 1423 1734 ac
1445 1692 1664 1748 diligenter

170 1802 180 1822 ¹
195 1802 240 1837 In
257 1809 413 1838 (eternum
429 1803 503 1850 sit]
547 1804 710 1837 “Fratres
724 1803 785 1846 illi,
798 1803 968 1849 completo
986 1804 1163 1849 vigilatum
1175 1804 1298 1847 officio,
1312 1804 1435 1837 iterum
1450 1804 1664 1848 quieverunt.

125 1849 322 1895 Apparente
339 1851 425 1885 lucis
443 1862 573 1894 aurora,
600 1851 689 1884 dixit
713 1851 869 1884 ministro
896 1851 954 1896 qui
972 1850 1152 1894 assidebat,
1179 1852 1202 1870 ‘⁶
1215 1851 1293 1884 Cito
1311 1851 1424 1884 excita
1441 1850 1559 1883 fratres
1576 1850 1664 1894 illos,

125 1902 163 1929 ut
193 1897 396 1941 migrantem
431 1897 587 1942 spiritum
622 1898 758 1931 veniant
793 1897 1069 1931 commendare?
1128 1896 1196 1941 Illi,
1220 1897 1286 1931 1100
1311 1896 1439 1940 audito,
1465 1897 1664 1930 festinanter

124 1950 315 1986 accurrunt,
333 1944 444 1988 ipsum
464 1943 637 1988 deponunt
650 1944 685 1976 in
702 1943 815 1977 cilicio
832 1944 1003 1977 cineribus
1017 1944 1218 1989 superjecto,
1252 1950 1286 1977 et
1303 1943 1450 1977 induunt
1466 1943 1612 1977 stamina
1629 1950 1663 1977 et

125 1989 268 2033 cuculla,
288 1990 367 2034 quia
390 1991 462 2034 jam
486 1990 615 2023 dudum
639 1990 749 2024 fuerat
771 1990 958 2024 monachus
977 1990 1232 2024 Dunelmensis.
1283 1990 1370 2023 Cum
1388 1996 1475 2023 terra
1492 1990 1662 2023 matutino

124 2035 194 2068 sole
209 2035 416 2079 claresceret,
444 2036 528 2070 felix
553 2037 667 2070 anima
684 2037 841 2070 transivit
865 2037 909 2070 ad
926 2037 1115 2070 claritatem
1140 2036 1221 2070 solis
1245 2037 1377 2077 aeterni,
1403 2048 1463 2081 pro
1481 2036 1659 2081 temporali

127 2081 265 2115 tristitia
282 2090 454 2128 perpetuae
466 2083 691 2127 jocunditatis
713 2083 876 2128 gaudium
894 2095 1103 2128 possessura.
1139 2083 1235 2116 Obiit
1252 2084 1314 2127 xij.
1333 2082 1402 2116 kal.
1421 2082 1528 2126 Junii,
1541 2089 1659 2116 octavo

121 2127 175 2161 die
203 2129 438 2172 Ascensionis,
471 2142 558 2164 anno
589 2130 838 2163 Incarnationis
867 2130 1060 2164 Dominicee
1085 2129 1279 2173 millesimo,
1309 2129 1509 2170 centesimo,
1544 2136 1660 2175 septu-

121 2175 283 2218 agesimo,
302 2176 336 2208 in
359 2176 472 2210 medio
497 2177 649 2211 ecclesiae
665 2176 859 2222 pavimento
877 2182 994 2210 contra
1019 2176 1135 2210 Sancti
1162 2176 1330 2211 Johannis
1357 2176 1499 2210 altare.''
1548 2178 1662 2211 Anon.

121 2220 218 2255 Harl.
238 2221 387 2266 Legend.

166 2268 179 2286 ²
204 2267 245 2300 In
262 2268 320 2300 the
340 2268 435 2302 Harl.
456 2267 532 2304 MS.
551 2270 689 2314 chapter
709 2271 775 2303 150
793 2269 821 2302 is
840 2269 909 2303 still
928 2268 1123 2303 continued.

167 2314 180 2333 ³
200 2314 477 2361 Munimentum]
506 2316 772 2359 Monimentum,
792 2316 836 2350 Β.

166 2362 178 2380 ‘¹
194 2360 414 2407 Astiterant]
439 2362 663 2405 Exstiterant,
680 2362 728 2396 H.

164 2407 425 2455 ⁵Abluetzdum.]
454 2408 538 2442 This
556 2414 687 2443 custom
704 2408 875 2453 prevailed
899 2409 985 2442 from
1005 2408 1063 2442 the
1089 2408 1224 2442 earliest
1240 2408 1380 2454 period3
1399 2420 1455 2442 500
1473 2408 1655 2453 Bingham,

128 2465 235 2488 XXIII.
258 2454 308 2488 iii.
328 2451 346 2499 ᾗ
366 2457 398 2498 3,
425 2455 492 2488 and
516 2455 673 2489 Mar-tene
692 2455 733 2488 de
752 2455 870 2500 Antiq.
888 2455 1051 2489 Monach.
1078 2455 1148 2489 Rit.
1166 2467 1196 2490 v.
1214 2467 1250 2489 X.
1269 2455 1285 2500 ξ
1308 2458 1337 2489 l.
1356 2467 1450 2500 seqq.
1473 2455 1540 2489 and
1553 2456 1653 2499 again

122 2499 199 2545 §85
217 2501 385 2546 Reginald
399 2501 529 2536 alludes
541 2508 575 2536 1ο
587 2502 645 2535 1110
656 2501 878 2547 universality
885 2502 922 2535 of
928 2502 986 2536 the
998 2507 1131 2536 custom
1145 2502 1180 2535 in
1193 2502 1246 2536 his
1261 2502 1414 2536 Libellus
1429 2501 1470 2535 de
1484 2502 1518 2536 S.
1528 2501 1653 2536 Cuthb.

118 2558 140 2592 p
165 2592 178 2611 ⁶
195 2592 466 2641 Ohvolvendum]
494 2594 637 2628 Besides
654 2594 712 2627 the
728 2600 899 2639 garments
917 2595 952 2628 in
968 2594 1081 2627 which
1098 2594 1155 2628 the
1181 2595 1346 2629 deceased
1362 2606 1431 2628 was
1447 2594 1579 2636 buricd,
1597 2594 1654 2628 the

118 2638 210 2684 body
223 2652 291 2673 was
308 2641 414 2674 rolled
432 2653 476 2686 up
489 2641 523 2674 in
541 2653 560 2674 a
573 2641 846 2685 winding-sheet,
862 2641 1058 2675 sometimes
1076 2641 1257 2687 composed
1276 2642 1313 2675 of
1326 2653 1346 2674 a
1363 2641 1472 2686 costly
1489 2641 1655 2674 material.

122 2685 217 2719 Thus
235 2686 284 2719 St.
305 2687 471 2721 Cuthbert
488 2687 651 2732 carefully
667 2687 846 2732 preserved
872 2688 922 2721 for
947 2687 1015 2721 this
1040 2699 1185 2733 purpose
1203 2700 1222 2721 a
1235 2688 1325 2721 eloth
1345 2687 1456 2720 which
1482 2687 1548 2721 had
1566 2687 1652 2721 been

120 2732 273 2777 wrought
289 2733 340 2766 for
362 2733 434 2767 him
451 2734 496 2779 by
515 2734 636 2777 Verca,
655 2734 776 2768 abbess
794 2735 832 2768 Of
858 2734 1075 2779 Tiningham,
1103 2735 1175 2768 Vit.
1201 2740 1338 2768 auctore
1365 2733 1471 2778 Beda,
1496 2746 1570 2780 cap.
1595 2735 1651 2769 37.

119 2778 253 2812 Several
271 2779 367 2813 Other
384 2780 554 2814 instances
571 2792 628 2814 are
645 2780 810 2815 collected
826 2781 873 2827 by
886 2781 1054 2825 Martene,
1073 2787 1110 2814 ut
1123 2792 1235 2826 supra,
1254 2780 1271 2826 ξ
1290 2783 1347 2816 92.

163 2824 176 2845 ⁷
192 2825 416 2873 Semi-doma]
443 2827 505 2860 See
525 2824 543 2871 ξ
565 2828 642 2862 157.
