<?xml version="1.0" encoding="UTF-8"?>
<!DOCTYPE html PUBLIC "-//W3C//DTD XHTML 1.0 Transitional//EN"
    "http://www.w3.org/TR/xhtml1/DTD/xhtml1-transitional.dtd">
<html xmlns="http://www.w3.org/1999/xhtml" xml:lang="en" lang="en">
 <head>
  <title>
</title>
<meta http-equiv="Content-Type" content="text/html;charset=utf-8" />
  <meta name='ocr-system' content='tesseract 3.04.00' />
  <meta name='ocr-capabilities' content='ocr_page ocr_carea ocr_par ocr_line ocrx_word'/>
</head>
<body>
  <div class='ocr_page' id='page_1' title='image "./libellusdevitaet00regi/libellusdevitaet00regi_0527.png"; bbox 0 0 1839 3186; ppageno 0'>
   <div class='ocr_carea' id='block_1_1' title="bbox 571 222 1664 267">
    <p class='ocr_par' dir='ltr' id='par_1_1' title="bbox 571 222 1664 267">
     <span class='ocr_line' id='line_1_1' title="bbox 571 222 1664 267; baseline -0.005 -1"><span class='ocrx_word' id='word_1_1' title='bbox 571 236 629 266; x_wconf 86' lang='lat' dir='ltr'>ET</span> <span class='ocrx_word' id='word_1_2' title='bbox 663 233 924 267; x_wconf 79' lang='lat' dir='ltr'><strong>MIRAOULIS</strong></span> <span class='ocrx_word' id='word_1_3' title='bbox 959 234 993 266; x_wconf 90' lang='lat' dir='ltr'>s.</span> <span class='ocrx_word' id='word_1_4' title='bbox 1027 232 1239 265; x_wconf 77' lang='lat' dir='ltr'>Gonmcr.</span> <span class='ocrx_word' id='word_1_5' title='bbox 1584 222 1664 261; x_wconf 76' lang='lat'>481</span> 
     </span>
    </p>
   </div>
   <div class='ocr_carea' id='block_1_2' title="bbox 90 335 1666 2962">
    <p class='ocr_par' dir='ltr' id='par_1_2' title="bbox 132 335 1666 1117">
     <span class='ocr_line' id='line_1_2' title="bbox 138 335 1666 392; baseline 0 -13"><span class='ocrx_word' id='word_1_6' title='bbox 138 353 266 379; x_wconf 89' lang='lat' dir='ltr'>unum</span> <span class='ocrx_word' id='word_1_7' title='bbox 288 353 373 380; x_wconf 90' lang='lat' dir='ltr'>esse</span> <span class='ocrx_word' id='word_1_8' title='bbox 395 338 625 380; x_wconf 88' lang='lat' dir='ltr'>constituit.</span> <span class='ocrx_word' id='word_1_9' title='bbox 689 338 789 390; x_wconf 74' lang='lat' dir='ltr'>Quae</span> <span class='ocrx_word' id='word_1_10' title='bbox 811 352 883 392; x_wconf 88' lang='lat' dir='ltr'>per</span> <span class='ocrx_word' id='word_1_11' title='bbox 904 350 1033 377; x_wconf 90' lang='lat' dir='ltr'>annos</span> <span class='ocrx_word' id='word_1_12' title='bbox 1058 335 1292 390; x_wconf 90' lang='lat' dir='ltr'>quindecim</span> <span class='ocrx_word' id='word_1_13' title='bbox 1317 337 1529 390; x_wconf 88' lang='lat' dir='ltr'>utriusque</span> <span class='ocrx_word' id='word_1_14' title='bbox 1559 338 1666 379; x_wconf 87' lang='lat' dir='ltr'>oculi</span> 
     </span>
     <span class='ocr_line' id='line_1_3' title="bbox 136 401 1666 459; baseline -0.001 -14"><span class='ocrx_word' id='word_1_15' title='bbox 136 404 290 445; x_wconf 90' lang='lat' dir='ltr'>lumine</span> <span class='ocrx_word' id='word_1_16' title='bbox 312 404 458 445; x_wconf 87' lang='lat' dir='ltr'>orbata</span> <span class='ocrx_word' id='word_1_17' title='bbox 478 403 717 459; x_wconf 77' lang='lat' dir='ltr'>permansit,</span> <span class='ocrx_word' id='word_1_18' title='bbox 741 405 782 444; x_wconf 88' lang='lat' dir='ltr'>et</span> <span class='ocrx_word' id='word_1_19' title='bbox 803 403 944 443; x_wconf 89' lang='lat' dir='ltr'>lumen</span> <span class='ocrx_word' id='word_1_20' title='bbox 975 401 1062 442; x_wconf 87' lang='lat' dir='ltr'>coeli</span> <span class='ocrx_word' id='word_1_21' title='bbox 1084 401 1222 443; x_wconf 88' lang='lat' dir='ltr'>videre</span> <span class='ocrx_word' id='word_1_22' title='bbox 1253 416 1335 442; x_wconf 91' lang='lat' dir='ltr'>non</span> <span class='ocrx_word' id='word_1_23' title='bbox 1366 403 1503 457; x_wconf 89' lang='lat' dir='ltr'>potuit</span> <span class='ocrx_word' id='word_1_24' title='bbox 1522 420 1532 451; x_wconf 91' lang='lat'>;</span> <span class='ocrx_word' id='word_1_25' title='bbox 1558 403 1666 445; x_wconf 86' lang='lat' dir='ltr'>infra</span> 
     </span>
     <span class='ocr_line' id='line_1_4' title="bbox 136 466 1664 524; baseline -0.001 -13"><span class='ocrx_word' id='word_1_26' title='bbox 136 485 233 511; x_wconf 88' lang='lat' dir='ltr'>vero</span> <span class='ocrx_word' id='word_1_27' title='bbox 256 485 384 511; x_wconf 89' lang='lat' dir='ltr'>annos</span> <span class='ocrx_word' id='word_1_28' title='bbox 413 475 477 510; x_wconf 88' lang='lat' dir='ltr'>ter</span> <span class='ocrx_word' id='word_1_29' title='bbox 497 470 641 524; x_wconf 87' lang='lat' dir='ltr'>quinos</span> <span class='ocrx_word' id='word_1_30' title='bbox 668 468 877 523; x_wconf 76' lang='lat' dir='ltr'>praedictae</span> <span class='ocrx_word' id='word_1_31' title='bbox 914 466 1113 508; x_wconf 73' lang='lat' dir='ltr'>caecitatis</span> <span class='ocrx_word' id='word_1_32' title='bbox 1139 471 1224 508; x_wconf 88' lang='lat' dir='ltr'>tres</span> <span class='ocrx_word' id='word_1_33' title='bbox 1251 466 1354 508; x_wconf 90' lang='lat' dir='ltr'>filios</span> <span class='ocrx_word' id='word_1_34' title='bbox 1375 469 1463 509; x_wconf 90' lang='lat' dir='ltr'>viro</span> <span class='ocrx_word' id='word_1_35' title='bbox 1495 484 1568 510; x_wconf 92' lang='grc'>5110</span> <span class='ocrx_word' id='word_1_36' title='bbox 1595 485 1664 523; x_wconf 88' lang='lat' dir='ltr'>pe-</span> 
     </span>
     <span class='ocr_line' id='line_1_5' title="bbox 134 532 1664 590; baseline -0.001 -13"><span class='ocrx_word' id='word_1_37' title='bbox 134 536 242 590; x_wconf 89' lang='lat' dir='ltr'>perit</span> <span class='ocrx_word' id='word_1_38' title='bbox 260 536 586 577; x_wconf 90' lang='lat' dir='ltr'>adolescentulos</span> <span class='ocrx_word' id='word_1_39' title='bbox 614 534 768 575; x_wconf 79' lang='lat' dir='ltr'>fioridae</span> <span class='ocrx_word' id='word_1_40' title='bbox 782 533 1047 589; x_wconf 81' lang='lat' dir='ltr'>juventutis3</span> <span class='ocrx_word' id='word_1_41' title='bbox 1083 547 1184 586; x_wconf 87' lang='lat' dir='ltr'>quos</span> <span class='ocrx_word' id='word_1_42' title='bbox 1213 532 1308 586; x_wconf 87' lang='lat' dir='ltr'>quia</span> <span class='ocrx_word' id='word_1_43' title='bbox 1336 535 1541 587; x_wconf 75' lang='lat' dir='ltr'>amplecti,</span> <span class='ocrx_word' id='word_1_44' title='bbox 1563 535 1664 575; x_wconf 89' lang='lat' dir='ltr'>allo-</span> 
     </span>
     <span class='ocr_line' id='line_1_6' title="bbox 137 598 1662 655; baseline -0.001 -13"><span class='ocrx_word' id='word_1_45' title='bbox 137 601 218 655; x_wconf 90' lang='lat' dir='ltr'>qui,</span> <span class='ocrx_word' id='word_1_46' title='bbox 234 606 275 642; x_wconf 93' lang='lat' dir='ltr'>et</span> <span class='ocrx_word' id='word_1_47' title='bbox 293 602 532 652; x_wconf 86' lang='lat' dir='ltr'>deosculari,</span> <span class='ocrx_word' id='word_1_48' title='bbox 550 607 596 642; x_wconf 88' lang='lat' dir='ltr'>ut</span> <span class='ocrx_word' id='word_1_49' title='bbox 612 601 784 655; x_wconf 80' lang='lat' dir='ltr'>pignora</span> <span class='ocrx_word' id='word_1_50' title='bbox 796 600 962 654; x_wconf 87' lang='lat' dir='ltr'>propria</span> <span class='ocrx_word' id='word_1_51' title='bbox 979 599 1029 639; x_wconf 93' lang='lat' dir='ltr'>de</span> <span class='ocrx_word' id='word_1_52' title='bbox 1046 598 1128 640; x_wconf 90' lang='lat' dir='ltr'>suis</span> <span class='ocrx_word' id='word_1_53' title='bbox 1144 599 1368 640; x_wconf 88' lang='lat' dir='ltr'>visceribus</span> <span class='ocrx_word' id='word_1_54' title='bbox 1385 600 1497 639; x_wconf 87' lang='lat' dir='ltr'>edita</span> <span class='ocrx_word' id='word_1_55' title='bbox 1513 600 1662 654; x_wconf 87' lang='lat' dir='ltr'>potuit,</span> 
     </span>
     <span class='ocr_line' id='line_1_7' title="bbox 134 664 1664 720; baseline -0.003 -11"><span class='ocrx_word' id='word_1_56' title='bbox 134 667 274 709; x_wconf 90' lang='lat' dir='ltr'>videre</span> <span class='ocrx_word' id='word_1_57' title='bbox 296 673 436 708; x_wconf 90' lang='lat' dir='ltr'>tamen</span> <span class='ocrx_word' id='word_1_58' title='bbox 458 683 527 709; x_wconf 87' lang='lat' dir='ltr'>eos</span> <span class='ocrx_word' id='word_1_59' title='bbox 548 683 629 708; x_wconf 92' lang='lat' dir='ltr'>non</span> <span class='ocrx_word' id='word_1_60' title='bbox 652 667 796 714; x_wconf 85' lang='lat' dir='ltr'>valuit,</span> <span class='ocrx_word' id='word_1_61' title='bbox 821 681 867 706; x_wconf 91' lang='lat' dir='ltr'>eo</span> <span class='ocrx_word' id='word_1_62' title='bbox 899 665 1047 706; x_wconf 87' lang='lat' dir='ltr'>anxius</span> <span class='ocrx_word' id='word_1_63' title='bbox 1078 664 1272 706; x_wconf 78' lang='lat' dir='ltr'>sustinuit</span> <span class='ocrx_word' id='word_1_64' title='bbox 1295 670 1336 705; x_wconf 91' lang='lat' dir='ltr'>et</span> <span class='ocrx_word' id='word_1_65' title='bbox 1358 665 1524 719; x_wconf 82' lang='lat' dir='ltr'>gravius</span> <span class='ocrx_word' id='word_1_66' title='bbox 1552 666 1664 720; x_wconf 80' lang='lat' dir='ltr'>inge-</span> 
     </span>
     <span class='ocr_line' id='line_1_8' title="bbox 133 729 1661 788; baseline -0.001 -15"><span class='ocrx_word' id='word_1_67' title='bbox 133 733 304 774; x_wconf 81' lang='lat' dir='ltr'>miscere</span> <span class='ocrx_word' id='word_1_68' title='bbox 338 734 473 788; x_wconf 86' lang='lat' dir='ltr'>coepit.</span> <span class='ocrx_word' id='word_1_69' title='bbox 536 733 724 786; x_wconf 88' lang='lat' dir='ltr'>Denique</span> <span class='ocrx_word' id='word_1_70' title='bbox 746 733 808 774; x_wconf 89' lang='lat' dir='ltr'>vir</span> <span class='ocrx_word' id='word_1_71' title='bbox 829 747 920 772; x_wconf 89' lang='lat' dir='ltr'>eam</span> <span class='ocrx_word' id='word_1_72' title='bbox 948 732 990 772; x_wconf 92' lang='lat' dir='ltr'>in</span> <span class='ocrx_word' id='word_1_73' title='bbox 1022 745 1137 772; x_wconf 86' lang='lat' dir='ltr'>carro</span> <span class='ocrx_word' id='word_1_74' title='bbox 1159 745 1253 771; x_wconf 86' lang='lat' dir='ltr'>eum</span> <span class='ocrx_word' id='word_1_75' title='bbox 1280 729 1373 772; x_wconf 90' lang='lat' dir='ltr'>filiis</span> <span class='ocrx_word' id='word_1_76' title='bbox 1395 732 1477 772; x_wconf 88' lang='lat' dir='ltr'>suis</span> <span class='ocrx_word' id='word_1_77' title='bbox 1499 746 1661 786; x_wconf 85' lang='lat' dir='ltr'>compo-</span> 
     </span>
     <span class='ocr_line' id='line_1_9' title="bbox 134 796 1661 854; baseline -0.001 -14"><span class='ocrx_word' id='word_1_78' title='bbox 134 799 230 849; x_wconf 88' lang='lat' dir='ltr'>suit,</span> <span class='ocrx_word' id='word_1_79' title='bbox 254 804 294 840; x_wconf 92' lang='lat' dir='ltr'>et</span> <span class='ocrx_word' id='word_1_80' title='bbox 316 799 370 840; x_wconf 91' lang='lat' dir='ltr'>ad</span> <span class='ocrx_word' id='word_1_81' title='bbox 401 800 662 854; x_wconf 77' lang='lat' dir='ltr'>sepulchrum</span> <span class='ocrx_word' id='word_1_82' title='bbox 683 798 760 839; x_wconf 86' lang='lat' dir='ltr'>viri</span> <span class='ocrx_word' id='word_1_83' title='bbox 789 798 869 839; x_wconf 90' lang='lat' dir='ltr'>Dei</span> <span class='ocrx_word' id='word_1_84' title='bbox 897 797 1119 852; x_wconf 77' lang='lat' dir='ltr'>perduxit3</span> <span class='ocrx_word' id='word_1_85' title='bbox 1154 796 1227 838; x_wconf 84' lang='lat' dir='ltr'>sed</span> <span class='ocrx_word' id='word_1_86' title='bbox 1256 797 1351 850; x_wconf 90' lang='lat' dir='ltr'>quia</span> <span class='ocrx_word' id='word_1_87' title='bbox 1379 797 1661 851; x_wconf 78' lang='lat' dir='ltr'>prementibus</span> 
     </span>
     <span class='ocr_line' id='line_1_10' title="bbox 133 862 1662 917; baseline -0.001 -11"><span class='ocrx_word' id='word_1_88' title='bbox 133 865 266 906; x_wconf 90' lang='lat' dir='ltr'>turbis</span> <span class='ocrx_word' id='word_1_89' title='bbox 288 870 328 906; x_wconf 86' lang='lat' dir='ltr'>et</span> <span class='ocrx_word' id='word_1_90' title='bbox 345 866 590 906; x_wconf 81' lang='lat' dir='ltr'>catervatim</span> <span class='ocrx_word' id='word_1_91' title='bbox 606 865 795 906; x_wconf 89' lang='lat' dir='ltr'>tumbam</span> <span class='ocrx_word' id='word_1_92' title='bbox 811 863 1078 912; x_wconf 88' lang='lat' dir='ltr'>vallantibus,</span> <span class='ocrx_word' id='word_1_93' title='bbox 1096 862 1257 917; x_wconf 84' lang='lat' dir='ltr'>copiam</span> <span class='ocrx_word' id='word_1_94' title='bbox 1273 862 1421 916; x_wconf 88' lang='lat' dir='ltr'>quietis</span> <span class='ocrx_word' id='word_1_95' title='bbox 1437 863 1494 904; x_wconf 90' lang='lat' dir='ltr'>ibi</span> <span class='ocrx_word' id='word_1_96' title='bbox 1510 863 1662 904; x_wconf 89' lang='lat' dir='ltr'>habere</span> 
     </span>
     <span class='ocr_line' id='line_1_11' title="bbox 133 928 1663 983; baseline -0.001 -11"><span class='ocrx_word' id='word_1_97' title='bbox 133 931 170 971; x_wconf 87' lang='lat' dir='ltr'>ei</span> <span class='ocrx_word' id='word_1_98' title='bbox 186 946 268 971; x_wconf 90' lang='lat' dir='ltr'>non</span> <span class='ocrx_word' id='word_1_99' title='bbox 284 931 414 980; x_wconf 88' lang='lat' dir='ltr'>licuit,</span> <span class='ocrx_word' id='word_1_100' title='bbox 429 946 601 972; x_wconf 89' lang='lat' dir='ltr'>uxorem</span> <span class='ocrx_word' id='word_1_101' title='bbox 618 930 715 972; x_wconf 88' lang='lat' dir='ltr'>foris</span> <span class='ocrx_word' id='word_1_102' title='bbox 731 931 772 971; x_wconf 90' lang='grc'>111</span> <span class='ocrx_word' id='word_1_103' title='bbox 785 929 891 971; x_wconf 87' lang='lat' dir='ltr'>atrio</span> <span class='ocrx_word' id='word_1_104' title='bbox 908 943 1024 971; x_wconf 87' lang='lat' dir='ltr'>secus</span> <span class='ocrx_word' id='word_1_105' title='bbox 1039 929 1227 970; x_wconf 81' lang='lat' dir='ltr'>arborem</span> <span class='ocrx_word' id='word_1_106' title='bbox 1241 928 1448 982; x_wconf 87' lang='lat' dir='ltr'>quandam</span> <span class='ocrx_word' id='word_1_107' title='bbox 1463 944 1586 983; x_wconf 90' lang='lat' dir='ltr'>quam</span> <span class='ocrx_word' id='word_1_108' title='bbox 1599 929 1663 970; x_wconf 85' lang='lat' dir='ltr'>vir</span> 
     </span>
     <span class='ocr_line' id='line_1_12' title="bbox 136 993 1660 1051; baseline -0.001 -13"><span class='ocrx_word' id='word_1_109' title='bbox 136 996 216 1037; x_wconf 90' lang='lat' dir='ltr'>Dei</span> <span class='ocrx_word' id='word_1_110' title='bbox 237 997 511 1051; x_wconf 80' lang='lat' dir='ltr'>plantaverat,</span> <span class='ocrx_word' id='word_1_111' title='bbox 536 996 764 1046; x_wconf 87' lang='lat' dir='ltr'>collocavit,</span> <span class='ocrx_word' id='word_1_112' title='bbox 786 995 858 1037; x_wconf 90' lang='lat' dir='ltr'>ubi</span> <span class='ocrx_word' id='word_1_113' title='bbox 887 1010 981 1037; x_wconf 89' lang='lat' dir='ltr'>cum</span> <span class='ocrx_word' id='word_1_114' title='bbox 1009 993 1102 1036; x_wconf 90' lang='lat' dir='ltr'>filiis</span> <span class='ocrx_word' id='word_1_115' title='bbox 1131 994 1238 1035; x_wconf 88' lang='lat' dir='ltr'>circa</span> <span class='ocrx_word' id='word_1_116' title='bbox 1267 1009 1358 1035; x_wconf 90' lang='lat' dir='ltr'>eam</span> <span class='ocrx_word' id='word_1_117' title='bbox 1379 994 1541 1049; x_wconf 81' lang='lat' dir='ltr'>vigilias</span> <span class='ocrx_word' id='word_1_118' title='bbox 1565 1010 1660 1036; x_wconf 91' lang='lat' dir='ltr'>noc-</span> 
     </span>
     <span class='ocr_line' id='line_1_13' title="bbox 132 1063 451 1117; baseline 0 -14"><span class='ocrx_word' id='word_1_119' title='bbox 132 1067 277 1104; x_wconf 86' lang='lat' dir='ltr'>turnas</span> <span class='ocrx_word' id='word_1_120' title='bbox 299 1063 451 1117; x_wconf 78' lang='lat' dir='ltr'>exegit.</span> 
     </span>
    </p>

    <p class='ocr_par' dir='ltr' id='par_1_3' title="bbox 90 1125 1660 2962">
     <span class='ocr_line' id='line_1_14' title="bbox 192 1125 1658 1182; baseline -0.001 -13"><span class='ocrx_word' id='word_1_121' title='bbox 192 1130 214 1182; x_wconf 74' lang='lat'>§</span> <span class='ocrx_word' id='word_1_122' title='bbox 238 1130 334 1171; x_wconf 82' lang='lat'>615.</span> <span class='ocrx_word' id='word_1_123' title='bbox 368 1128 592 1170; x_wconf 80' lang='lat' dir='ltr'>Nocturnis</span> <span class='ocrx_word' id='word_1_124' title='bbox 622 1128 771 1169; x_wconf 83' lang='lat' dir='ltr'>exinde</span> <span class='ocrx_word' id='word_1_125' title='bbox 796 1127 946 1182; x_wconf 83' lang='lat' dir='ltr'>vigiliis</span> <span class='ocrx_word' id='word_1_126' title='bbox 978 1125 1110 1167; x_wconf 88' lang='lat' dir='ltr'>officio</span> <span class='ocrx_word' id='word_1_127' title='bbox 1142 1126 1313 1168; x_wconf 79' lang='lat' dir='ltr'>solemni</span> <span class='ocrx_word' id='word_1_128' title='bbox 1347 1125 1539 1181; x_wconf 77' lang='lat' dir='ltr'>peractis,</span> <span class='ocrx_word' id='word_1_129' title='bbox 1564 1141 1658 1168; x_wconf 91' lang='lat' dir='ltr'>ecce</span> 
     </span>
     <span class='ocr_line' id='line_1_15' title="bbox 133 1192 1660 1249; baseline -0.001 -14"><span class='ocrx_word' id='word_1_130' title='bbox 133 1194 214 1235; x_wconf 90' lang='lat' dir='ltr'>Dei</span> <span class='ocrx_word' id='word_1_131' title='bbox 243 1194 522 1235; x_wconf 83' lang='lat' dir='ltr'>misericordia</span> <span class='ocrx_word' id='word_1_132' title='bbox 552 1209 674 1249; x_wconf 92' lang='lat' dir='ltr'>super</span> <span class='ocrx_word' id='word_1_133' title='bbox 695 1209 786 1235; x_wconf 88' lang='lat' dir='ltr'>eam</span> <span class='ocrx_word' id='word_1_134' title='bbox 818 1193 970 1244; x_wconf 89' lang='lat' dir='ltr'>illuxit,</span> <span class='ocrx_word' id='word_1_135' title='bbox 994 1197 1035 1233; x_wconf 90' lang='lat' dir='ltr'>et</span> <span class='ocrx_word' id='word_1_136' title='bbox 1058 1192 1211 1234; x_wconf 86' lang='lat' dir='ltr'>Sancto</span> <span class='ocrx_word' id='word_1_137' title='bbox 1234 1192 1314 1233; x_wconf 88' lang='lat' dir='ltr'>Dei</span> <span class='ocrx_word' id='word_1_138' title='bbox 1342 1192 1384 1232; x_wconf 89' lang='lat' dir='ltr'>in</span> <span class='ocrx_word' id='word_1_139' title='bbox 1405 1193 1496 1234; x_wconf 88' lang='lat' dir='ltr'>visu</span> <span class='ocrx_word' id='word_1_140' title='bbox 1526 1193 1660 1247; x_wconf 89' lang='lat' dir='ltr'>splen-</span> 
     </span>
     <span class='ocr_line' id='line_1_16' title="bbox 132 1258 1658 1315; baseline -0.001 -15"><span class='ocrx_word' id='word_1_141' title='bbox 132 1259 229 1300; x_wconf 90' lang='lat' dir='ltr'>dido</span> <span class='ocrx_word' id='word_1_142' title='bbox 251 1265 292 1301; x_wconf 90' lang='lat' dir='ltr'>et</span> <span class='ocrx_word' id='word_1_143' title='bbox 313 1260 433 1302; x_wconf 88' lang='lat' dir='ltr'>vultu</span> <span class='ocrx_word' id='word_1_144' title='bbox 463 1260 563 1302; x_wconf 86' lang='lat' dir='ltr'>satis</span> <span class='ocrx_word' id='word_1_145' title='bbox 576 1259 763 1315; x_wconf 86' lang='lat' dir='ltr'>jucundo</span> <span class='ocrx_word' id='word_1_146' title='bbox 789 1260 847 1300; x_wconf 89' lang='lat' dir='ltr'>illi</span> <span class='ocrx_word' id='word_1_147' title='bbox 878 1263 1116 1314; x_wconf 78' lang='lat' dir='ltr'>apparente,</span> <span class='ocrx_word' id='word_1_148' title='bbox 1139 1258 1353 1312; x_wconf 89' lang='lat' dir='ltr'>utriusque</span> <span class='ocrx_word' id='word_1_149' title='bbox 1381 1258 1487 1299; x_wconf 90' lang='lat' dir='ltr'>oculi</span> <span class='ocrx_word' id='word_1_150' title='bbox 1518 1258 1658 1299; x_wconf 90' lang='lat' dir='ltr'>lumen</span> 
     </span>
     <span class='ocr_line' id='line_1_17' title="bbox 131 1324 1658 1381; baseline -0.001 -14"><span class='ocrx_word' id='word_1_151' title='bbox 131 1326 311 1380; x_wconf 87' lang='lat' dir='ltr'>perfecte</span> <span class='ocrx_word' id='word_1_152' title='bbox 346 1326 515 1381; x_wconf 87' lang='lat' dir='ltr'>recepit.</span> <span class='ocrx_word' id='word_1_153' title='bbox 578 1326 705 1367; x_wconf 86' lang='lat' dir='ltr'>Unde</span> <span class='ocrx_word' id='word_1_154' title='bbox 737 1326 792 1367; x_wconf 87' lang='lat' dir='ltr'>ad</span> <span class='ocrx_word' id='word_1_155' title='bbox 819 1326 952 1367; x_wconf 89' lang='lat' dir='ltr'>virum</span> <span class='ocrx_word' id='word_1_156' title='bbox 985 1340 1105 1366; x_wconf 86' lang='lat' dir='ltr'>suum</span> <span class='ocrx_word' id='word_1_157' title='bbox 1137 1325 1374 1366; x_wconf 78' lang='lat' dir='ltr'>exclamans</span> <span class='ocrx_word' id='word_1_158' title='bbox 1404 1325 1475 1374; x_wconf 87' lang='lat' dir='ltr'>ait,</span> <span class='ocrx_word' id='word_1_159' title='bbox 1507 1324 1658 1366; x_wconf 80' lang='lat' dir='ltr'>“Ecce</span> 
     </span>
     <span class='ocr_line' id='line_1_18' title="bbox 132 1390 1658 1441; baseline 0 -9"><span class='ocrx_word' id='word_1_160' title='bbox 132 1391 309 1434; x_wconf 85' lang='lat' dir='ltr'>Sanctus</span> <span class='ocrx_word' id='word_1_161' title='bbox 339 1392 542 1434; x_wconf 77' lang='lat' dir='ltr'>Godricus</span> <span class='ocrx_word' id='word_1_162' title='bbox 562 1392 630 1433; x_wconf 87' lang='lat' dir='ltr'>hic</span> <span class='ocrx_word' id='word_1_163' title='bbox 652 1407 789 1433; x_wconf 86' lang='lat' dir='ltr'>coram</span> <span class='ocrx_word' id='word_1_164' title='bbox 820 1407 886 1432; x_wconf 89' lang='lat' dir='ltr'>me</span> <span class='ocrx_word' id='word_1_165' title='bbox 907 1391 1056 1441; x_wconf 84' lang='lat' dir='ltr'>astitit,</span> <span class='ocrx_word' id='word_1_166' title='bbox 1079 1395 1120 1432; x_wconf 90' lang='lat' dir='ltr'>et</span> <span class='ocrx_word' id='word_1_167' title='bbox 1141 1391 1243 1432; x_wconf 89' lang='lat' dir='ltr'>mihi</span> <span class='ocrx_word' id='word_1_168' title='bbox 1264 1390 1416 1432; x_wconf 87' lang='lat' dir='ltr'>amissa</span> <span class='ocrx_word' id='word_1_169' title='bbox 1445 1391 1658 1432; x_wconf 88' lang='lat' dir='ltr'>oculorum</span> 
     </span>
     <span class='ocr_line' id='line_1_19' title="bbox 130 1457 1657 1512; baseline 0 -13"><span class='ocrx_word' id='word_1_170' title='bbox 130 1473 317 1499; x_wconf 91' lang='lat' dir='ltr'>meorum</span> <span class='ocrx_word' id='word_1_171' title='bbox 347 1458 504 1499; x_wconf 91' lang='lat' dir='ltr'>lumina</span> <span class='ocrx_word' id='word_1_172' title='bbox 534 1458 729 1508; x_wconf 82' lang='lat' dir='ltr'>reddidit,</span> <span class='ocrx_word' id='word_1_173' title='bbox 763 1464 803 1499; x_wconf 90' lang='lat' dir='ltr'>et</span> <span class='ocrx_word' id='word_1_174' title='bbox 831 1458 885 1498; x_wconf 88' lang='lat' dir='ltr'>ad</span> <span class='ocrx_word' id='word_1_175' title='bbox 916 1457 1178 1512; x_wconf 88' lang='lat' dir='ltr'>sepulchrum</span> <span class='ocrx_word' id='word_1_176' title='bbox 1209 1472 1329 1498; x_wconf 91' lang='lat' dir='ltr'>suum</span> <span class='ocrx_word' id='word_1_177' title='bbox 1361 1472 1427 1498; x_wconf 91' lang='lat' dir='ltr'>me</span> <span class='ocrx_word' id='word_1_178' title='bbox 1460 1457 1657 1499; x_wconf 85' lang='lat' dir='ltr'>accedere</span> 
     </span>
     <span class='ocr_line' id='line_1_20' title="bbox 128 1523 1657 1580; baseline 0 -15"><span class='ocrx_word' id='word_1_179' title='bbox 128 1525 338 1579; x_wconf 75' lang='lat' dir='ltr'>praecepit.</span> <span class='ocrx_word' id='word_1_180' title='bbox 400 1524 536 1577; x_wconf 72' lang='lat' dir='ltr'>Quare</span> <span class='ocrx_word' id='word_1_181' title='bbox 549 1523 641 1580; x_wconf 84' lang='lat' dir='ltr'>jam</span> <span class='ocrx_word' id='word_1_182' title='bbox 662 1525 770 1566; x_wconf 90' lang='lat' dir='ltr'>inter</span> <span class='ocrx_word' id='word_1_183' title='bbox 790 1524 865 1565; x_wconf 87' lang='lat' dir='ltr'>has</span> <span class='ocrx_word' id='word_1_184' title='bbox 885 1523 1120 1577; x_wconf 88' lang='lat' dir='ltr'>frequentes</span> <span class='ocrx_word' id='word_1_185' title='bbox 1140 1523 1285 1564; x_wconf 89' lang='lat' dir='ltr'>turbas</span> <span class='ocrx_word' id='word_1_186' title='bbox 1305 1523 1407 1564; x_wconf 89' lang='lat' dir='ltr'>mihi</span> <span class='ocrx_word' id='word_1_187' title='bbox 1422 1523 1533 1565; x_wconf 83' lang='lat' dir='ltr'>viam</span> <span class='ocrx_word' id='word_1_188' title='bbox 1554 1539 1657 1578; x_wconf 84' lang='lat' dir='ltr'>prae-</span> 
     </span>
     <span class='ocr_line' id='line_1_21' title="bbox 130 1588 1655 1645; baseline 0.001 -14"><span class='ocrx_word' id='word_1_189' title='bbox 130 1596 288 1644; x_wconf 86' lang='lat' dir='ltr'>parate,</span> <span class='ocrx_word' id='word_1_190' title='bbox 311 1596 352 1631; x_wconf 90' lang='lat' dir='ltr'>et</span> <span class='ocrx_word' id='word_1_191' title='bbox 378 1590 446 1631; x_wconf 92' lang='lat' dir='ltr'>illo</span> <span class='ocrx_word' id='word_1_192' title='bbox 478 1606 544 1631; x_wconf 91' lang='lat' dir='ltr'>me</span> <span class='ocrx_word' id='word_1_193' title='bbox 573 1590 827 1645; x_wconf 70' lang='lat' dir='ltr'>perclucite.&#39;&#39;</span> <span class='ocrx_word' id='word_1_194' title='bbox 904 1590 1025 1642; x_wconf 72' lang='lat' dir='ltr'>Quod</span> <span class='ocrx_word' id='word_1_195' title='bbox 1060 1594 1178 1643; x_wconf 87' lang='lat' dir='ltr'>pater</span> <span class='ocrx_word' id='word_1_196' title='bbox 1206 1604 1300 1629; x_wconf 90' lang='lat' dir='ltr'>cum</span> <span class='ocrx_word' id='word_1_197' title='bbox 1333 1588 1426 1630; x_wconf 90' lang='lat' dir='ltr'>filiis</span> <span class='ocrx_word' id='word_1_198' title='bbox 1451 1589 1655 1639; x_wconf 82' lang='lat' dir='ltr'>videntes,</span> 
     </span>
     <span class='ocr_line' id='line_1_22' title="bbox 130 1655 1656 1711; baseline 0.001 -15"><span class='ocrx_word' id='word_1_199' title='bbox 130 1671 229 1697; x_wconf 89' lang='lat' dir='ltr'>mox</span> <span class='ocrx_word' id='word_1_200' title='bbox 250 1657 400 1711; x_wconf 82' lang='lat' dir='ltr'>singuli</span> <span class='ocrx_word' id='word_1_201' title='bbox 421 1672 558 1698; x_wconf 86' lang='lat' dir='ltr'>cereos</span> <span class='ocrx_word' id='word_1_202' title='bbox 580 1672 673 1698; x_wconf 91' lang='lat' dir='ltr'>suos</span> <span class='ocrx_word' id='word_1_203' title='bbox 695 1656 941 1707; x_wconf 86' lang='lat' dir='ltr'>accendunt,</span> <span class='ocrx_word' id='word_1_204' title='bbox 967 1661 1008 1696; x_wconf 92' lang='lat' dir='ltr'>et</span> <span class='ocrx_word' id='word_1_205' title='bbox 1030 1655 1259 1696; x_wconf 89' lang='lat' dir='ltr'>Dominum</span> <span class='ocrx_word' id='word_1_206' title='bbox 1280 1655 1466 1697; x_wconf 88' lang='lat' dir='ltr'>altisonis</span> <span class='ocrx_word' id='word_1_207' title='bbox 1486 1656 1656 1698; x_wconf 90' lang='lat' dir='ltr'>vocibus</span> 
     </span>
     <span class='ocr_line' id='line_1_23' title="bbox 131 1721 1655 1776; baseline 0 -14"><span class='ocrx_word' id='word_1_208' title='bbox 131 1722 424 1773; x_wconf 88' lang='lat' dir='ltr'>collaudantes,</span> <span class='ocrx_word' id='word_1_209' title='bbox 462 1723 609 1776; x_wconf 85' lang='lat' dir='ltr'>viaque</span> <span class='ocrx_word' id='word_1_210' title='bbox 640 1722 749 1764; x_wconf 89' lang='lat' dir='ltr'>inter</span> <span class='ocrx_word' id='word_1_211' title='bbox 783 1722 927 1763; x_wconf 87' lang='lat' dir='ltr'>turbas</span> <span class='ocrx_word' id='word_1_212' title='bbox 963 1721 1281 1776; x_wconf 87' lang='lat' dir='ltr'>comprimentes</span> <span class='ocrx_word' id='word_1_213' title='bbox 1311 1722 1435 1771; x_wconf 83' lang='lat' dir='ltr'>facta,</span> <span class='ocrx_word' id='word_1_214' title='bbox 1469 1737 1560 1762; x_wconf 88' lang='lat' dir='ltr'>eam</span> <span class='ocrx_word' id='word_1_215' title='bbox 1601 1722 1655 1763; x_wconf 87' lang='lat' dir='ltr'>ad</span> 
     </span>
     <span class='ocr_line' id='line_1_24' title="bbox 130 1787 1654 1843; baseline 0.001 -15"><span class='ocrx_word' id='word_1_216' title='bbox 130 1788 392 1842; x_wconf 88' lang='lat' dir='ltr'>sepulchrum</span> <span class='ocrx_word' id='word_1_217' title='bbox 423 1788 500 1830; x_wconf 89' lang='lat' dir='ltr'>viri</span> <span class='ocrx_word' id='word_1_218' title='bbox 534 1788 613 1829; x_wconf 91' lang='lat' dir='ltr'>Dei</span> <span class='ocrx_word' id='word_1_219' title='bbox 649 1789 933 1843; x_wconf 88' lang='lat' dir='ltr'>perduxerunt</span> <span class='ocrx_word' id='word_1_220' title='bbox 953 1820 962 1836; x_wconf 91' lang='lat'>,</span> <span class='ocrx_word' id='word_1_221' title='bbox 997 1788 1135 1842; x_wconf 89' lang='lat' dir='ltr'>sicque</span> <span class='ocrx_word' id='word_1_222' title='bbox 1172 1787 1339 1828; x_wconf 88' lang='lat' dir='ltr'>demum</span> <span class='ocrx_word' id='word_1_223' title='bbox 1375 1787 1654 1830; x_wconf 83' lang='lat' dir='ltr'>oblationibus</span> 
     </span>
     <span class='ocr_line' id='line_1_25' title="bbox 129 1853 1656 1910; baseline 0 -16"><span class='ocrx_word' id='word_1_224' title='bbox 129 1868 224 1894; x_wconf 89' lang='lat' dir='ltr'>cum</span> <span class='ocrx_word' id='word_1_225' title='bbox 245 1854 387 1896; x_wconf 88' lang='lat' dir='ltr'>multis</span> <span class='ocrx_word' id='word_1_226' title='bbox 407 1855 635 1910; x_wconf 81' lang='lat' dir='ltr'>gratiarum</span> <span class='ocrx_word' id='word_1_227' title='bbox 656 1855 888 1896; x_wconf 87' lang='lat' dir='ltr'>actionibus</span> <span class='ocrx_word' id='word_1_228' title='bbox 908 1853 1097 1909; x_wconf 86' lang='lat' dir='ltr'>peractis,</span> <span class='ocrx_word' id='word_1_229' title='bbox 1119 1853 1313 1908; x_wconf 87' lang='lat' dir='ltr'>pristinas</span> <span class='ocrx_word' id='word_1_230' title='bbox 1344 1854 1531 1894; x_wconf 87' lang='lat' dir='ltr'>dolorum</span> <span class='ocrx_word' id='word_1_231' title='bbox 1560 1869 1656 1895; x_wconf 91' lang='grc'>5110-</span> 
     </span>
     <span class='ocr_line' id='line_1_26' title="bbox 130 1920 1654 1976; baseline 0.001 -16"><span class='ocrx_word' id='word_1_232' title='bbox 130 1934 222 1960; x_wconf 89' lang='lat' dir='ltr'>rum</span> <span class='ocrx_word' id='word_1_233' title='bbox 242 1920 427 1962; x_wconf 86' lang='lat' dir='ltr'>miserias</span> <span class='ocrx_word' id='word_1_234' title='bbox 449 1936 585 1962; x_wconf 86' lang='lat' dir='ltr'>coram</span> <span class='ocrx_word' id='word_1_235' title='bbox 607 1921 719 1962; x_wconf 90' lang='lat' dir='ltr'>omni</span> <span class='ocrx_word' id='word_1_236' title='bbox 739 1921 890 1976; x_wconf 92' lang='lat' dir='ltr'>populo</span> <span class='ocrx_word' id='word_1_237' title='bbox 912 1935 1151 1975; x_wconf 78' lang='lat' dir='ltr'>exposuere,</span> <span class='ocrx_word' id='word_1_238' title='bbox 1175 1926 1216 1960; x_wconf 87' lang='lat' dir='ltr'>et</span> <span class='ocrx_word' id='word_1_239' title='bbox 1238 1925 1438 1974; x_wconf 87' lang='lat' dir='ltr'>quantam</span> <span class='ocrx_word' id='word_1_240' title='bbox 1460 1920 1517 1961; x_wconf 90' lang='grc'>615</span> <span class='ocrx_word' id='word_1_241' title='bbox 1539 1920 1654 1962; x_wconf 89' lang='lat' dir='ltr'>Deus</span> 
     </span>
     <span class='ocr_line' id='line_1_27' title="bbox 129 1984 1653 2042; baseline -0.001 -15"><span class='ocrx_word' id='word_1_242' title='bbox 129 1985 452 2027; x_wconf 88' lang='lat' dir='ltr'>misericordiam</span> <span class='ocrx_word' id='word_1_243' title='bbox 488 2002 561 2042; x_wconf 89' lang='lat' dir='ltr'>per</span> <span class='ocrx_word' id='word_1_244' title='bbox 592 1987 737 2028; x_wconf 87' lang='lat' dir='ltr'>Sancti</span> <span class='ocrx_word' id='word_1_245' title='bbox 775 1986 944 2027; x_wconf 78' lang='lat' dir='ltr'>Godrici</span> <span class='ocrx_word' id='word_1_246' title='bbox 977 1986 1126 2027; x_wconf 87' lang='lat' dir='ltr'>merita</span> <span class='ocrx_word' id='word_1_247' title='bbox 1159 1986 1430 2040; x_wconf 65' lang='lat' dir='ltr'>praestitisset,</span> <span class='ocrx_word' id='word_1_248' title='bbox 1463 1986 1563 2027; x_wconf 89' lang='lat' dir='ltr'>satis</span> <span class='ocrx_word' id='word_1_249' title='bbox 1587 1984 1653 2040; x_wconf 86' lang='lat' dir='ltr'>jo-</span> 
     </span>
     <span class='ocr_line' id='line_1_28' title="bbox 90 2050 1653 2107; baseline 0.001 -15"><span class='ocrx_word' id='word_1_250' title='bbox 90 2050 92 2052; x_wconf 68' lang='grc'><strong>’</strong></span> <span class='ocrx_word' id='word_1_251' title='bbox 129 2052 264 2092; x_wconf 85' lang='grc' dir='ltr'>61111ᾶο</span> <span class='ocrx_word' id='word_1_252' title='bbox 285 2067 471 2094; x_wconf 86' lang='lat' dir='ltr'>sermone</span> <span class='ocrx_word' id='word_1_253' title='bbox 492 2053 683 2094; x_wconf 87' lang='lat' dir='ltr'>retulere.</span> <span class='ocrx_word' id='word_1_254' title='bbox 747 2053 851 2094; x_wconf 91' lang='lat' dir='ltr'>Post</span> <span class='ocrx_word' id='word_1_255' title='bbox 872 2053 960 2093; x_wconf 81' lang='lat' dir='ltr'>haec</span> <span class='ocrx_word' id='word_1_256' title='bbox 990 2052 1138 2092; x_wconf 89' lang='lat' dir='ltr'>mulier</span> <span class='ocrx_word' id='word_1_257' title='bbox 1157 2051 1199 2092; x_wconf 86' lang='lat' dir='ltr'>in</span> <span class='ocrx_word' id='word_1_258' title='bbox 1230 2052 1446 2107; x_wconf 88' lang='lat' dir='ltr'>amplexus</span> <span class='ocrx_word' id='word_1_259' title='bbox 1477 2050 1653 2093; x_wconf 86' lang='lat' dir='ltr'>filiorum</span> 
     </span>
     <span class='ocr_line' id='line_1_29' title="bbox 129 2117 1653 2172; baseline 0 -13"><span class='ocrx_word' id='word_1_260' title='bbox 129 2132 296 2159; x_wconf 90' lang='lat' dir='ltr'>suorum</span> <span class='ocrx_word' id='word_1_261' title='bbox 317 2118 449 2170; x_wconf 89' lang='lat' dir='ltr'>irruit,</span> <span class='ocrx_word' id='word_1_262' title='bbox 473 2124 514 2160; x_wconf 90' lang='lat' dir='ltr'>et</span> <span class='ocrx_word' id='word_1_263' title='bbox 534 2120 639 2161; x_wconf 90' lang='lat' dir='ltr'>miro</span> <span class='ocrx_word' id='word_1_264' title='bbox 660 2118 811 2160; x_wconf 87' lang='lat' dir='ltr'>affectu</span> <span class='ocrx_word' id='word_1_265' title='bbox 834 2118 1075 2159; x_wconf 88' lang='lat' dir='ltr'>deosculans</span> <span class='ocrx_word' id='word_1_266' title='bbox 1096 2117 1288 2172; x_wconf 80' lang='lat' dir='ltr'>singulos,</span> <span class='ocrx_word' id='word_1_267' title='bbox 1306 2132 1406 2159; x_wconf 84' lang='lat' dir='ltr'>voce</span> <span class='ocrx_word' id='word_1_268' title='bbox 1428 2118 1537 2158; x_wconf 89' lang='lat' dir='ltr'>elata</span> <span class='ocrx_word' id='word_1_269' title='bbox 1559 2132 1653 2159; x_wconf 90' lang='lat' dir='ltr'>cum</span> 
     </span>
     <span class='ocr_line' id='line_1_30' title="bbox 128 2183 1652 2239; baseline 0 -15"><span class='ocrx_word' id='word_1_270' title='bbox 128 2184 307 2226; x_wconf 88' lang='lat' dir='ltr'>lacrimis</span> <span class='ocrx_word' id='word_1_271' title='bbox 331 2185 403 2234; x_wconf 85' lang='lat' dir='ltr'>ait,</span> <span class='ocrx_word' id='word_1_272' title='bbox 430 2190 453 2207; x_wconf 76' lang='lat'>‘⁴</span> <span class='ocrx_word' id='word_1_273' title='bbox 469 2185 592 2235; x_wconf 88' lang='lat' dir='ltr'>Ecce,</span> <span class='ocrx_word' id='word_1_274' title='bbox 615 2184 687 2227; x_wconf 88' lang='lat' dir='ltr'>filii</span> <span class='ocrx_word' id='word_1_275' title='bbox 714 2186 796 2226; x_wconf 93' lang='lat' dir='ltr'>mei</span> <span class='ocrx_word' id='word_1_276' title='bbox 821 2184 1088 2235; x_wconf 85' lang='lat' dir='ltr'>dilectissimi,</span> <span class='ocrx_word' id='word_1_277' title='bbox 1112 2199 1187 2239; x_wconf 78' lang='lat' dir='ltr'>ego</span> <span class='ocrx_word' id='word_1_278' title='bbox 1208 2199 1280 2225; x_wconf 86' lang='lat' dir='ltr'>vos</span> <span class='ocrx_word' id='word_1_279' title='bbox 1312 2183 1354 2224; x_wconf 88' lang='lat' dir='ltr'>in</span> <span class='ocrx_word' id='word_1_280' title='bbox 1385 2184 1518 2224; x_wconf 90' lang='lat' dir='ltr'>lucem</span> <span class='ocrx_word' id='word_1_281' title='bbox 1546 2199 1652 2238; x_wconf 87' lang='lat' dir='ltr'>prae-</span> 
     </span>
     <span class='ocr_line' id='line_1_31' title="bbox 129 2249 1653 2305; baseline 0 -15"><span class='ocrx_word' id='word_1_282' title='bbox 129 2250 255 2291; x_wconf 90' lang='lat' dir='ltr'>sentis</span> <span class='ocrx_word' id='word_1_283' title='bbox 276 2250 373 2292; x_wconf 87' lang='lat' dir='ltr'>vitae</span> <span class='ocrx_word' id='word_1_284' title='bbox 395 2251 518 2301; x_wconf 84' lang='lat' dir='ltr'>edidi,</span> <span class='ocrx_word' id='word_1_285' title='bbox 542 2251 614 2293; x_wconf 89' lang='lat' dir='ltr'>sed</span> <span class='ocrx_word' id='word_1_286' title='bbox 637 2266 848 2305; x_wconf 90' lang='lat' dir='ltr'>nunquam</span> <span class='ocrx_word' id='word_1_287' title='bbox 869 2265 941 2292; x_wconf 91' lang='lat' dir='ltr'>vos</span> <span class='ocrx_word' id='word_1_288' title='bbox 968 2255 1064 2291; x_wconf 89' lang='lat' dir='ltr'>ante</span> <span class='ocrx_word' id='word_1_289' title='bbox 1084 2251 1228 2291; x_wconf 88' lang='lat' dir='ltr'>horam</span> <span class='ocrx_word' id='word_1_290' title='bbox 1249 2249 1371 2291; x_wconf 89' lang='lat' dir='ltr'>istam</span> <span class='ocrx_word' id='word_1_291' title='bbox 1393 2250 1533 2291; x_wconf 89' lang='lat' dir='ltr'>videre</span> <span class='ocrx_word' id='word_1_292' title='bbox 1560 2265 1653 2304; x_wconf 90' lang='lat' dir='ltr'>pro-</span> 
     </span>
     <span class='ocr_line' id='line_1_32' title="bbox 126 2315 1651 2372; baseline 0 -16"><span class='ocrx_word' id='word_1_293' title='bbox 126 2316 300 2357; x_wconf 81' lang='lat' dir='ltr'>merui.&#39;&#39;</span> <span class='ocrx_word' id='word_1_294' title='bbox 342 2316 458 2357; x_wconf 89' lang='lat' dir='ltr'>Tunc</span> <span class='ocrx_word' id='word_1_295' title='bbox 474 2316 545 2357; x_wconf 92' lang='lat' dir='ltr'>filii</span> <span class='ocrx_word' id='word_1_296' title='bbox 563 2315 650 2372; x_wconf 87' lang='lat' dir='ltr'>ejus</span> <span class='ocrx_word' id='word_1_297' title='bbox 666 2317 854 2358; x_wconf 88' lang='lat' dir='ltr'>similiter</span> <span class='ocrx_word' id='word_1_298' title='bbox 868 2317 910 2357; x_wconf 90' lang='lat' dir='ltr'>in</span> <span class='ocrx_word' id='word_1_299' title='bbox 926 2316 1142 2371; x_wconf 82' lang='lat' dir='ltr'>amplexus</span> <span class='ocrx_word' id='word_1_300' title='bbox 1163 2330 1245 2357; x_wconf 76' lang='lat' dir='ltr'>suae</span> <span class='ocrx_word' id='word_1_301' title='bbox 1261 2315 1407 2357; x_wconf 89' lang='lat' dir='ltr'>matris</span> <span class='ocrx_word' id='word_1_302' title='bbox 1428 2316 1651 2364; x_wconf 86' lang='lat' dir='ltr'>irruerunt,</span> 
     </span>
     <span class='ocr_line' id='line_1_33' title="bbox 129 2381 1652 2437; baseline 0 -15"><span class='ocrx_word' id='word_1_303' title='bbox 129 2386 170 2422; x_wconf 91' lang='lat' dir='ltr'>et</span> <span class='ocrx_word' id='word_1_304' title='bbox 192 2397 274 2436; x_wconf 78' lang='lat' dir='ltr'>pree</span> <span class='ocrx_word' id='word_1_305' title='bbox 302 2382 453 2437; x_wconf 84' lang='lat' dir='ltr'>gaudio</span> <span class='ocrx_word' id='word_1_306' title='bbox 482 2383 608 2423; x_wconf 90' lang='lat' dir='ltr'>nimio</span> <span class='ocrx_word' id='word_1_307' title='bbox 630 2382 918 2424; x_wconf 77' lang='lat' dir='ltr'>exsultationis</span> <span class='ocrx_word' id='word_1_308' title='bbox 938 2397 1079 2423; x_wconf 90' lang='lat' dir='ltr'>omnes</span> <span class='ocrx_word' id='word_1_309' title='bbox 1103 2381 1292 2423; x_wconf 86' lang='lat' dir='ltr'>similiter</span> <span class='ocrx_word' id='word_1_310' title='bbox 1313 2381 1542 2423; x_wconf 85' lang='lat' dir='ltr'>diutissime</span> <span class='ocrx_word' id='word_1_311' title='bbox 1565 2396 1652 2422; x_wconf 89' lang='lat' dir='ltr'>sese</span> 
     </span>
     <span class='ocr_line' id='line_1_34' title="bbox 128 2447 1653 2504; baseline -0.001 -15"><span class='ocrx_word' id='word_1_312' title='bbox 128 2447 308 2489; x_wconf 88' lang='lat' dir='ltr'>Vicissim</span> <span class='ocrx_word' id='word_1_313' title='bbox 323 2448 608 2490; x_wconf 87' lang='lat' dir='ltr'>deosculantes</span> <span class='ocrx_word' id='word_1_314' title='bbox 623 2447 718 2489; x_wconf 87' lang='lat' dir='ltr'>flere</span> <span class='ocrx_word' id='word_1_315' title='bbox 734 2453 957 2504; x_wconf 88' lang='lat' dir='ltr'>coeperunt.</span> <span class='ocrx_word' id='word_1_316' title='bbox 987 2447 1109 2501; x_wconf 70' lang='lat' dir='ltr'>Quod</span> <span class='ocrx_word' id='word_1_317' title='bbox 1121 2447 1244 2488; x_wconf 90' lang='lat' dir='ltr'>multi</span> <span class='ocrx_word' id='word_1_318' title='bbox 1258 2447 1502 2502; x_wconf 90' lang='lat' dir='ltr'>populorum</span> <span class='ocrx_word' id='word_1_319' title='bbox 1510 2447 1653 2488; x_wconf 86' lang='lat' dir='ltr'>viden-</span> 
     </span>
     <span class='ocr_line' id='line_1_35' title="bbox 128 2513 1650 2569; baseline -0.001 -15"><span class='ocrx_word' id='word_1_320' title='bbox 128 2518 205 2563; x_wconf 88' lang='lat' dir='ltr'>tes,</span> <span class='ocrx_word' id='word_1_321' title='bbox 221 2528 246 2554; x_wconf 88' lang='lat' dir='ltr'>a</span> <span class='ocrx_word' id='word_1_322' title='bbox 259 2513 438 2555; x_wconf 90' lang='lat' dir='ltr'>lacrimis</span> <span class='ocrx_word' id='word_1_323' title='bbox 459 2520 691 2569; x_wconf 88' lang='lat' dir='ltr'>temperare</span> <span class='ocrx_word' id='word_1_324' title='bbox 703 2530 785 2555; x_wconf 93' lang='lat' dir='ltr'>non</span> <span class='ocrx_word' id='word_1_325' title='bbox 798 2519 1004 2569; x_wconf 87' lang='lat' dir='ltr'>poterant,</span> <span class='ocrx_word' id='word_1_326' title='bbox 1022 2519 1113 2555; x_wconf 85' lang='lat' dir='ltr'>tum</span> <span class='ocrx_word' id='word_1_327' title='bbox 1129 2529 1202 2568; x_wconf 91' lang='lat' dir='ltr'>pro</span> <span class='ocrx_word' id='word_1_328' title='bbox 1219 2513 1438 2554; x_wconf 87' lang='lat' dir='ltr'>manifesto</span> <span class='ocrx_word' id='word_1_329' title='bbox 1452 2513 1650 2553; x_wconf 88' lang='lat' dir='ltr'>miraculo</span> 
     </span>
     <span class='ocr_line' id='line_1_36' title="bbox 128 2578 1649 2635; baseline -0.001 -16"><span class='ocrx_word' id='word_1_330' title='bbox 128 2579 239 2633; x_wconf 92' lang='lat' dir='ltr'>quod</span> <span class='ocrx_word' id='word_1_331' title='bbox 260 2579 469 2630; x_wconf 86' lang='lat' dir='ltr'>videbant,</span> <span class='ocrx_word' id='word_1_332' title='bbox 502 2585 593 2621; x_wconf 91' lang='lat' dir='ltr'>tum</span> <span class='ocrx_word' id='word_1_333' title='bbox 623 2596 696 2635; x_wconf 91' lang='lat' dir='ltr'>pro</span> <span class='ocrx_word' id='word_1_334' title='bbox 726 2585 945 2635; x_wconf 88' lang='lat' dir='ltr'>parentum</span> <span class='ocrx_word' id='word_1_335' title='bbox 978 2585 1019 2621; x_wconf 91' lang='lat' dir='ltr'>et</span> <span class='ocrx_word' id='word_1_336' title='bbox 1050 2578 1227 2620; x_wconf 90' lang='lat' dir='ltr'>filiorum</span> <span class='ocrx_word' id='word_1_337' title='bbox 1258 2578 1534 2619; x_wconf 87' lang='lat' dir='ltr'>exsultatione</span> <span class='ocrx_word' id='word_1_338' title='bbox 1565 2578 1649 2618; x_wconf 90' lang='lat' dir='ltr'>ine-</span> 
     </span>
     <span class='ocr_line' id='line_1_37' title="bbox 128 2644 1650 2701; baseline -0.001 -16"><span class='ocrx_word' id='word_1_339' title='bbox 128 2645 336 2695; x_wconf 88' lang='lat' dir='ltr'>narrabili,</span> <span class='ocrx_word' id='word_1_340' title='bbox 353 2661 476 2699; x_wconf 88' lang='lat' dir='ltr'>quam</span> <span class='ocrx_word' id='word_1_341' title='bbox 490 2647 626 2688; x_wconf 87' lang='lat' dir='ltr'>verbis</span> <span class='ocrx_word' id='word_1_342' title='bbox 639 2647 844 2701; x_wconf 88' lang='lat' dir='ltr'>explicare</span> <span class='ocrx_word' id='word_1_343' title='bbox 860 2661 941 2687; x_wconf 91' lang='lat' dir='ltr'>non</span> <span class='ocrx_word' id='word_1_344' title='bbox 964 2650 1170 2700; x_wconf 88' lang='lat' dir='ltr'>poterant.</span> <span class='ocrx_word' id='word_1_345' title='bbox 1214 2644 1377 2685; x_wconf 91' lang='lat' dir='ltr'>Deinde</span> <span class='ocrx_word' id='word_1_346' title='bbox 1399 2644 1441 2684; x_wconf 92' lang='lat' dir='ltr'>in</span> <span class='ocrx_word' id='word_1_347' title='bbox 1457 2644 1650 2684; x_wconf 86' lang='lat' dir='ltr'>laudibus</span> 
     </span>
     <span class='ocr_line' id='line_1_38' title="bbox 129 2709 1649 2766; baseline 0 -16"><span class='ocrx_word' id='word_1_348' title='bbox 129 2710 210 2751; x_wconf 88' lang='lat' dir='ltr'>Dei</span> <span class='ocrx_word' id='word_1_349' title='bbox 232 2711 457 2752; x_wconf 90' lang='lat' dir='ltr'>resultante</span> <span class='ocrx_word' id='word_1_350' title='bbox 479 2712 661 2763; x_wconf 87' lang='lat' dir='ltr'>ecclesia,</span> <span class='ocrx_word' id='word_1_351' title='bbox 685 2712 816 2753; x_wconf 90' lang='lat' dir='ltr'>clerus</span> <span class='ocrx_word' id='word_1_352' title='bbox 848 2717 888 2752; x_wconf 90' lang='lat' dir='ltr'>et</span> <span class='ocrx_word' id='word_1_353' title='bbox 910 2712 1085 2766; x_wconf 90' lang='lat' dir='ltr'>populus</span> <span class='ocrx_word' id='word_1_354' title='bbox 1109 2715 1132 2733; x_wconf 74' lang='lat'>‘⁶</span> <span class='ocrx_word' id='word_1_355' title='bbox 1150 2711 1208 2750; x_wconf 84' lang='lat' dir='ltr'>Te</span> <span class='ocrx_word' id='word_1_356' title='bbox 1231 2710 1368 2750; x_wconf 91' lang='lat' dir='ltr'>Deum</span> <span class='ocrx_word' id='word_1_357' title='bbox 1400 2709 1649 2750; x_wconf 75' lang='lat' dir='ltr'>laudamus”</span> 
     </span>
     <span class='ocr_line' id='line_1_39' title="bbox 128 2774 1647 2832; baseline -0.001 -16"><span class='ocrx_word' id='word_1_358' title='bbox 128 2776 299 2817; x_wconf 86' lang='lat' dir='ltr'>solemni</span> <span class='ocrx_word' id='word_1_359' title='bbox 319 2792 415 2818; x_wconf 87' lang='lat' dir='ltr'>voce</span> <span class='ocrx_word' id='word_1_360' title='bbox 429 2778 717 2832; x_wconf 83' lang='lat' dir='ltr'>personabant,</span> <span class='ocrx_word' id='word_1_361' title='bbox 734 2783 775 2819; x_wconf 92' lang='lat' dir='ltr'>et</span> <span class='ocrx_word' id='word_1_362' title='bbox 794 2778 937 2832; x_wconf 89' lang='lat' dir='ltr'>Ipsum</span> <span class='ocrx_word' id='word_1_363' title='bbox 959 2777 1010 2817; x_wconf 91' lang='lat' dir='ltr'>de</span> <span class='ocrx_word' id='word_1_364' title='bbox 1032 2781 1174 2818; x_wconf 84' lang='lat' dir='ltr'>sancto</span> <span class='ocrx_word' id='word_1_365' title='bbox 1196 2790 1269 2816; x_wconf 91' lang='lat' dir='ltr'>suo</span> <span class='ocrx_word' id='word_1_366' title='bbox 1288 2775 1466 2815; x_wconf 74' lang='lat' dir='ltr'>Godrico</span> <span class='ocrx_word' id='word_1_367' title='bbox 1488 2774 1647 2829; x_wconf 82' lang='lat' dir='ltr'>praemi-</span> 
     </span>
     <span class='ocr_line' id='line_1_40' title="bbox 127 2840 1651 2897; baseline -0.001 -15"><span class='ocrx_word' id='word_1_368' title='bbox 127 2842 300 2883; x_wconf 87' lang='lat' dir='ltr'>rabilem</span> <span class='ocrx_word' id='word_1_369' title='bbox 327 2844 621 2897; x_wconf 80' lang='lat' dir='ltr'>praedicabant.</span> <span class='ocrx_word' id='word_1_370' title='bbox 684 2844 764 2884; x_wconf 87' lang='lat' dir='ltr'>Vir</span> <span class='ocrx_word' id='word_1_371' title='bbox 785 2859 882 2884; x_wconf 87' lang='lat' dir='ltr'>vero</span> <span class='ocrx_word' id='word_1_372' title='bbox 915 2848 956 2883; x_wconf 91' lang='lat' dir='ltr'>et</span> <span class='ocrx_word' id='word_1_373' title='bbox 977 2843 1124 2883; x_wconf 87' lang='lat' dir='ltr'>mulier</span> <span class='ocrx_word' id='word_1_374' title='bbox 1151 2856 1245 2882; x_wconf 88' lang='lat' dir='ltr'>cum</span> <span class='ocrx_word' id='word_1_375' title='bbox 1277 2840 1371 2882; x_wconf 88' lang='lat' dir='ltr'>filiis</span> <span class='ocrx_word' id='word_1_376' title='bbox 1400 2840 1454 2881; x_wconf 88' lang='lat' dir='ltr'>ad</span> <span class='ocrx_word' id='word_1_377' title='bbox 1485 2840 1651 2895; x_wconf 89' lang='lat' dir='ltr'>propria</span> 
     </span>
     <span class='ocr_line' id='line_1_41' title="bbox 126 2906 1649 2962; baseline -0.001 -14"><span class='ocrx_word' id='word_1_378' title='bbox 126 2908 277 2949; x_wconf 87' lang='lat' dir='ltr'>reversi</span> <span class='ocrx_word' id='word_1_379' title='bbox 308 2913 429 2957; x_wconf 69' lang='lat' dir='ltr'>sunt,</span> <span class='ocrx_word' id='word_1_380' title='bbox 464 2914 505 2950; x_wconf 91' lang='lat' dir='ltr'>et</span> <span class='ocrx_word' id='word_1_381' title='bbox 528 2909 596 2962; x_wconf 87' lang='lat' dir='ltr'>qui</span> <span class='ocrx_word' id='word_1_382' title='bbox 628 2909 814 2950; x_wconf 89' lang='lat' dir='ltr'>dolentes</span> <span class='ocrx_word' id='word_1_383' title='bbox 841 2909 1106 2956; x_wconf 87' lang='lat' dir='ltr'>advenerant,</span> <span class='ocrx_word' id='word_1_384' title='bbox 1122 2906 1296 2962; x_wconf 82' lang='lat' dir='ltr'>jocundi</span> <span class='ocrx_word' id='word_1_385' title='bbox 1329 2912 1370 2947; x_wconf 90' lang='lat' dir='ltr'>et</span> <span class='ocrx_word' id='word_1_386' title='bbox 1392 2906 1649 2947; x_wconf 79' lang='lat' dir='ltr'>exsultantes</span> 
     </span>
    </p>
   </div>
   <div class='ocr_carea' id='block_1_3' title="bbox 128 2973 1449 3077">
    <p class='ocr_par' dir='ltr' id='par_1_4' title="bbox 128 2973 1449 3077">
     <span class='ocr_line' id='line_1_42' title="bbox 128 2973 1436 3030; baseline -0.001 -17"><span class='ocrx_word' id='word_1_387' title='bbox 128 2987 221 3014; x_wconf 86' lang='lat' dir='ltr'>curn</span> <span class='ocrx_word' id='word_1_388' title='bbox 242 2973 384 3016; x_wconf 85' lang='lat' dir='ltr'>amicis</span> <span class='ocrx_word' id='word_1_389' title='bbox 405 2975 487 3017; x_wconf 85' lang='lat' dir='ltr'>suis</span> <span class='ocrx_word' id='word_1_390' title='bbox 508 2975 697 3017; x_wconf 89' lang='lat' dir='ltr'>omnibus</span> <span class='ocrx_word' id='word_1_391' title='bbox 718 2974 1065 3030; x_wconf 87' lang='lat' dir='ltr'>applaudentibus</span> <span class='ocrx_word' id='word_1_392' title='bbox 1086 2973 1162 3016; x_wconf 89' lang='lat' dir='ltr'>sibi</span> <span class='ocrx_word' id='word_1_393' title='bbox 1184 2973 1436 3014; x_wconf 84' lang='lat' dir='ltr'>remeabant.</span> 
     </span>
     <span class='ocr_line' id='line_1_43' title="bbox 1391 3053 1449 3077; baseline 0 0"><span class='ocrx_word' id='word_1_394' title='bbox 1391 3054 1403 3077; x_wconf 92' lang='lat'><em>1</em></span> <span class='ocrx_word' id='word_1_395' title='bbox 1436 3053 1449 3077; x_wconf 92' lang='lat'>1</span> 
     </span>
    </p>
   </div>
  </div>
 </body>
</html>
