1839 3186
209 179 292 218 242
723 185 956 218 LIBELLUS
992 185 1056 217 DE
1091 185 1208 216 VITA

227 389 321 416 CAP.
344 389 462 415 CXIX.
525 388 730 418 QUALITER
765 389 809 414 IN
841 388 980 414 FORMA
1017 387 1209 414 MULIERIS
1241 386 1438 413 DIABOLUS
1471 387 1510 412 EI
1547 386 1748 412 ILLUDERE

513 455 681 488 VOLENS,
714 454 998 480 DEPREHENSUS
1033 453 1084 479 ΕΤ
1114 453 1309 479 DEVICTUS
1340 437 1436 479 SIT.l

274 556 296 610 ξ
320 557 415 598 229.
449 555 532 596 SED
553 554 739 609 quamvis
769 554 905 595 multa
925 553 1207 609 spiritualibus
1239 552 1368 594 oculis
1388 553 1528 595 videre
1549 553 1746 608 potuerit,

214 622 342 663 nihilo
373 622 511 664 minus
541 626 682 662 tamen
702 619 822 675 2pars
855 620 996 674 iniqua
1026 634 1120 660 eum
1149 618 1284 674 specie
1314 619 1538 661 fantastica
1559 619 1748 675 decipere

215 688 281 729 vel
306 688 477 729 illudere
501 687 649 742 saepius
674 691 925 741 attemptare
955 685 1180 727 consuevit.
1251 684 1443 737 Quadam
1469 700 1646 740 namque
1668 686 1748 736 die,

216 754 317 795 dum
338 754 380 794 in
403 754 506 795 cella
528 753 699 794 sedisset
724 752 945 802 solitarius,
966 767 1072 803 ecce,
1097 751 1165 792 ille
1190 751 1406 793 simulator
1426 753 1620 806 antiquus
1642 766 1684 794 se
1707 752 1751 793 in

217 820 395 875 speciem
426 819 608 860 mulieris
639 817 864 873 splendidae
896 823 938 859 et
968 817 1254 873 pulcherrimae
1285 816 1596 873 transfigurans,
1628 833 1752 873 super

218 901 313 927 eum
334 886 518 941 ingessit,
542 899 589 926 ac
612 899 728 926 secus
751 884 867 926 illum
889 883 1181 925 collateraliter
1207 883 1390 926 residens
1418 884 1489 936 ait,
1527 888 1554 907 ‘⁴
1574 883 1610 926 Ο
1637 884 1750 925 God-

219 952 312 1003 rice,
333 967 457 1006 quare
478 951 669 993 mulieres
689 951 850 993 devitas
870 955 912 991 et
933 951 1157 992 abhorres?
1178 949 1364 1004 nunquid
1381 955 1423 991 et
1442 955 1491 991 tu
1507 950 1558 991 de
1578 950 1751 992 muliere

219 1023 343 1060 natus
366 1033 448 1059 non
470 1018 540 1059 es?
564 1017 673 1058 unde
695 1017 771 1058 tibi
792 1032 982 1071 spernere
1002 1016 1221 1057 mulierum
1246 1016 1447 1070 colloquia
1468 1021 1510 1058 et
1531 1017 1751 1067 consortia,

222 1099 317 1125 cum
338 1089 379 1125 et
400 1089 447 1125 tu
467 1083 554 1139 ipse
575 1083 812 1139 progenitus
833 1082 887 1124 sis
901 1083 951 1124 de
973 1083 1105 1124 carnis
1126 1082 1352 1137 spurcitia?
1413 1083 1478 1123 Tu
1498 1087 1540 1124 te
1562 1088 1753 1124 sanctum

222 1150 336 1201 facis,
361 1165 455 1191 cum
482 1164 565 1190 non
593 1150 648 1191 sis
678 1149 756 1191 nisi
779 1149 1027 1204 hypocrita3
1062 1153 1104 1189 et
1135 1149 1381 1189 heremitam
1404 1149 1541 1190 vocari
1574 1153 1617 1190 te
1638 1148 1753 1200 facis,

223 1231 318 1257 cum
339 1216 472 1258 omnis
492 1215 581 1258 vita
605 1220 680 1257 tua
709 1230 792 1256 non
820 1216 873 1257 sit
897 1214 976 1256 nisi
1006 1214 1287 1269 turpissima.''
1348 1214 1467 1255 Tunc
1496 1215 1564 1256 ille
1586 1215 1640 1256 ad
1662 1230 1754 1256 eam

225 1297 267 1324 se
301 1287 556 1332 convertens,
597 1286 639 1323 et
679 1281 814 1323 acrius
850 1281 892 1322 in
928 1281 1077 1322 faciem
1112 1281 1221 1322 illius
1257 1281 1490 1331 intendens,
1526 1281 1756 1336 respondit,

228 1351 253 1370 ‘⁶
271 1348 436 1390 Nullius
465 1347 648 1389 mulieris
678 1348 796 1389 bonae
830 1347 1078 1401 colloquium
1109 1362 1183 1388 nec
1215 1347 1468 1388 consortium
1499 1362 1646 1402 sperno
1681 1362 1757 1388 nec

227 1414 438 1466 exhorreo,
463 1414 535 1456 sed
557 1413 708 1469 saepius
728 1428 822 1454 cum
843 1413 901 1455 eis
922 1414 1078 1467 loquor,
1104 1418 1145 1454 et
1169 1417 1216 1454 ut
1239 1413 1470 1455 carissimas
1491 1413 1593 1455 mihi
1615 1413 1756 1469 diligo,

226 1496 400 1522 veneror
420 1485 462 1522 et
483 1480 735 1535 amplector3
771 1479 844 1522 sed
870 1480 1074 1521 malarum
1105 1484 1146 1521 et
1179 1478 1413 1533 iniquarum
1446 1480 1652 1522 consortia
1676 1495 1758 1520 non

228 1546 436 1595 admitto;
470 1562 546 1588 nec
567 1561 669 1601 quas
691 1545 933 1588 fantasticas
955 1551 997 1587 et
1021 1545 1245 1587 diabolicas
1275 1560 1362 1587 esse
1394 1546 1489 1596 scio,
1512 1546 1593 1588 illis
1613 1546 1655 1587 in
1686 1546 1760 1587 ali-

229 1628 309 1667 quo
339 1613 642 1654 communicare
676 1612 782 1654 volo.
853 1611 911 1653 Et
934 1616 977 1653 te
1007 1611 1050 1652 in
1077 1611 1255 1653 Nomine
1277 1611 1308 1652 J
1311 1626 1382 1653 esu
1412 1611 1567 1654 Christi
1598 1610 1758 1668 adjuro,

229 1679 341 1733 quod
364 1679 397 1720 si
418 1678 532 1720 aliud
556 1693 599 1720 es
621 1693 746 1732 quam
775 1682 818 1720 te
840 1677 969 1720 3forte
994 1677 1174 1728 simulas,
1200 1693 1295 1719 cum
1327 1677 1439 1719 omni
1469 1678 1657 1734 nequitia
1686 1683 1761 1719 tua

230 1745 473 1799 quantocius
500 1760 526 1786 a
553 1760 620 1786 me
650 1744 858 1786 recedas.”
929 1744 1089 1797 Quibus
1119 1744 1285 1795 auditis,
1308 1759 1390 1785 non
1421 1744 1556 1786 ferens
1589 1745 1764 1786 ulterius

229 1810 534 1866 adjurationem
556 1810 685 1853 divini
708 1810 910 1860 Nominis,
932 1825 1032 1851 mox
1050 1810 1121 1852 illa
1142 1810 1357 1865 disparuit,
1381 1815 1422 1852 et
1442 1826 1484 1852 se
1504 1826 1600 1852 vere
1623 1810 1762 1852 diabo-

230 1877 354 1919 licam
374 1877 501 1919 fuisse
521 1877 751 1932 nequitiam
769 1876 990 1918 manifesto
1015 1876 1250 1932 operamine
1270 1875 1595 1932 4comprobavit.

281 1986 290 2004 ¹
315 1986 356 2019 In
373 1985 431 2019 the
450 1985 547 2020 Harl.
566 1986 640 2019 MS.
660 1986 798 2031 chapter
812 1986 1024 2021 LXXXVI.

275 2031 289 2052 2
309 2032 398 2064 Pars
415 2030 557 2077 iniqua]
585 2032 789 2076 Equivalent
814 2038 848 2065 to
873 2033 931 2066 the
958 2032 1076 2077 devils,
1094 2033 1154 2066 the
1179 2032 1246 2066 evil
1273 2033 1403 2078 partos
1424 2033 1482 2066 the
1507 2033 1681 2075 creati0n3
1707 2032 1767 2066 the

232 2089 325 2111 same
343 2078 540 2122 expression
558 2078 586 2111 is
604 2078 688 2111 used
705 2084 739 2111 at
756 2077 773 2123 ξ
791 2080 873 2112 260.

277 2124 290 2143 ³
311 2122 443 2169 Forte]
471 2123 571 2164 Fore,
592 2124 639 2157 H.

278 2170 293 2190 4
314 2168 571 2215 Comprobavit]
600 2171 619 2187 ‘⁶
635 2169 700 2202 Die
714 2169 859 2214 quadam
877 2181 955 2203 cum
973 2170 1064 2204 solus
1082 2169 1213 2204 sederet
1231 2171 1265 2204 in
1283 2170 1378 2214 cella,
1397 2171 1566 2216 malignus
1584 2176 1768 2216 temptator

234 2215 332 2249 affuit
345 2215 380 2248 in
396 2215 504 2248 forma
521 2215 781 2260 speciosissimae
797 2216 958 2258 mulieris,
974 2222 1007 2249 et
1019 2218 1122 2260 juxta
1138 2217 1250 2262 ipsum
1267 2217 1451 2250 lateraliter
1469 2218 1599 2261 sedens,
1619 2217 1665 2250 ait
1679 2230 1686 2252 :
1714 2220 1724 2236 ‘
1736 2216 1767 2250 O

235 2261 396 2302 Godrice,
416 2272 474 2294 cur
498 2261 657 2295 mulieres
683 2262 812 2295 devitas
838 2268 871 2295 et
889 2262 1057 2306 abhorres,
1076 2274 1154 2296 cum
1172 2269 1210 2296 tu
1227 2263 1268 2296 de
1294 2263 1436 2297 muliere
1461 2264 1508 2297 sis
1533 2263 1662 2297 natus?
1714 2263 1768 2296 Tu

234 2307 318 2340 facis
344 2313 376 2340 te
400 2313 566 2350 sanctum,
590 2319 667 2341 eum
697 2307 743 2340 sis
769 2308 955 2352 hypocrita,
981 2315 1014 2342 et
1036 2309 1248 2352 heremitam,
1279 2321 1355 2342 cum
1383 2316 1441 2342 tua
1470 2310 1539 2343 vita
1568 2310 1612 2343 sit
1638 2309 1769 2354 turpis.y

237 2354 334 2386 Tunc
364 2353 406 2386 ad
434 2365 508 2386 eam
536 2364 737 2387 conversus:
766 2354 824 2387 ‘N
829 2354 955 2397 ullius,’
979 2355 1100 2399 inquit,
1125 2355 1246 2388 ‘bonae
1271 2356 1425 2389 mulieris
1449 2356 1518 2388 vito
1548 2356 1767 2399 consortium,

236 2400 340 2432 immo
359 2398 443 2433 tales
461 2399 676 2433 charissimas
692 2399 812 2443 habeo,
831 2406 864 2433 et
882 2401 1006 2445 saepius
1025 2401 1073 2434 eis
1091 2401 1209 2445 loquor
1226 2414 1234 2443 ;
1259 2401 1360 2434 malis
1384 2408 1498 2435 autem
1516 2402 1769 2435 communicare

236 2457 303 2478 non
317 2445 404 2479 volo.
453 2445 503 2478 Te
530 2445 632 2490 igitur
660 2445 789 2489 adjuro,
807 2457 866 2490 per
895 2447 1034 2480 Nomen
1062 2447 1199 2480 Domini
1219 2447 1303 2481 Jesu
1331 2448 1470 2489 Christi,
1498 2453 1536 2481 ut
1561 2448 1588 2481 si
1615 2447 1708 2480 aliud
1732 2459 1768 2480 es

236 2503 336 2570 (Il-pam
358 2491 515 2571 {imulalffi
541 2503 642 2536 quam
668 2492 777 2525 tocius
801 2492 880 2525 hinc
903 2493 1063 2526 recedas.'
1114 2493 1179 2528 His
1205 2494 1316 2538 dictis,
1342 2493 1401 2527 illa
1425 2493 1628 2539 disparuit.’'
1654 2494 1768 2527 Anon.

276 2549 334 2572 ar.
388 2549 505 2583 egem.
