1839 3186
538 219 597 252 ET
633 220 899 254 MIRACULIS
936 221 971 255 s.
1004 222 1222 255 GoDRICL
1562 215 1641 255 161

106 322 212 365 sicut
244 322 405 365 audivit
440 323 501 364 ita
530 331 571 365 et
609 324 817 379 repperit3
853 329 895 366 et
933 330 1190 380 protractum
1223 326 1433 368 viventem
1467 328 1643 383 ¹piscem

107 405 245 431 coram
266 390 439 445 pedibus
471 391 547 431 viri
578 390 658 431 Dei
694 391 734 431 in
760 390 951 432 Oratorio
973 391 1154 434 sedentis
1188 394 1393 447 exposuit.
1456 395 1547 447 Quo
1570 394 1639 451 ju-

106 457 242 506 bente,
264 456 451 498 minister
472 456 587 498 illum
614 457 656 497 in
680 457 813 498 frusta
834 458 978 508 secuit,
1002 463 1043 499 et
1064 459 1105 499 in
1128 459 1352 500 caldariam
1374 466 1522 514 agente
1547 462 1638 502 foco

98 520 190 577 jam
211 523 438 564 ferventem
474 524 611 578 posuit
645 529 686 565 et
721 524 902 574 excoxit,
926 524 1253 579 perductumque
1281 541 1418 567 coram
1440 527 1637 569 fratribus

103 588 285 631 convivis
320 590 523 644 apposuit,
554 594 595 631 et
617 590 707 631 illos
735 591 811 631 sub
832 590 1065 632 admirabili
1087 596 1254 646 stupore
1282 592 1440 634 refecit.
1504 593 1636 635 Mira-

103 655 256 697 bantur
298 656 464 710 quidem
503 671 679 711 quonam
714 656 851 706 modo,
888 657 1137 699 siccantibus
1172 657 1287 699 fluvii
1325 659 1452 713 ipsius
1487 660 1634 710 arenis,

102 722 224 776 piscis
264 722 529 764 natabundus
571 723 835 772 advenisset3
890 729 931 765 et
974 724 1223 779 obstupuere
1264 725 1489 780 plurimum
1538 742 1637 780 quo-

101 788 224 829 modo
246 789 309 830 vir
331 789 411 830 Dei
434 804 527 830 cum
552 790 609 831 eis
642 789 824 844 loquens,
848 795 890 831 et
923 791 965 832 in
994 790 1186 832 Oratorio
1218 792 1458 840 consistens,
1491 793 1635 834 horam

101 870 182 908 qua
225 855 347 910 piscis
391 856 620 897 retinacula
657 871 902 911 sagenarum
943 857 1159 907 introierit,
1207 858 1367 913 Spiritu
1406 860 1632 908 revelante,

101 921 239 962 videre
283 922 496 976 potuisset.
579 922 738 974 Quibus
787 923 867 972 ille,
913 923 1139 965 “Sanctus
1176 924 1392 966 ‚Iohannes
1440 925 1635 981 Baptista

99 1002 193 1028 suos
213 1003 295 1029 non
323 988 487 1037 deserit,
518 988 590 1029 sed
621 987 923 1031 confidentibus
944 990 986 1030 in
1007 990 1123 1030 illum
1155 1005 1316 1046 semper
1347 993 1519 1047 copiosae
1552 993 1631 1034 cle-

97 1055 262 1095 mentiae
300 1054 630 1095 benedictionem
663 1055 885 1096 infundit.''
946 1056 1220 1110 Refectosque
1254 1063 1295 1098 et
1320 1058 1415 1100 talis
1450 1060 1508 1099 rei
1547 1065 1633 1100 stu-

97 1120 232 1174 pendo
253 1121 450 1162 miraculo
470 1121 723 1162 exhilaratos
746 1121 903 1163 remisit
929 1122 983 1162 ad
1016 1123 1210 1177 propria3
1246 1124 1462 1166 laudantes
1484 1130 1525 1166 et
1546 1127 1632 1181 glo-

98 1185 304 1228 rificantes
338 1187 566 1228 Dominum
598 1188 639 1229 in
676 1187 866 1230 omnibus
887 1204 980 1243 quae
1005 1189 1196 1231 viderant
1218 1195 1260 1231 et
1281 1190 1512 1243 audierant,
1552 1193 1632 1246 Qui

98 1253 208 1295 solus
228 1253 328 1295 facit
351 1253 589 1296 2mirabilia.

146 1362 156 1383 ¹
176 1362 333 1410 Piscem]
360 1364 443 1398 This
461 1365 564 1409 word,
582 1365 715 1399 written
741 1365 776 1399 in
794 1365 852 1400 the
876 1366 1007 1412 margin
1034 1366 1072 1400 of
1084 1366 1142 1401 the
1168 1367 1334 1402 Bodleian
1356 1380 1456 1415 copy,
1474 1369 1555 1404 does
1572 1378 1629 1404 not

98 1420 199 1443 occur
215 1410 250 1443 in
268 1410 325 1444 the
345 1411 508 1445 Harleian
526 1413 747 1457 manuscript.

141 1456 155 1476 ²
176 1456 382 1504 Mirabilia]
411 1459 432 1476 ‘⁴
447 1458 524 1491 Duo
540 1458 660 1492 fratres
686 1459 728 1492 de
753 1459 908 1493 coenobio
927 1459 1151 1494 Dunelmensi
1169 1468 1332 1495 venerunt
1351 1462 1431 1496 illuc
1449 1463 1483 1495 in
1506 1464 1627 1497 nativi-

95 1508 164 1536 tate
184 1503 298 1537 Sancti
317 1504 339 1537 J
342 1504 494 1548 ohannis,
513 1511 550 1538 ut
568 1505 615 1538 ibi
633 1512 736 1539 tantae
754 1505 979 1539 solemnitatis
1005 1507 1153 1540 officium
1172 1507 1391 1543 celebrarent.
1442 1509 1523 1543 Post
1541 1511 1628 1544 Mis-

95 1561 208 1583 sarum
229 1550 393 1584 solemnia
410 1551 528 1585 fratres
546 1551 595 1585 illi
614 1551 885 1585 benedictionem
904 1553 1010 1598 ipsius
1029 1560 1195 1599 expetunt
1212 1560 1245 1587 et
1261 1554 1435 1589 licentiam
1453 1556 1629 1601 redeundi,

95 1596 218 1640 quibus
247 1596 304 1630 ille
335 1597 444 1632 dixit:
480 1600 490 1617 ‘
505 1598 787 1632 Benedictionem
813 1599 877 1632 Dei
907 1599 1072 1643 habeatis,
1103 1600 1163 1634 sed
1188 1601 1265 1635 nolo
1291 1608 1329 1635 ut
1355 1601 1537 1636 discedatis
1563 1604 1627 1637 im-

92 1643 231 1688 pransi,’
252 1644 423 1689 jussitque
448 1656 601 1678 mensam
631 1645 784 1678 celeriter
809 1646 998 1691 praeparari.
1065 1647 1293 1693 Apponuntur
1318 1649 1352 1681 in
1381 1661 1499 1683 mensa
1524 1662 1628 1695 panes

92 1690 243 1723 avenacii
258 1702 341 1735 quos
358 1690 515 1735 habebat,
528 1697 560 1724 et
575 1691 641 1725 cibi
657 1691 698 1724 de
712 1692 800 1725 lacte
818 1693 1007 1738 compositi,
1025 1693 1155 1738 piscem
1174 1706 1308 1739 quoque
1325 1696 1485 1741 praecepit
1503 1697 1626 1731 afferri.

93 1735 158 1769 Cui
176 1736 330 1770 minister
355 1748 433 1770 cum
458 1737 680 1771 admiratione
705 1738 901 1783 respondit:
929 1741 938 1757 ζ
950 1739 1095 1783 Domne,
1117 1741 1286 1784 quomodo
1303 1742 1432 1787 piscem
1457 1742 1521 1776 hoc
1539 1750 1626 1777 tem-

90 1793 171 1826 pore
188 1783 412 1827 acquiremus,
431 1795 509 1817 cum
528 1784 677 1817 fluminis
695 1784 829 1818 alveum
847 1785 916 1818 fere
933 1785 1065 1819 aridum
1080 1786 1279 1821 videamus.'
1330 1788 1375 1821 Et
1393 1788 1470 1823 ille:
1500 1791 1508 1807 ‘
1522 1789 1624 1834 Cit0‚'

90 1828 211 1873 inquit,
238 1829 354 1873 ‘vade,
376 1836 410 1863 et
435 1842 593 1874 sagenam
619 1831 654 1863 in
678 1831 775 1875 aquis
805 1831 899 1864 fluvii
925 1844 1012 1876 pene
1037 1833 1162 1866 arentis
1188 1833 1358 1867 extende?
1408 1835 1568 1869 Minister
1585 1842 1623 1870 ut

85 1875 221 1918 jussum
239 1875 347 1909 fuerat
364 1876 445 1909 fecit
463 1882 495 1909 et
513 1876 625 1917 rediit,
643 1877 702 1910 sed
720 1877 761 1910 de
779 1884 918 1922 captura
935 1890 1068 1923 sperare
1086 1890 1153 1912 non
1170 1880 1292 1924 potuit.
1345 1880 1442 1914 Tunc
1458 1883 1621 1928 praeeepit

90 1927 127 1954 ut
145 1922 326 1955 caldariam
352 1934 440 1967 aqua
464 1922 599 1968 plenam
624 1930 763 1968 poneret
785 1935 885 1969 super
910 1925 1045 1969 ignem3
1072 1937 1138 1970 quo
1155 1925 1256 1969 facto,
1277 1927 1382 1970 jussit
1399 1928 1553 1961 ministro
1585 1936 1621 1962 ut

87 1968 131 2001 ad
149 1968 290 2002 fluvium
316 1969 377 2002 iret
395 1975 530 2014 propter
555 1970 695 2014 piscem.
744 1970 808 2003 Ille
825 1970 908 2004 abiit
925 1977 958 2004 et
975 1971 1061 2004 nihil
1086 1972 1225 2015 invenit,
1245 1978 1277 2005 et
1295 1973 1443 2007 seeundo
1464 1974 1621 2009 similiter

88 2014 188 2057 fecit3
214 2015 304 2048 unde
329 2015 471 2049 affectus
496 2016 611 2059 taedio,
636 2016 783 2062 amplius
809 2017 857 2050 ire
884 2029 951 2051 non
977 2017 1094 2052 voluit.
1143 2018 1325 2052 Paululum
1352 2032 1429 2065 ergo
1455 2022 1619 2055 conticuit

89 2061 139 2094 vir
156 2067 303 2105 sanetus,
322 2067 355 2095 et
372 2071 489 2107 postea
514 2063 563 2095 sic
580 2062 739 2106 adjunxit
755 2075 761 2097 :
790 2065 799 2082 ‘
815 2063 921 2108 Perge
940 2076 1017 2109 ergo
1035 2064 1147 2108 modo,
1166 2065 1246 2110 quia
1270 2066 1373 2110 piscis
1391 2066 1449 2100 ille
1466 2067 1551 2101 retia
1569 2068 1620 2101 in-

89 2108 201 2152 travit,
219 2120 319 2153 quem
345 2108 489 2142 Sanctus
507 2108 529 2141 J
532 2108 681 2142 ohannes
698 2109 783 2143 mihi
800 2110 965 2155 promisit,
985 2111 1138 2156 quamvis
1156 2111 1220 2145 hoc
1238 2112 1378 2146 tarditas
1397 2113 1477 2147 fidei
1495 2121 1620 2148 nostrae

89 2166 156 2187 non
181 2155 352 2188 meruerit,
404 2155 466 2188 Est
483 2161 596 2188 autem
623 2155 753 2189 salmon
778 2157 938 2201 optimus,
958 2157 1014 2202 qui
1033 2164 1084 2191 est
1101 2157 1144 2190 ad
1161 2164 1293 2191 nostros
1311 2170 1392 2193 usus
1411 2160 1524 2193 divino
1543 2172 1618 2194 mu-

87 2212 166 2234 nere
191 2201 363 2234 irretitus.'
413 2201 573 2234 Minister
595 2201 765 2247 profectus
788 2203 964 2236 inventum
990 2203 1177 2237 salmonem
1201 2205 1328 2249 retulit,
1347 2212 1380 2239 et
1405 2206 1440 2240 in
1462 2206 1618 2241 Oratorio

86 2254 164 2280 ante
181 2247 284 2292 pedes
302 2247 442 2281 Godriei
467 2247 616 2281 sedentis
642 2249 812 2294 exposuit,
830 2261 930 2294 quern
947 2250 1020 2295 ipse
1044 2257 1270 2296 praeparatum
1295 2253 1445 2286 convivis
1463 2253 1544 2286 fecit
1560 2265 1619 2299 ap-

85 2294 176 2338 poni.
227 2294 396 2327 Mirantur
413 2305 530 2327 omnes
556 2300 589 2327 et
606 2301 742 2340 captum
761 2295 796 2328 in
813 2307 899 2340 aqua
916 2297 1009 2329 tenui
1027 2303 1159 2330 tantum
1184 2297 1324 2342 piscem,
1344 2305 1377 2331 et
1396 2299 1464 2332 viro
1483 2299 1548 2333 Dei
1566 2312 1618 2333 re-

86 2339 230 2373 velatam
249 2340 409 2373 divinitus
427 2340 662 2385 prophetiam.’
711 2341 844 2384 Quibus
862 2342 940 2377 ille:
967 2344 976 2361 ‘
988 2343 1155 2387 Sanctus]
1172 2343 1293 2388 inquit,
1313 2347 1321 2363 ‘
1333 2345 1355 2378 J
1358 2345 1507 2380 ohannes
1526 2346 1616 2392 Bap-

86 2387 166 2419 tista
191 2398 270 2419 suos
294 2398 362 2419 non
387 2386 511 2419 deserit
525 2399 533 2428 ;
567 2387 672 2420 immo
706 2388 920 2433 sperantibus
949 2389 984 2423 in
1010 2401 1087 2424 eum
1113 2390 1245 2436 copiam
1270 2402 1343 2426 suae
1367 2392 1614 2428 benedictionis

86 2432 300 2478 impertitur.’
317 2432 337 2447 ’²
364 2433 476 2467 Anon.
496 2432 591 2468 Harl,
611 2433 760 2479 Legend.

1373 2988 1407 3014 M
