1839 3186
210 191 264 229 84
734 198 968 230 LIBELLus
1004 199 1068 229 DE
1103 198 1218 229 VITA

273 305 294 358 ᾗ
323 302 387 347 73.
423 303 589 357 Vigiliis
630 304 755 344 etiam
801 304 930 345 tantis
966 319 1113 358 corpus
1154 302 1358 344 afficiebat
1390 301 1499 356 quod
1530 314 1740 354 nunquam

212 370 363 410 lectulo
401 369 645 410 decumbere
681 369 859 421 volebat,
895 370 967 411 sed
1008 370 1049 410 111
1088 369 1201 410 nuda
1236 369 1363 409 humo
1397 369 1572 423 desuper
1608 371 1738 408 strato

214 436 344 475 cilicio
376 436 576 490 fatigatus
609 436 793 476 oratione
825 436 959 476 multa
995 441 1035 476 et
1069 436 1208 477 labore
1244 435 1454 483 decubuit,
1488 439 1530 474 et
1558 432 1739 487 lapidem

217 502 358 555 (quem
381 506 422 542 et
444 517 629 543 mensam
649 501 735 557 ejus
751 502 875 543 fuisse
900 500 1141 555 1diximus,)
1159 502 1234 543 sub
1254 502 1388 556 eapite
1409 501 1485 542 sibi
1509 498 1737 553 subposuit,

215 583 289 608 nec
322 568 435 608 aliud
460 567 633 608 cervical
666 568 817 609 habere
853 568 997 610 voluit.
1061 568 1262 609 Somnum
1295 583 1391 609 vero
1433 581 1515 607 non
1555 564 1737 612 admisit,

213 634 290 675 11151
314 634 477 687 quando
499 633 629 674 invito
668 634 899 688 subripuit;
936 639 976 675 et
998 638 1099 675 tunc
1126 634 1292 688 quidem
1314 633 1456 688 lapidi,
1479 632 1544 673 vel
1575 629 1736 686 parieti,

214 700 380 741 acclinis
401 700 606 749 accubuit,
630 700 695 740 vel
717 700 961 753 quandoque
994 714 1219 754 procurvus
1236 699 1366 740 latere
1386 698 1579 739 indurato
1602 712 1643 738 se
1678 697 1738 736 in-

216 766 384 806 clinavit
404 783 413 813 3
452 766 561 806 1111110
586 766 718 820 magis
744 766 873 806 dolori
902 781 1025 819 quam
1048 766 1176 820 quieti
1197 765 1292 806 talis
1314 766 1350 806 ei
1373 779 1539 806 somnus
1560 763 1736 811 exstitit,

214 832 309 885 quia
332 832 519 872 membra
540 836 683 872 tenera
713 832 826 873 nuda
855 831 983 872 humo
1008 832 1235 886 composita
1257 831 1419 886 frigoris
1439 829 1640 884 asperitas
1660 828 1738 868 fre-

212 902 385 950 quenter
420 897 585 938 invasit.
647 897 818 949 Quoties
840 913 934 939 vero
956 899 1062 939 lunae
1095 898 1287 952 splendor
1308 897 1587 945 dilucesceret,
1610 895 1671 935 ita
1690 900 1738 934 ut

212 964 395 1004 exterius
422 963 529 1004 illius
560 963 676 1004 radio
701 964 831 1005 videri
851 964 1064 1018 potuisset,
1101 964 1282 1013 dolabra,
1307 963 1438 1004 securi
1470 977 1540 1004 seu
1570 960 1737 1016 bipenni

211 1034 437 1084 assumpta,
479 1029 767 1084 egrediebatur
807 1030 915 1071 foras
950 1035 991 1071 et
1036 1030 1227 1084 operibus
1265 1029 1495 1078 insistebat,
1536 1041 1736 1081 omneque

210 1096 387 1150 torporis
418 1096 549 1136 otium
575 1110 600 1135 a
621 1110 662 1136 se
694 1095 880 1137 funditus
914 1096 1182 1151 propellebat.
1253 1095 1415 1136 Deinde
1451 1109 1546 1135 cum
1588 1093 1737 1135 sudore

209 1162 336 1201 nimio
359 1166 400 1202 et
421 1162 560 1202 labore
581 1161 780 1216 fatigatus
816 1168 935 1213 esset,
969 1162 1207 1203 Oratorium
1243 1177 1363 1202 suum
1397 1160 1733 1215 ingrediebatur,

211 1227 347 1280 sicque
370 1242 512 1268 somno
535 1229 711 1281 torporis
732 1243 916 1278 excusso,
951 1229 993 1269 in
1025 1228 1280 1268 orationibus
1299 1233 1339 1268 et
1360 1227 1622 1268 lacrimarum
1655 1226 1736 1266 sin-

209 1292 393 1347 gultibus
424 1293 575 1334 crebris
613 1293 668 1334 ibi
701 1294 954 1335 morabatur.
1025 1294 1249 1348 Nunquam
1278 1299 1419 1335 tamen
1450 1308 1523 1348 pro
1562 1290 1736 1346 alicujus

209 1358 359 1400 laboris
384 1359 585 1400 levamine
607 1359 775 1400 loricam
801 1361 865 1401 vel
888 1360 1066 1401 cilicium
1085 1360 1298 1401 consuevit
1331 1374 1493 1409 exuere,
1516 1358 1612 1400 25011
1636 1373 1730 1399 011111

207 1425 315 1465 mole
337 1430 423 1465 tam
445 1426 602 1480 ingenti
625 1430 666 1466 et
689 1426 766 1466 diri
803 1426 995 1480 ponderis
1032 1441 1193 1481 semper
1229 1426 1412 1467 consueti
1445 1425 1630 1466 exercuit
1662 1439 1731 1465 ex-

208 1491 353 1531 ercitia
382 1491 547 1541 laboris,
580 1492 688 1545 quod
710 1497 851 1533 tamen
886 1492 1225 1547 parvipendebat,
1249 1493 1345 1546 quia
1364 1491 1671 1533 robustissimus
1690 1495 1731 1531 et

208 1557 368 1611 integer
388 1557 543 1598 viribus
575 1563 676 1598 erat.
749 1558 962 1612 Siquidem
983 1559 1091 1599 tanti
1113 1564 1200 1599 erat
1227 1559 1385 1600 roboris
1407 1557 1517 1612 quod
1548 1557 1581 1598 si
1612 1572 1732 1611 quer-

208 1637 301 1663 cum
337 1623 560 1671 excideret,
592 1624 656 1664 vel
690 1622 777 1679 ejus
815 1630 1009 1665 truncum
1042 1624 1092 1665 de
1123 1630 1235 1666 terra
1263 1625 1471 1672 evelleret,
1501 1623 1610 1664 solus
1645 1624 1731 1678 ipse

207 1688 421 1743 perficeret
463 1689 573 1743 quod
611 1695 788 1743 quatuor
826 1691 1039 1731 hominum
1080 1691 1211 1732 virtus
1246 1695 1338 1732 tota
1377 1691 1478 1732 totis
1518 1690 1734 1730 conatibus

207 1756 376 1809 aggredi
416 1771 499 1795 11011
543 1762 820 1809 praesumeret.
908 1757 952 1797 Si
994 1762 1134 1797 autem
1170 1772 1264 1797 cum
1304 1757 1435 1798 securi
1464 1760 1632 1805 secaret,
1668 1755 1730 1796 vel

206 1821 359 1871 feriret,
396 1822 553 1862 sonitus
586 1822 744 1862 ictuum
776 1822 1029 1877 singulorum
1060 1838 1132 1877 per
1164 1823 1245 1863 duo
1275 1823 1359 1863 fere
1387 1823 1564 1863 miliaria
1598 1822 1732 1862 audiri

204 1888 436 1941 potuisset,
471 1887 580 1928 unde
617 1889 790 1942 contigit
830 1893 877 1929 ut
918 1889 989 1938 illi,
1034 1889 1102 1942 qui
1146 1904 1219 1943 per
1258 1889 1376 1930 villas
1420 1888 1730 1942 circumpositas

204 1952 454 2003 habitarent,
497 1953 732 2007 frequenter
775 1955 816 1995 111
855 1955 1057 2004 noctibus,
1100 1960 1148 1995 ut
1189 1955 1378 1995 attestati
1420 1959 1528 2004 sunt,
1574 1954 1732 1995 sonitus

206 2018 390 2059 ferientis
438 2019 630 2060 audirent
666 2024 707 2060 et
732 2021 1084 2074 obstupescerent.
1157 2020 1424 2061 Orationibus
1464 2025 1606 2061 autem
1643 2025 1732 2060 tam

203 2084 423 2137 vigilanter
459 2085 653 2134 instabat,
685 2086 795 2138 quod
816 2086 1051 2126 mirandum
1079 2091 1167 2127 erat
1202 2086 1406 2140 quomodo
1440 2091 1526 2127 tam
1559 2086 1630 2127 diu
1664 2101 1733 2141 ge-

203 2150 324 2191 nibus
367 2151 680 2204 proeumberet3
717 2166 810 2192 cum
853 2167 974 2206 super
1008 2152 1121 2192 nuda
1153 2153 1279 2192 humo
1320 2152 1422 2193 nihil
1455 2152 1568 2193 aliud
1609 2167 1732 2206 quam

203 2216 323 2256 cilicii
369 2216 430 2256 sui
477 2221 601 2269 atque
637 2217 771 2257 lorieae
811 2232 892 2259 suae
928 2216 1109 2259 fimbrias
1147 2218 1379 2272 subpositas
1421 2218 1607 2259 haberet.
1669 2217 1732 2258 At

205 2286 347 2322 tamen
381 2282 544 2335 quando
566 2286 657 2322 tota
693 2282 758 2323 die
787 2284 948 2338 integra
972 2284 1028 2324 510
1050 2284 1207 2334 orabat,
1241 2289 1281 2325 et
1314 2284 1525 2338 procurvis
1559 2284 1732 2339 genibus

204 2362 341 2388 coram
358 2347 495 2388 Altari
518 2347 575 2389 sic
597 2349 787 2390 noctibus
809 2349 1013 2390 continuis
1041 2349 1056 2370 3
1063 2350 1329 2404 perdurabat.

200 2441 267 2474 bat.
321 2441 396 2474 Hoc
421 2447 534 2474 tamen
565 2442 741 2486 quisquam
772 2443 916 2485 1110111111,
947 2443 1004 2487 qui
1032 2443 1062 2476 ei
1091 2449 1208 2488 postea
1237 2444 1513 2478 ministraverunt
1540 2456 1600 2489 per
1628 2456 1733 2478 annos

202 2487 335 2520 circiter
353 2487 584 2532 quadraginta,
603 2488 715 2521 videre
736 2500 802 2521 non
825 2489 945 2533 potuit.
994 2489 1060 2521 Sed
1085 2501 1147 2522 1100
1173 2489 1294 2534 aliquis
1320 2502 1446 2534 eorum⁷
1474 2491 1530 2535 qui
1556 2502 1633 2523 cum
1660 2491 1733 2535 ipso

200 2533 368 2566 diuturnis
386 2534 594 2578 temporibus
612 2540 878 2579 permanserunt,
903 2535 1103 2579 investigare
1120 2535 1241 2580 potuit,
1260 2536 1341 2580 quid
1359 2536 1410 2569 vel
1428 2536 1561 2580 quando
1579 2536 1735 2569 comede-

199 2585 260 2622 ret,
279 2580 367 2612 sicut
379 2581 532 2623 jurantes
551 2580 686 2624 ipsimet
703 2580 905 2614 asserebant.
958 2580 1130 2613 Videbant
1147 2581 1283 2625 quidem
1306 2582 1403 2615 illum
1427 2582 1480 2615 bis
1498 2582 1550 2615 vel
1576 2582 1681 2615 semel
1699 2583 1733 2615 in

200 2637 288 2658 anno
306 2625 399 2658 cibos
416 2637 542 2670 parare,
561 2631 598 2658 ut
616 2626 791 2667 dixinius3
817 2626 875 2659 sed
905 2626 987 2670 ipsis
1012 2626 1044 2658 in
1072 2627 1230 2659 conclave
1256 2627 1387 2671 delatis,
1413 2627 1494 2672 quid
1516 2627 1733 2673 postmodum

200 2671 242 2704 ‹le
259 2671 326 2704 illis
343 2671 479 2714 faceret,
494 2672 702 2705 nesciebant.
742 2672 846 2705 Potus
864 2671 913 2704 illi
932 2672 996 2704 suit
1012 2678 1131 2715 gustus
1149 2684 1246 2717 aquae
1262 2674 1488 2718 permodiCUS,
1506 2680 1540 2707 et
1556 2674 1647 2708 hunc
1664 2685 1732 2707 non

202 2718 357 2750 sumebat
375 2717 438 2750 nisi
458 2718 565 2750 multa
582 2718 655 2751 sitis
673 2717 828 2751 ariditate
847 2717 1076 2763 co1npulsus.''

251 2765 258 2781 ¹
282 2762 466 2809 Dlrimua]
497 2761 514 2807 ξ
535 2764 588 2798 71.

246 2809 259 2828 ²
278 2809 367 2855 Sed]
396 2810 461 2842 Sed
480 2821 556 2842 cum
577 2809 666 2842 mole
684 2809 811 2853 ingenti
830 2815 899 2842 tam
919 2809 980 2842 diri
999 2809 1168 2854 ponderis,
1193 2810 1237 2844 H.

245 2856 258 2875 3
278 2855 516 2901 Pcrdurabat]
546 2855 619 2888 The
636 2856 802 2889 narrative
820 2855 857 2888 of
878 2856 935 2889 the
954 2855 1115 2888 Harleian
1135 2856 1209 2889 Life
1228 2857 1255 2889 is
1273 2868 1309 2889 as
1334 2856 1482 2891 follows:
1510 2857 1731 2902 “Nunquam

199 2900 332 2943 jacebat
358 2902 391 2934 111
416 2901 517 2944 lecto,
545 2901 604 2935 sed
637 2902 671 2934 in
699 2901 802 2935 humo
827 2901 934 2944 nuda,
964 2907 1068 2935 strato
1093 2902 1237 2947 desuper
1266 2902 1389 2942 cilicio,
1419 2903 1579 2948 fatigatus
1615 2903 1730 2937 labore
