1839 3186
216 165 297 205 338
729 176 962 210 LIBELLUS
998 178 1062 210 DE
1098 177 1214 210 VITA

217 281 336 322 vultu
356 285 474 323 torvo
496 295 589 322 cum
611 285 781 322 cruento
801 280 929 322 livore
945 281 1101 336 pallidi,
1120 286 1161 322 et
1184 296 1252 322 ore
1273 280 1424 336 rigenti
1454 278 1743 327 fialnmivomi3

220 348 288 401 qui
321 363 414 388 eum
454 347 625 389 aduncis
664 348 856 389 manibus
898 347 1145 389 1fuscinulas
1181 348 1375 389 ardentes
1407 347 1619 396 tenebant,
1657 360 1746 400 quae

220 413 392 455 tridenti
425 414 567 455 ordine
591 414 691 456 satis
712 414 947 455 acutissime
980 414 1291 469 praeminebant.
1364 414 1415 455 In
1445 413 1581 454 medio
1609 417 1750 453 autem

219 479 382 522 illorum
422 481 627 535 quendam
666 495 829 522 servum
869 480 946 522 viri
994 480 1074 521 Dei
1114 481 1367 530 detinebant,
1411 495 1532 534 quem
1572 478 1752 520 ²taureis

221 546 363 601 ignitis
389 551 430 588 et
464 545 603 602 flagris
627 547 813 601 plurimis
835 546 1035 588 dirissime
1061 547 1280 588 cruciando
1302 546 1597 602 flagellabant,
1657 560 1751 586 cum

222 613 434 655 fuscinulis
454 629 550 655 vero
569 612 810 654 ardentibus
823 613 1000 667 pectoris
1019 613 1146 668 ipsius
1166 613 1305 654 media
1320 613 1592 663 dissecabant,
1610 616 1650 653 et
1661 609 1752 667 jam

224 680 361 720 anheli
383 679 517 721 cordis
550 680 740 734 spiritum
767 679 1004 720 suffocando
1034 679 1242 721 eradicare
1277 680 1567 735 properabant.
1630 678 1753 731 Quod

223 746 368 787 videns
399 744 566 801 juvenis
596 746 738 786 statim
770 745 860 800 quis
892 745 1029 795 fuerit,
1063 746 1260 800 agnovit3
1296 747 1392 800 quia
1424 751 1524 787 tunc
1555 745 1754 800 temporis

226 812 414 853 minister
431 812 498 853 ille
517 812 559 852 in
584 812 706 852 domo
722 812 889 853 viriDei
909 812 1148 854 notissimus
1170 812 1345 861 exst-itit,
1365 812 1415 853 de
1440 827 1518 866 quo
1539 811 1753 853 historiam

226 878 413 920 intexere
431 878 601 933 dignum
621 877 831 929 duximus,
854 878 925 920 sed
941 894 1088 920 nomen
1110 894 1293 934 personae
1315 879 1476 920 silentio
1501 878 1755 934 supprimen-

227 945 326 986 dum
347 945 425 986 hoc
444 950 630 999 tempore
645 942 941 1000 judicavimus.

298 1012 436 1066 §321.
469 1011 721 1053 Exclamans
756 1016 896 1052 autem
929 1011 1166 1054 adolescens
1201 1027 1275 1068 pro
1305 1012 1494 1053 ministro
1518 1011 1586 1052 illo
1613 1010 1756 1052 Sancti

229 1078 260 1119 J
264 1078 436 1120 ohannis
458 1078 719 1119 elementiam
740 1076 932 1119 flebiliter
966 1078 1216 1134 imploravit,
1249 1085 1372 1133 atque
1394 1083 1440 1119 ut
1470 1078 1578 1119 illius
1604 1077 1753 1119 crucia-

230 1150 351 1186 tuum
391 1144 575 1187 misereri
617 1144 869 1199 dignaretur,
912 1160 1006 1186 eum
1055 1146 1244 1201 precibus
1285 1145 1546 1187 devotissime
1584 1143 1759 1199 profusis

231 1210 487 1267 efflagitavit.
557 1210 628 1252 Ad
651 1226 772 1266 quem
794 1216 987 1253 sanetus:
1029 1216 1053 1234 ‘²
1072 1212 1160 1253 Ista
1180 1217 1304 1266 atque
1337 1212 1489 1253 talibus
1519 1211 1647 1266 poenis
1666 1225 1757 1251 eon-

232 1278 382 1320 similia
422 1276 490 1319 isti
525 1292 642 1319 servo
674 1278 878 1319 debentur
916 1283 1135 1329 tormenta,
1172 1283 1213 1319 et
1241 1278 1305 1320 his
1345 1278 1475 1324 etiamr
1502 1278 1545 1318 in
1584 1277 1758 1332 posteris

232 1345 378 1387 seculis
401 1344 601 1399 supplicia
622 1344 786 1385 ultricia
809 1349 849 1385 et
871 1343 1028 1400 majora
1054 1344 1241 1400 poenalia,
1279 1360 1326 1386 eo
1349 1345 1458 1399 quod
1479 1359 1572 1385 mea
1591 1349 1631 1385 et
1654 1344 1759 1386 servi

230 1411 312 1453 mei
336 1412 377 1452 in
394 1412 481 1452 loco
500 1411 579 1452 isto
615 1409 629 1431 ³
638 1411 967 1465 praevaricaverit
988 1411 1194 1453 instituta.
1265 1411 1373 1452 Nam
1397 1411 1447 1452 de
1472 1411 1592 1452 rebus
1612 1410 1763 1452 nostris

230 1478 418 1519 fraudem
443 1477 575 1518 facere
596 1492 677 1518 non
698 1477 925 1532 pertimuit,
944 1483 985 1519 et
1009 1493 1082 1520 nos
1097 1483 1291 1532 utrosque
1312 1478 1459 1533 saepius
1478 1476 1762 1518 exacerbando

231 1545 415 1600 graviter
449 1543 621 1584 offendit
640 1560 651 1592 3
701 1544 993 1585 contumeliam
1034 1544 1200 1598 quidem
1236 1545 1360 1586 toties
1405 1544 1558 1585 Divino
1592 1543 1761 1584 Nemini

233 1611 387 1661 intulit,
409 1605 589 1664 4qiioties
610 1609 787 1651 veritate
809 1610 1053 1661 intermissa,
1077 1626 1169 1665 quae
1192 1611 1348 1652 fraudis
1364 1611 1527 1652 fuerant
1544 1610 1762 1665 diligenter

234 1692 423 1718 exercere
446 1682 486 1718 et
507 1676 689 1732 profanis
708 1677 899 1731 operibus
929 1678 1093 1732 explere
1114 1693 1195 1718 non
1229 1677 1383 1719 timuit.
1446 1677 1504 1718 Et
1524 1677 1612 1718 haec
1634 1681 1674 1717 et
1693 1676 1763 1717 illa

234 1743 276 1784 in
297 1759 363 1784 me
385 1742 546 1799 flagitia
567 1743 787 1792 commisit,
814 1759 887 1798 pro
910 1744 1056 1798 quibus
1077 1744 1155 1785 nisi
1190 1744 1311 1785 citius
1346 1743 1595 1799 poenituerit,
1619 1743 1761 1784 aeterni

235 1811 441 1851 cruciatus
489 1810 688 1865 supplicia
720 1810 772 1851 ab
813 1810 915 1861 istis,
958 1826 1059 1865 quos
1100 1811 1231 1860 vides,
1271 1810 1493 1866 spiritibus,
1531 1810 1763 1852 sustinebit.

238 1876 365 1917 Unde
395 1877 561 1918 hortare
596 1876 712 1917 illum
735 1881 781 1917 ut
814 1877 934 1918 citius
955 1877 1190 1932 poenitendo
1224 1882 1500 1927 convertatur,
1533 1881 1580 1917 ut
1602 1876 1682 1918 Dei
1703 1876 1763 1917 in-

238 1942 487 1998 dignationis
503 1943 606 1984 iram
625 1958 718 1984 cum
740 1943 881 1984 debita
896 1959 1107 1998 poenarum
1124 1944 1309 1985 vindicta
1329 1944 1381 1985 ab
1400 1959 1447 1984 eo
1464 1943 1759 1998 suspendatur3

238 2009 270 2051 si
304 2010 412 2051 enim
444 2010 551 2050 forte
588 2009 758 2050 celerius
784 2009 1014 2064 resipuerit,
1037 2010 1226 2065 precibus
1261 2010 1401 2051 domni
1436 2011 1510 2059 tui,
1537 2010 1643 2051 servi
1666 2009 1761 2059 mei,

236 2075 405 2116 Domini
428 2075 729 2130 indulgentiam
754 2075 1000 2116 obtinebit.''
1061 2076 1250 2130 Denique
1275 2077 1426 2117 iterum
1454 2075 1508 2116 ad
1528 2075 1763 2117 adolescen-

237 2146 323 2182 tem
345 2156 563 2183 conversus
579 2142 651 2191 ait,
678 2141 741 2181 “J
744 2156 811 2182 am
833 2142 988 2196 aliquot
1005 2142 1101 2183 anni
1120 2142 1353 2197 praeteriere
1368 2141 1515 2196 quibus
1537 2141 1766 2184 Ecclesiam

287 2255 295 2272 ¹
313 2249 535 2296 Fuscinulas]
564 2249 637 2283 The
651 2249 920 2296 trident-shaped
938 2251 1141 2285 instrument
1157 2252 1239 2286 with
1253 2252 1363 2286 which
1382 2253 1487 2286 devils
1504 2264 1560 2286 are
1576 2253 1768 2298 frequently

237 2297 452 2342 represented
470 2308 506 2330 as
530 2296 736 2341 tormenting
751 2296 809 2330 the
827 2297 983 2341 damned,
1009 2310 1045 2331 as
1062 2298 1112 2331 for
1130 2299 1281 2332 instance
1297 2299 1332 2332 in
1355 2299 1412 2332 the
1431 2299 1601 2345 Harrying
1626 2300 1663 2333 of
1686 2299 1766 2333 Hell

239 2343 404 2388 engraved
421 2343 454 2376 in
469 2342 634 2375 Hearne's
652 2342 778 2376 edition
797 2343 834 2376 of
848 2344 1015 2378 Fordun's
1032 2345 1322 2379 Scottichronicon
1340 2346 1405 2379 and
1418 2346 1575 2391 repeated
1589 2346 1622 2380 in
1636 2346 1766 2380 Hone's

240 2389 435 2435 Mysteries.
487 2388 560 2422 The
578 2389 668 2422 word
686 2389 714 2422 is
731 2389 810 2423 akin
827 2396 861 2423 to
875 2390 932 2423 the
950 2391 1040 2424 word
1059 2391 1217 2435 Fusoina,
1236 2392 1314 2425 thus
1333 2392 1514 2437 explained
1530 2392 1576 2438 by
1593 2393 1767 2426 Johannes

239 2436 281 2470 de
307 2436 439 2470 Janna:
468 2435 771 2469 “Instrumentum
800 2436 943 2470 ferreum
975 2443 1008 2471 et
1034 2438 1161 2472 tridens
1180 2450 1245 2483 quo
1272 2444 1412 2472 utuntur
1439 2439 1641 2483 gladiatores
1664 2439 1707 2473 ad
1732 2451 1769 2473 se

239 2483 452 2528 capiendum,
479 2482 651 2515 iiscatores
668 2482 710 2515 ad
727 2482 837 2527 pisces
854 2484 1046 2528 capiendos,
1064 2484 1154 2518 &e.'’
1203 2484 1259 2518 Du
1274 2485 1399 2530 Cange,
1413 2485 1461 2518 iii.
1481 2486 1558 2520 704,

285 2531 298 2549 ²
314 2494 480 2574 Tameia}
506 2530 525 2547 “
540 2528 692 2572 Taureae,
710 2528 842 2574 flagella
859 2541 900 2562 ex
923 2529 1025 2563 boun]
1043 2543 1104 2564 seu
1121 2537 1291 2564 taurorum
1310 2531 1454 2565 coreis.''
1504 2531 1560 2565 Du
1579 2532 1704 2577 Gange,
1722 2531 1767 2567 vi.

284 2621 614 2660 ³Prccvaricaverit]
650 2621 688 2654 In
718 2621 774 2655 the
801 2621 887 2654 Civil
915 2622 995 2655 Law
1018 2623 1267 2657 “Praevaricari
1299 2629 1349 2657 est
1375 2636 1451 2658 vera
1469 2624 1610 2658 erimina
1627 2624 1768 2658 abscon—

239 2669 354 2712 de1·e‚”
373 2669 522 2702 Brisson.
537 2667 578 2701 (le
596 2667 700 2701 Verb.
711 2668 830 2713 Signis.
843 2680 874 2713 p.
888 2671 966 2711 529,
982 2669 1079 2715 (edit.
1098 2670 1154 2703 fol.
1173 2670 1247 2703 Par.
1263 2670 1379 2713 1596‚)
1393 2671 1454 2704 but
1468 2670 1633 2716 Reginald
1646 2683 1723 2704 uses
1741 2671 1767 2704 it

238 2716 272 2749 in
299 2715 355 2748 the
373 2714 552 2748 scholastie
570 2726 678 2757 sense,
696 2714 729 2747 in
748 2714 858 2747 which
882 2714 908 2747 it
936 2727 1053 2749 means
1075 2722 1109 2749 to
1126 2716 1229 2749 break
1247 2728 1266 2749 a
1282 2717 1426 2761 positive
1443 2717 1507 2751 law
1524 2729 1560 2751 or
1577 2717 1767 2751 command.

238 2762 301 2795 See
320 2761 416 2805 Vega
433 2761 474 2794 de
486 2760 741 2804 justificatione,
760 2772 793 2806 p.
814 2763 866 2803 19,
887 2761 984 2802 (edit.
1003 2762 1060 2796 fol.
1076 2762 1193 2797 colon.
1214 2763 1334 2809 1572.)

285 2809 297 2827 ‘¹
326 2807 462 2845 Quoties
477 2808 615 2840 veritate
632 2806 843 2853 intermissa]
873 2808 982 2841 These
1000 2809 1108 2842 words
1126 2821 1181 2843 are
1198 2815 1256 2843 not
1274 2809 1377 2843 found
1396 2810 1427 2843 in
1445 2810 1501 2854 H,
1519 2810 1629 2844 which
1647 2809 1767 2844 inserts

237 2855 261 2874 “
275 2854 439 2898 qnoties''
457 2854 541 2886 after
560 2855 578 2872 ‘⁶
592 2853 729 2887 toties.'’
