1839 3186
562 215 619 246 ET
655 214 917 246 MIRAoULIs
955 216 989 246 s.
1023 214 1237 246 GODRICI.
1443 199 1451 207 “
1612 211 1666 253 47

134 325 175 362 et
211 319 405 362 in'adibile
440 324 528 360 erat
563 334 647 374 prae
682 318 900 359 densarum
933 319 1120 373 veprium
1151 324 1192 360 et
1224 319 1447 374 spinarum,
1481 337 1555 364 nee
1586 339 1668 366 non

134 386 298 429 infinita
337 401 440 442 pene
477 386 671 427 silvarum
713 385 960 439 quantitate,
1003 401 1092 440 quae
1136 386 1272 427 locum
1314 388 1446 443 ipsum
1488 390 1669 445 undique

135 453 520 495 circumcinxerant.
583 452 645 493 At
679 452 754 493 viri
790 452 859 493 isti
891 457 1009 493 tanto
1045 451 1227 493 Domino
1260 453 1426 496 liberius
1456 456 1516 496 sui
1538 458 1670 499 famu-

135 521 245 562 latus
283 519 524 574 obsequium
560 518 868 573 impendebant,
911 524 1066 572 quanto
1107 519 1243 561 minus
1279 521 1444 575 aliquod
1475 524 1669 566 secularis

135 586 420 642 impedimenti
442 585 735 626 offendiculum
765 585 917 626 habere
944 585 1144 627 solebant.
1209 586 1502 642 Unusquisque
1528 605 1669 632 eorum

138 654 329 695 certatim
352 652 532 693 Domino
550 651 755 693 deservire
784 651 1038 702 decertabat,
1070 658 1111 693 et
1142 655 1367 707 praevenire
1397 660 1485 696 tam
1507 654 1548 696 in
1569 658 1670 713 vigi-

134 720 199 761 liis
232 735 355 774 quam
385 719 427 760 in
456 718 625 774 jejuniis
657 723 698 759 et
729 718 984 760 orati0nibus
1020 719 1124 760 alter
1159 720 1337 761 alterum
1372 722 1670 765 instantissime

135 787 365 828 laborabat.
428 786 576 827 Nullus
611 785 669 827 eis
700 785 804 827 alius
834 784 1022 826 minister
1054 785 1132 827 fuit
1165 787 1233 840 qui
1264 787 1419 842 aliquid
1450 788 1507 830 eis
1535 791 1670 832 solatii

136 854 220 896 sive
257 853 390 909 operis
419 853 636 900 intulerit;
671 852 743 893 sed
779 853 1053 893 contentionis
1088 853 1212 894 solius
1247 854 1465 909 singularis
1495 858 1671 899 materia

133 920 244 975 apud
276 935 344 961 eos
379 919 542 960 exstitit
576 919 665 973 quis
702 933 843 959 eornm
886 919 1004 960 alteri
1042 919 1174 974 magis
1210 921 1454 976 promptius,
1499 923 1670 967 celerius

133 992 257 1041 atque
278 986 507 1042 benignius,
538 985 749 1027 servitutis
771 984 951 1026 officium
973 985 1167 1027 exhibere
1188 988 1372 1042 paratior
1394 988 1406 1010 ¹
1421 988 1559 1033 fuerit.

132 1309 220 1334 CAP.
254 1308 327 1334 XII.
398 1309 515 1338 QUAM
563 1311 714 1336 SEDULE
756 1311 995 1337 AEGROTANTI
1044 1312 1191 1337 FRATRI
1236 1313 1576 1350 MINISTRAVERIT,
1623 1317 1671 1341 ET

191 1376 365 1402 SPIRITUI
397 1377 673 1412 EGREDIENTIS,
710 1378 792 1402 NISI
828 1378 912 1403 IPSE
945 1379 988 1403 ID
1024 1379 1215 1414 VIDISSET,
1249 1380 1373 1405 EXIRE
1418 1381 1666 1416 PROHIBU1T3

191 1442 268 1467 VEL
302 1443 347 1468 IN
379 1443 461 1472 QUA
493 1444 631 1469 FORMA
663 1444 855 1469 SPIRITUM
888 1445 981 1470 EJUS
1018 1430 1218 1471 VIDERIT.2

1155 1503 1170 1523 Ι

192 1543 210 1595 §
233 1543 417 1585 32.H1s
451 1548 492 1584 et
515 1541 799 1598 hujuscemodi
821 1543 989 1599 pietatis
1018 1545 1174 1587 exeniis
1199 1561 1285 1587 sese
1307 1548 1554 1590 alterutrum
1576 1565 1669 1592 con-

134 1609 249 1651 tinue
272 1616 313 1651 et
330 1609 513 1664 quotidie
535 1609 867 1665 praeveiiiebant3
904 1616 944 1652 et
967 1611 1024 1652 sic
1049 1612 1229 1653 Domino
1252 1613 1516 1657 devotissime
1538 1617 1671 1659 famu-

137 1676 273 1727 lando,
311 1677 495 1717 omnium
527 1691 713 1717 accessus
748 1677 977 1728 hominum,
1002 1678 1111 1732 quod
1133 1684 1221 1720 erat
1244 1680 1301 1721 010
1322 1681 1576 1734 facillimum,
1601 1685 1670 1725 de-

137 1743 339 1784 vitabant.
418 1743 468 1784 111
504 1743 578 1783 tali
617 1743 790 1797 denique
834 1744 977 1799 agonis
1008 1745 1232 1786 certamine
1273 1755 1573 1801 conversantes,
1627 1757 1668 1792 et

138 1824 224 1851 sese
244 1825 337 1850 cum
358 1809 471 1864 puris
503 1809 694 1850 manibus
724 1810 766 1850 in
794 1815 938 1851 sancta
951 1809 1111 1865 jugiter
1142 1813 1402 1865 extollentes,
1435 1831 1527 1857 raro
1548 1817 1670 1858 alicui

138 1876 350 1917 hominum
381 1876 484 1917 facie
517 1881 638 1917 tenus
670 1891 908 1930 comparare
942 1877 1157 1930 solebant;
1203 1894 1303 1933 quos
1333 1881 1366 1922 si
1402 1882 1506 1923 forte
1543 1884 1669 1938 aliqui

138 1943 336 1984 vidissent
370 1943 478 1984 inter
509 1943 666 1983 fruteta
698 1948 922 1997 reptantes,
957 1944 1152 1985 animalia
1176 1951 1216 1986 et
1252 1961 1335 1988 non
1366 1948 1552 1991 homines
1582 1950 1668 1992 fore

143 2010 361 2063 putabant.
433 2008 500 2050 Sic
534 2008 697 2050 biennio
733 2009 913 2064 expletO,
952 2009 1057 2052 3nisi
1101 2011 1234 2054 tribus
1264 2017 1430 2055 tantum
1461 2017 1671 2059 mensibus

182 2136 191 2156 ¹
214 2136 362 2182 Fuerit]
392 2136 486 2170 Thus
514 2136 669 2169 narrated
697 2137 732 2170 in
760 2137 817 2170 the
846 2150 1058 2184 anonymous
1086 2140 1229 2185 legend:
1258 2143 1282 2160 “
1301 2142 1453 2176 Tandem
1481 2144 1669 2180 solitarium

136 2183 303 2227 quendam
328 2195 522 2228 progressus
552 2183 680 2216 invenit
708 2184 741 2216 in
770 2184 845 2217 loco
869 2185 925 2229 qui
955 2186 1078 2219 dicitur
1096 2187 1345 2232 WVlsingeham.
1397 2189 1476 2235 Ipso
1503 2192 1605 2235 igitur
1635 2194 1668 2228 in

133 2230 340 2274 speluncam,
359 2230 416 2263 ubi
435 2241 538 2263 senex
558 2229 743 2273 habitabat,
762 2231 922 2275 ingresso,
941 2232 986 2265 ait
1005 2233 1077 2268 ille:
1106 2236 1115 2252 ⁶
1129 2234 1224 2267 Bene
1238 2236 1363 2279 venias,
1378 2236 1480 2270 frater
1491 2238 1638 2273 Godriee
1649 2241 1670 2282 ;’

134 2277 187 2309 cui
212 2276 396 2321 respondit,
425 2276 493 2309 ‘Et
515 2282 552 2309 tu
582 2276 667 2309 bene
697 2277 800 2319 vivas,
827 2284 921 2322 pater
940 2279 1120 2321 AEilrice3'
1146 2292 1223 2314 cum
1252 2282 1354 2326 igitur
1383 2289 1495 2316 essent
1523 2285 1668 2320 invicem

132 2328 230 2356 antea
247 2335 381 2368 prorsus
400 2322 515 2367 ignoti.
567 2322 663 2355 Tune
682 2323 716 2356 in
733 2330 869 2357 mutuos
887 2332 987 2358 ruunt
1004 2326 1194 2371 amplexus,
1214 2334 1246 2360 et
1264 2340 1334 2373 prae
1350 2329 1474 2373 gaudio
1492 2330 1669 2366 lacriman-

137 2375 202 2403 tur.
271 2369 366 2402 Tunc
397 2381 523 2403 senex:
560 2369 638 2402 ‘Ad
663 2369 727 2402 hoc
755 2382 789 2403 es
812 2371 961 2414 missus,⁷
992 2373 1112 2417 inquit,
1142 2377 1184 2406 ‘a
1212 2374 1296 2418 Deo,
1331 2382 1368 2408 ut
1395 2377 1524 2410 monita
1551 2378 1670 2413 salutis

135 2416 287 2459 edoceas,
307 2422 339 2449 et
357 2428 477 2461 eorpus
501 2415 565 2449 hoc
590 2415 695 2449 senile
721 2417 887 2462 sepelias.7
938 2419 981 2451 Et
1001 2419 1078 2453 ille:
1106 2420 1203 2464 ‘Ego
1229 2422 1341 2466 potius
1368 2434 1387 2454 a
1413 2428 1445 2455 te
1472 2425 1566 2468 quasi
1594 2432 1668 2471 tyro

135 2462 339 2496 erudiendus
357 2462 501 2496 adveni.’
553 2462 672 2506 Itaque
690 2462 751 2496 soli
779 2463 844 2496 duo
862 2465 1028 2510 incipiunt
1047 2477 1271 2510 commanere,
1289 2468 1416 2501 nullam
1436 2471 1572 2503 omnino
1591 2473 1670 2505 sub-

137 2510 296 2542 stantiam
324 2509 534 2554 possidentes
553 2515 672 2553 praeter
691 2509 854 2543 vilissima
872 2511 1082 2545 indumenta.
1133 2513 1284 2558 Uterque
1302 2514 1409 2548 laicus
1428 2522 1460 2548 et
1478 2516 1599 2551 litteris
1618 2519 1668 2552 in-

136 2555 297 2599 eruditus,
323 2556 378 2588 hic
398 2561 497 2589 aetate
514 2554 705 2599 mediocris,
731 2555 788 2589 ille
814 2557 926 2590 senior
951 2563 984 2590 et
1008 2559 1218 2603 grandaevus.
1268 2561 1379 2594 Senex
1411 2574 1487 2595 vero
1514 2563 1549 2595 in
1576 2566 1669 2599 curia

134 2601 248 2635 Sancti
265 2602 441 2635 Cuthberti
460 2601 501 2635 ab
519 2601 747 2635 adolescentia
758 2602 867 2636 fuerat
885 2603 971 2637 inter
988 2606 1172 2639 monachos
1190 2606 1353 2640 educatus
1368 2620 1376 2649 3
1403 2608 1515 2642 nullus
1533 2610 1581 2643 eis
1600 2618 1670 2645 erat

135 2648 289 2681 minister
306 2654 363 2681 aut
381 2648 503 2690 socius,
521 2647 581 2681 sed
598 2647 662 2692 ipsi
680 2649 835 2682 certatim
854 2649 990 2683 sibimet
1008 2651 1153 2685 invicem
1171 2653 1443 2687 ministrabant.⁷’

183 2695 195 2712 ²
221 2694 368 2740 Chapter
386 2694 473 2729 XII.
491 2695 525 2727 in
546 2694 594 2727 Η.

180 2741 193 2759 ³
215 2741 291 2774 Nisi
307 2740 439 2787 tribua]
467 2741 523 2774 An
542 2740 724 2785 important
742 2742 905 2775 variation
931 2743 959 2776 is
982 2743 1061 2777 here
1079 2744 1253 2778 furnished
1271 2746 1317 2790 by
1335 2746 1476 2781 Galfnd.
1531 2749 1669 2784 Instead

137 2786 174 2819 of
187 2787 244 2820 the
261 2788 377 2832 period
394 2794 491 2832 spent
508 2792 542 2820 at
555 2787 793 2832 Wolsingham
811 2788 912 2833 being
929 2801 992 2823 one
1010 2802 1089 2835 year
1106 2791 1172 2824 and
1190 2792 1268 2824 nine
1286 2792 1432 2836 months,
1451 2805 1488 2826 as
1506 2797 1615 2830 stated
1634 2798 1668 2831 in

137 2833 194 2866 the
212 2840 296 2876 text,
321 2834 364 2867 he
390 2846 478 2879 says,
498 2835 519 2852 ‘⁶
535 2833 785 2867 Cohabitabant
811 2835 925 2879 itaque
950 2836 1086 2870 biennio
1115 2844 1148 2870 et
1171 2849 1291 2870 novem
1318 2839 1528 2874 mensibus?
1581 2843 1668 2889 Cap-

137 2880 264 2923 grave's
290 2886 364 2913 text
389 2881 489 2913 omits
515 2879 582 2913 this
608 2892 760 2925 passage,
786 2881 851 2914 and
878 2882 988 2926 Roger
1012 2883 1053 2915 de
1073 2883 1267 2916 lVendover
1293 2891 1396 2918 states
1420 2885 1476 2919 the
1498 2889 1613 2933 period
1632 2891 1666 2924 in

139 2926 245 2958 round
263 2926 421 2959 numbers
439 2938 474 2959 as
492 2926 593 2970 being
611 2933 677 2959 two
695 2938 802 2971 years.
