1839 3186
550 221 609 252 ET
644 219 911 252 MIRACULIS
947 219 982 251 s.
1009 219 1228 252 GODRICI.
1574 213 1655 253 143

122 422 209 447 CAP.
234 422 350 447 Lxm.
411 421 613 451 QUALITER
650 420 807 448 SORORIS
844 422 930 447 sUAE
962 421 1153 447 SPIRITUM
1192 421 1316 446 INTER
1347 421 1447 447 DUos
1480 422 1658 450 ANGELos

182 489 347 513 vamT
382 488 432 513 Er
474 489 736 523 cocxovnmr,
776 489 824 513 ET
860 488 958 518 Qun)
995 488 1084 513 JPsA
1130 488 1215 513 CUM
1252 488 1352 513 1LL1s
1393 489 1657 516 ALTERNATIM

182 538 428 580 cneiNEm'r.¹

179 654 198 707 ᾗ
221 656 317 696 134.
351 655 511 695 VERUM
533 654 628 709 quia
641 659 732 695 tota
752 654 848 696 vitae
868 657 1019 695 nostrae
1032 652 1265 695 mortalitas
1284 653 1402 709 lapsu
1419 659 1653 710 temporum

123 725 185 762 est
209 721 366 762 incerta
390 721 580 771 varietas,
605 736 718 762 soror
739 720 870 761 2illius
892 721 1024 761 omnis
1050 721 1183 761 carnis
1202 715 1377 762 ³sortem
1399 727 1541 763 secuta
1563 728 1651 771 est3

123 792 164 828 et
185 793 361 829 mortem
389 788 564 838 subiens,
597 788 850 828 Dunelmum
879 787 1040 842 sepulta
1061 792 1138 828 est.
1209 787 1274 827 De
1302 786 1418 842 cujus
1456 788 1573 830 obitu
1596 789 1657 830 vir

122 854 202 895 Dei
243 854 466 908 plurimum
506 854 709 905 indoluit3
758 859 800 895 et
834 854 1142 907 quibuscunque
1182 854 1316 895 modis
1356 855 1506 909 potuit,
1545 856 1653 897 illius

122 920 313 975 spiritum
348 921 564 962 subvenire
587 921 784 962 decrevit.
855 920 983 961 Novit
1020 920 1187 974 quidem
1218 921 1328 975 quod
1363 926 1528 963 mortua
1559 938 1653 963 caro

113 986 204 1042 jam
226 1002 305 1027 non
330 992 574 1041 resurgeret,
597 1002 728 1040 neque
762 987 930 1041 spiritus
962 986 1087 1027 semel
1126 1001 1311 1041 egressus
1332 993 1429 1029 ante
1452 988 1561 1030 diem
1582 1004 1654 1030 no-

121 1053 334 1094 vissimum
363 1053 534 1108 corpori,
562 1068 641 1107 quo
681 1058 809 1093 exuta
840 1053 990 1101 fuerat,
1018 1068 1279 1106 nequaquam
1313 1069 1355 1095 se
1386 1054 1650 1104 infunderet;

120 1119 230 1173 quod
251 1119 360 1160 enim
385 1135 463 1173 quo
488 1119 650 1160 advixit
672 1119 833 1174 spiritui
869 1134 1029 1174 semper
1053 1134 1231 1173 superna
1252 1121 1473 1174 suspiranti
1495 1122 1652 1163 horrori

120 1185 321 1238 4exstitit,
337 1185 429 1241 jam
462 1187 642 1227 resoluto
675 1185 835 1241 spiritui
858 1186 1040 1240 optabile
1072 1200 1158 1226 esse
1191 1201 1273 1226 non
1298 1188 1448 1240 potuit.
1520 1188 1653 1229 Nocte

120 1251 247 1307 igitur
271 1258 312 1293 et
341 1252 406 1293 die
428 1268 453 1293 a
474 1252 657 1294 lacrimis
686 1257 728 1293 et
759 1252 1013 1293 orationibus
1040 1267 1123 1292 non
1157 1253 1357 1303 cessabat,
1396 1253 1466 1295 sed
1500 1254 1655 1296 instan-

120 1319 203 1360 tius
247 1319 366 1360 solito
407 1319 634 1360 Dominum
670 1335 744 1374 pro
781 1334 829 1360 ea
863 1319 1182 1374 interpellabat;
1215 1319 1325 1360 unde
1360 1335 1433 1374 pro
1466 1320 1552 1376 ejus
1584 1337 1654 1362 ex-

118 1385 300 1440 piatione
333 1387 492 1427 luctum
521 1390 561 1426 et
590 1386 767 1426 cinerem
798 1385 934 1426 induit
966 1391 1006 1426 et
1041 1385 1211 1440 pallium
1250 1386 1445 1437 moeroris,
1483 1393 1530 1428 ut
1567 1386 1653 1443 ejus

121 1451 282 1506 spiritui
326 1451 441 1493 fieret
485 1452 714 1493 remedium
747 1452 1049 1493 consolationis.
1121 1452 1369 1494 Postulabat
1407 1454 1573 1508 quidem
1604 1461 1651 1496 ut

122 1517 292 1559 Domini
310 1519 528 1560 clementia
552 1519 588 1559 ei
604 1520 858 1574 patefaceret
872 1518 970 1573 quid
993 1519 1072 1559 Dei
1085 1516 1245 1573 judicio
1266 1519 1316 1560 de
1338 1520 1482 1575 spiritu
1506 1522 1654 1563 sororis

117 1599 203 1626 suae
225 1585 383 1626 factum
418 1585 575 1627 fuisset.
646 1586 824 1626 Dicebat
855 1585 1021 1639 quidem
1046 1586 1155 1626 intra
1192 1600 1247 1635 se,
1283 1591 1308 1608 ‘⁴
1336 1586 1528 1642 Vigilans
1563 1604 1653 1643 per-

118 1652 296 1692 noctabo
319 1657 360 1693 et
384 1667 464 1692 non
486 1652 705 1707 quiescam,
730 1652 859 1693 donec
881 1652 1117 1707 egrediatur
1149 1653 1343 1707 splendor
1363 1654 1652 1695 misericordiae

121 1717 306 1767 Domini,
330 1724 371 1759 et
393 1718 494 1759 mihi
529 1719 683 1760 revelet
704 1719 835 1774 gloria
859 1718 939 1760 Dei
964 1719 1083 1772 quale
1114 1718 1167 1760 sit
1195 1718 1400 1774 judicium
1433 1721 1483 1761 de
1514 1722 1653 1762 anima

119 1785 267 1826 sororis
289 1786 394 1827 servi
418 1785 532 1826 Sui.''
594 1786 699 1826 Haec
720 1791 762 1826 et
782 1784 846 1826 his
867 1800 1006 1827 secum
1043 1785 1192 1826 similla
1230 1787 1380 1841 saepius
1407 1787 1583 1839 dicebat,
1610 1794 1651 1829 et

119 1850 289 1892 Domini
314 1852 634 1893 misericordiam
656 1867 729 1907 pro
752 1867 801 1892 ea
823 1850 983 1907 jugiter
1004 1852 1238 1902 invocabat,
1270 1857 1311 1893 et
1333 1853 1474 1894 Beatae
1500 1855 1650 1895 Mariae

121 1917 273 1959 Matris
296 1918 464 1959 Domini
485 1918 721 1973 frequenter
751 1918 1000 1973 implorabat
1035 1919 1251 1967 auxilium,
1288 1935 1366 1973 quo
1398 1936 1471 1975 pro
1504 1921 1650 1976 spiritu

118 1985 266 2025 sororis
310 2000 392 2026 suae
428 2000 568 2040 preces
603 1990 692 2026 tam
730 1985 869 2027 sedule
900 2000 974 2040 pro
1009 1999 1057 2025 ea
1089 1985 1238 2026 effusas
1268 1986 1510 2028 admitteret
1542 1989 1651 2029 intra

118 2051 341 2092 sacrarium
365 2052 653 2102 exauditionis,
691 2057 732 2093 et
765 2046 832 2093 ⁵ut
864 2052 901 2092 ei
936 2066 1125 2106 supernae
1156 2057 1385 2106 reportaret
1416 2054 1650 2095 antidotum

117 2117 473 2159 reconciliat-ionis.
545 2118 805 2173 Prospiciens
839 2118 1013 2172 denique
1046 2133 1098 2159 ex
1134 2118 1219 2159 alto
1250 2119 1455 2161 Dominus
1487 2122 1650 2175 quantis

117 2198 257 2225 servus
282 2183 385 2240 Ejus
405 2184 651 2240 fatigaretur
670 2185 955 2240 angustiarum
976 2185 1310 2236 desolationibus,
1334 2186 1464 2228 Voluit
1485 2203 1648 2229 omnem

113 2248 236 2305 hujus
258 2250 408 2292 doloris
443 2251 656 2293 lacrimam
687 2252 739 2293 ab
771 2252 899 2293 oculis
924 2250 1011 2306 ejus
1034 2257 1261 2307 extergere,
1296 2257 1336 2294 et
1372 2254 1479 2296 tanti
1513 2254 1649 2297 luctus

117 2316 278 2358 dolores
300 2317 369 2372 pia
387 2318 677 2360 consolationis
698 2318 835 2373 gratia
856 2319 1053 2360 refovere,

115 2409 210 2455 plura
224 2410 360 2454 diceret,
380 2411 536 2455 cognovit
554 2412 587 2444 in
606 2412 726 2457 spiritu
744 2412 834 2457 quod
853 2418 942 2446 esset
958 2412 1073 2446 anima
1098 2412 1160 2446 sibi
1179 2413 1356 2447 familiaris
1374 2413 1454 2447 olim
1472 2420 1648 2458 matronae,

116 2468 190 2501 quae
215 2457 345 2490 solebat
363 2469 440 2490 011111
458 2458 649 2502 frequenter
667 2459 803 2492 visitare
829 2459 909 2492 dum
928 2459 1065 2503 viveret,
1082 2471 1142 2504 pro
1161 2471 1226 2504 qua
1252 2459 1364 2493 Deum
1391 2472 1479 2506 saepe
1509 2461 1648 2494 intentis

114 2503 270 2548 precibus
288 2504 460 2537 exorabat.
511 2504 574 2538 Illa
590 2506 817 2550 pertransiens
835 2505 955 2539 cellam
974 2517 1044 2539 suae
1062 2506 1183 2539 sororis
1201 2506 1342 2550 introiit,
1356 2513 1457 2552 atque
1474 2508 1648 2553 disparuit.

116 2549 179 2583 Ille
209 2550 418 2595 subsequens
447 2562 467 2584 a
493 2563 605 2585 sorore
630 2552 784 2597 quaesivit
821 2552 918 2599 [MS.
946 2564 1021 2597 quae
1046 2551 1152 2599 sieut]
1183 2565 1226 2586 an
1256 2553 1319 2586 hoc
1350 2555 1504 2599 apparuit
1533 2554 1563 2587 ei
1579 2567 1587 2595 ;
1614 2560 1647 2587 et

115 2595 173 2629 illa
190 2608 225 2630 se
243 2596 327 2630 nihil
346 2597 469 2631 vidisse
488 2598 632 2631 dicebat.
681 2598 843 2632 Similiter
861 2605 894 2632 et
911 2605 1062 2644 pastores
1088 2599 1239 2644 inquisiti
1266 2611 1366 2645 super
1382 2601 1446 2634 hoe
1464 2600 1645 2645 responde-

114 2648 204 2676 runt.
239 2643 415 2677 Intellexit
432 2644 534 2689 igitur
552 2656 624 2678 eam
644 2657 717 2679 esse
729 2657 748 2678 a
762 2645 967 2679 cruciatibus
984 2645 1160 2679 liberatam
1175 2659 1184 2688 ;
1211 2652 1243 2679 et
1262 2646 1432 2691 ingressus
1450 2647 1644 2680 oratorium

113 2689 238 2733 gratias
256 2690 324 2734 egit
342 2690 451 2723 Deo.’'
477 2691 589 2725 Anon.
610 2691 706 2725 Harl.
726 2691 874 2736 Legend.

161 2736 171 2755 ¹
199 2735 346 2780 Chapter
364 2736 461 2771 LXI.
480 2737 514 2770 in
532 2737 589 2771 the
609 2737 704 2771 Harl.
723 2737 799 2772 MS.
1073 2738 1087 2759 2
1105 2737 1234 2785 Illius]
1262 2738 1337 2772 Viri
1356 2739 1434 2780 Dei,
1457 2738 1504 2773 H.

162 2781 174 2799 ³
191 2781 317 2815 Sortem
342 2788 450 2816 secuta
474 2783 549 2830 est]
592 2784 666 2817 The
690 2790 834 2817 account
858 2785 957 2829 given
981 2785 1028 2830 by
1051 2785 1225 2818 Galfridus
1251 2785 1404 2818 contains
1430 2797 1523 2818 some
1548 2786 1643 2819 addi—

114 2827 218 2861 tional
239 2828 452 2862 information
472 2830 584 2864 which
601 2831 629 2864 is
647 2831 752 2863 worth
778 2832 982 2876 prcserving.
1031 2833 1053 2851 ‘⁶
1067 2831 1173 2864 Bonae
1198 2831 1439 2865 recordationis
1456 2832 1557 2865 frater
1575 2833 1642 2866 Ra-

114 2873 226 2907 dulfus
248 2874 533 2920 eleemosynarius
559 2888 633 2909 eam
652 2877 686 2909 in
705 2877 914 2910 Dunehnum
933 2877 1115 2920 transtulit,
1134 2877 1190 2910 ubi
1216 2877 1289 2922 ipsa
1306 2877 1339 2910 in
1359 2878 1458 2911 domo
1482 2878 1641 2924 hospitali

111 2919 240 2964 reliquo
265 2920 395 2954 dierum
421 2933 557 2955 suorum
576 2928 741 2968 tempore,
763 2924 796 2956 111
823 2924 1001 2957 sanctitate
1023 2930 1055 2956 ct
1073 2923 1228 2956 castitate
1255 2924 1433 2969 completo,
1456 2925 1555 2958 beato
1572 2925 1640 2959 fine

112 2966 274 3010 quievit.''
301 2967 318 3012 ξ
338 2970 392 3001 29.
504 2970 514 2987 ⁴
535 2968 708 3014 Ecstitza]
734 2970 824 3012 Fuit,
847 2969 893 3003 H.
1037 2971 1049 2989 ⁵
1075 2970 1119 3003 Ut
1137 2969 1195 3014 αἶ]
1222 2970 1262 3003 Ei
1282 2976 1476 3016 reportaret,
1499 2972 1545 3005 H.
