1839 3186
560 221 618 251 ET
653 220 918 251 MIRACULIS
951 219 986 251 s.
1013 219 1232 251 GODRICI.
1570 209 1643 248 15]

119 324 349 378 gravissimi
383 324 533 365 doloris
577 324 809 364 toxicatum
853 322 1003 364 inflixit
1041 324 1244 364 aculeum.
1315 324 1402 364 Nec
1446 325 1650 366 credimus

121 391 297 444 amplius
320 389 405 445 ejus
440 391 527 444 ipso
558 391 599 431 in
620 390 709 430 loco
743 391 779 431 ei
815 390 1066 431 consimilem
1094 395 1386 440 surrecturum,
1410 392 1478 444 qui
1503 392 1563 431 ita
1583 392 1650 445 pio

123 456 318 497 doctrinae
344 457 539 497 solamine
559 457 700 512 possit,
724 457 788 497 vel
809 457 983 506 noverit,
1018 455 1328 498 infirmitatibus
1358 459 1537 512 compati
1569 458 1650 499 sin-

120 522 351 576 gulorum.”
413 523 529 564 Tunc
549 524 610 564 vir
631 523 722 574 Dei,
745 527 768 544 ‘⁶
784 522 841 564 Et
863 522 1025 577 quando
1042 523 1105 563 vir
1124 523 1190 563 ille
1213 524 1471 564 venerandus
1486 524 1587 565 obiit
1603 522 1647 563 ?’'

122 588 185 629 At
207 589 286 639 ille,
312 594 337 611 “
360 590 540 639 Pridie,”
565 590 711 644 inquit,
747 593 771 611 ‘⁶
791 589 983 630 domne.”
1045 589 1137 630 1Ad
1173 605 1261 643 quae
1297 605 1518 645 parumper
1553 591 1648 632 sub-

118 655 257 697 ridens
278 655 358 706 ille,
390 660 412 678 ‘⁶
436 656 498 696 Re
522 656 660 706 verass'
693 656 839 709 inquit,
875 660 899 678 ‘⁶
918 671 999 696 non
1020 655 1165 710 pridie,
1193 657 1264 696 sed
1286 655 1501 710 ²perendie
1522 675 1532 706 ς
1572 672 1647 698 1166

118 722 198 763 diei
219 723 357 763 lumen
379 721 465 777 ejus
485 723 658 778 urgebat
691 723 862 771 obitum,
886 723 958 763 sed
986 722 1122 776 potius
1152 723 1284 764 noctis
1313 723 1546 778 incipientis
1577 739 1647 764 ex-

116 788 278 829 ordium
314 788 399 844 ejus
432 790 621 843 spiritum
653 789 923 843 compellebat
951 789 1005 829 ad
1027 789 1199 829 exitum.
1261 789 1371 830 Nam
1407 790 1506 831 dum
1537 790 1646 831 3cre-

116 855 275 909 pusculi
289 855 559 909 primordium
574 856 707 897 noctis
725 855 866 897 fuisset
888 855 1067 905 initium,
1089 856 1289 897 naturalis
1305 856 1476 897 nubium
1501 857 1647 898 obscu-

117 921 217 962 ritas
254 921 335 962 diei
378 922 531 962 claram
572 922 807 976 lampadem
843 922 1056 976 sepelivit3
1111 927 1152 962 et
1189 927 1288 963 tunc
1328 922 1449 964 Prior
1485 923 1552 964 ille
1594 924 1645 964 de

113 988 307 1042 praesenti
342 988 477 1029 seculo
508 1003 684 1042 nequam
717 988 771 1029 ad
807 1003 982 1042 superna
1012 988 1166 1042 gaudia
1200 990 1523 1044 transmigravit.
1587 989 1645 1031 Et

114 1069 188 1108 pro
210 1059 322 1094 certo
343 1054 426 1095 scio
447 1054 557 1108 quod
578 1055 716 1095 anima
745 1054 815 1095 illa
843 1059 1006 1094 aeternae
1031 1054 1230 1095 claritatis
1262 1056 1414 1109 gaudia
1446 1056 1641 1110 possidet,

115 1125 156 1160 et
177 1120 285 1161 inter
305 1120 548 1161 candidatos
569 1121 788 1175 spirituum
815 1126 943 1161 coetus
975 1120 1281 1175 inexplicabilia
1302 1122 1541 1162 laetitiarum
1564 1123 1643 1163 col-

114 1186 221 1240 legia
249 1185 420 1228 4171(11ἰ.”
481 1186 553 1227 Ad
587 1186 696 1241 quod
730 1187 811 1237 ille,
851 1191 878 1211 “
901 1186 1064 1227 Domne
1096 1187 1154 1227 mi
1191 1194 1323 1241 pater,
1358 1189 1562 1241 quomodo
1600 1189 1645 1230 id

114 1253 221 1293 tanti
243 1253 388 1294 secreti
410 1254 655 1308 mysterium
691 1253 919 1308 cognovisti
935 1253 972 1294 '3⁹'
1036 1253 1153 1294 Tunc
1189 1253 1269 1303 ille,
1309 1259 1333 1276 “
1357 1254 1477 1295 Hora
1498 1256 1643 1296 eadem

113 1334 194 1372 qua
214 1319 382 1373 spiritus
402 1318 489 1374 ejus
518 1319 567 1360 de
602 1335 769 1374 corpore
804 1319 1072 1374 corruptibili,
1098 1320 1277 1360 Domino
1293 1319 1478 1376 ι1111161116,
1504 1322 1643 1377 egredi

112 1385 276 1436 meruit,
298 1386 421 1427 miser
443 1385 646 1428 Godricus
678 1386 868 1441 spiritum
891 1386 1161 1441 emigrantem
1182 1386 1290 1428 illius
1311 1388 1523 1442 agnovit.''
1583 1388 1642 1430 Et

112 1451 223 1503 civis,
266 1455 289 1474 “
312 1452 528 1504 Quomodo
563 1453 629 1493 hic
662 1453 819 1507 positus
850 1453 891 1493 111
922 1458 1034 1493 terra
1066 1453 1144 1493 hac
1174 1453 1332 1503 humili,
1365 1459 1453 1495 tam
1484 1455 1570 1496 alta
1600 1460 1642 1496 et

111 1518 229 1573 longe
269 1518 405 1573 posita
445 1519 525 1559 Dei
564 1519 769 1560 mirabilia
809 1519 947 1560 Videre
988 1520 1186 1574 potuisti?
1259 1520 1371 1561 Num
1411 1521 1464 1562 ab
1505 1522 1644 1576 aliquo

109 1584 322 1626 hominum
357 1591 453 1626 ante
485 1601 625 1627 meum
664 1586 890 1627 adventum
924 1585 999 1626 ⁵de
1032 1586 1148 1627 obitu
1181 1587 1289 1628 illius
1319 1588 1537 1642 quicquam
1570 1604 1641 1630 au-

110 1650 267 1692 disti?”
340 1651 576 1693 Mirabatur
597 1652 763 1706 quidem
790 1652 852 1693 vir
888 1653 955 1694 1116
988 1653 1098 1694 intra
1133 1668 1174 1694 se
1203 1654 1408 1707 quomodo
1440 1655 1483 1695 id
1513 1670 1639 1710 agno-

112 1717 229 1766 verit,
253 1719 348 1772 quia
368 1718 500 1759 tribus
522 1719 665 1760 diebus
699 1724 796 1759 ante
819 1720 987 1769 exactis,
1021 1734 1141 1760 nemo
1172 1720 1337 1774 penitus
1357 1721 1412 1761 ad
1433 1720 1520 1776 ejus
1556 1722 1641 1763 col-

113 1784 250 1837 loquia
270 1785 463 1825 accedere
490 1785 695 1827 ullatenus
717 1786 953 1833 consuevit3
992 1801 1040 1826 ac
1068 1790 1167 1826 tune
1199 1786 1286 1827 dies
1325 1792 1412 1827 erat
1451 1787 1638 1838 Sabbati,

112 1848 154 1889 in
175 1865 256 1903 qua
275 1850 329 1891 ad
350 1866 444 1891 eum
465 1851 631 1892 veniens
651 1852 753 1892 hora
779 1851 916 1905 aliqua
936 1852 1046 1906 loqui
1066 1867 1159 1892 cum
1181 1852 1249 1892 illo
1271 1853 1499 1907 praevaluit.
1566 1854 1639 1895 Ad

114 1931 203 1970 quae
225 1916 287 1958 vir
309 1917 400 1968 Dei,
427 1921 451 1939 “
476 1917 526 1958 In
547 1918 735 1967 veritate,
759 1917 828 1967 fili,
852 1917 943 1973 jam
966 1918 1053 1959 dies
1087 1923 1263 1972 quatuor
1288 1924 1383 1960 sunt
1419 1921 1555 1961 exacti
1586 1936 1638 1962 ex

110 1997 189 2036 quo
226 1983 433 2024 neminem
470 1984 635 2025 omnino
666 1984 878 2025 hominum
906 1984 1020 2032 vidi;
1056 1990 1097 2025 et
1133 1985 1336 2038 quomodo
1372 1985 1414 2026 id
1449 1987 1636 2038 viderim,

109 2048 186 2089 tibi
226 2049 432 2103 explicare
473 2065 557 2091 non
594 2051 736 2099 valeo;
780 2051 853 2092 sed
894 2067 982 2105 quae
1020 2051 1096 2092 tibi
1130 2051 1230 2100 dixi,
1277 2050 1506 2094 firmissime
1539 2069 1638 2095 vera

110 2114 234 2156 fuisse
260 2130 486 2170 cognosco;
522 2121 563 2157 et
585 2116 695 2171 quod
722 2117 864 2159 dixisti
897 2117 1041 2172 pridie,
1065 2132 1208 2159 verum
1229 2118 1371 2159 dixisti
1394 2119 1444 2160 de
1464 2119 1528 2161 die
1551 2119 1637 2176 ejus

111 2181 343 2235 sepulturae,
380 2187 424 2223 at
465 2187 606 2224 tamen
643 2184 880 2238 crepusculo
912 2183 1106 2239 perendie
1147 2184 1320 2239 contigit
1355 2185 1472 2226 illum
1505 2186 1636 2228 vitam

109 2245 265 2288 finire.''
328 2248 450 2300 Quod
475 2249 646 2291 audiens
681 2250 780 2292 civis
811 2250 890 2300 ille,
920 2251 1112 2305 cognovit
1148 2251 1338 2305 spiritum
1372 2252 1638 2294 multiformis

110 2313 378 2367 praescientiae
399 2315 441 2355 in
464 2315 544 2356 Dei
565 2331 682 2357 servo
706 2316 885 2357 Godrico
906 2311 1162 2358 6consistere.

156 2406 165 2425 ¹
183 2406 240 2439 Ad
255 2407 351 2452 qma]
376 2407 432 2440 Ad
450 2420 525 2452 quae
543 2409 731 2453 subridens,
754 2409 800 2443 H.

157 2452 170 2471 ²
190 2452 380 2499 Pereuntia]
408 2453 485 2487 MS.
510 2455 705 2499 perhendie.
756 2456 829 2489 The
854 2455 946 2489 word
971 2456 999 2489 is
1024 2456 1104 2489 here
1129 2457 1346 2503 erroneously
1363 2458 1446 2491 used
1471 2458 1517 2503 by
1534 2458 1636 2502 Regi-

111 2498 213 2540 nald3
238 2499 265 2531 it
289 2511 406 2533 means
431 2500 488 2533 the
514 2501 580 2546 day
604 2501 689 2534 after
713 2507 918 2545 to-morrow‚
948 2509 1006 2535 not
1032 2503 1090 2536 the
1116 2502 1182 2548 day
1205 2503 1319 2536 before
1344 2504 1535 2549 yesterday.
1592 2504 1637 2537 So

113 2545 212 2589 again
230 2545 408 2590 employed
424 2546 470 2590 by
487 2546 569 2591 him,
597 2547 718 2581 Libell.
736 2548 777 2581 de
794 2549 816 2581 S
842 2548 968 2583 Cuthb.
985 2561 1019 2594 p.
1036 2551 1112 2584 101.

157 2591 171 2611 ³
192 2590 413 2638 Crepusculi]
444 2592 511 2635 H.;
531 2594 777 2638 crepusculum,
799 2595 842 2628 Β.
1124 2596 1136 2614 ⁴
1162 2595 1281 2642 Vidit]
1310 2596 1426 2640 Videt,
1447 2596 1495 2629 H.

158 2637 171 2656 ⁵
192 2637 246 2670 De
264 2637 384 2684 obitu]
413 2638 465 2672 De
482 2641 555 2683 ejus
573 2640 668 2673 obitu
685 2640 786 2684 illius,
808 2641 851 2675 Β.

156 2683 169 2702 ‘⁵
189 2682 402 2730 Consistere]
429 2685 473 2718 So
498 2685 556 2719 the
582 2686 743 2719 Harleian
769 2687 1023 2732 abridgement:
1050 2688 1236 2732 “Rogerus
1262 2688 1358 2721 Prior
1383 2687 1636 2732 Dunelmensis,

111 2728 160 2761 vir
177 2740 308 2773 magnae
334 2730 515 2775 religionis,
535 2738 568 2765 et
585 2733 673 2777 apud
697 2733 852 2767 homines
876 2734 1053 2778 gratiosus,
1071 2734 1106 2767 in
1132 2740 1305 2767 senectute
1330 2734 1418 2767 bona
1442 2734 1574 2767 transiit
1592 2746 1636 2768 ex

112 2774 176 2807 hoc
194 2775 334 2808 mundo.
386 2777 487 2810 Unde
512 2778 636 2812 multos
654 2779 723 2812 fere
739 2780 991 2813 inconsolabilis
1017 2780 1111 2813 dolor
1135 2781 1259 2822 affecit,
1278 2792 1419 2824 quorum
1437 2792 1535 2823 unus,
1553 2781 1637 2814 civis

114 2820 250 2864 quidam
277 2821 527 2867 Dunelmensis,
554 2824 607 2857 die
633 2831 750 2869 quarto
768 2827 858 2859 venit
876 2826 918 2859 ad
944 2838 1104 2869 eremum,
1123 2833 1156 2859 et
1174 2826 1358 2859 Godricum
1385 2826 1432 2859 ita
1457 2826 1637 2871 compella-

111 2872 166 2899 tur
182 2878 189 2900 :
218 2868 226 2884 ‘
242 2867 340 2900 Pater
356 2869 415 2912 mi,
433 2875 467 2902 te
484 2870 669 2914 ignorante,
687 2883 792 2916 nuper
816 2884 916 2915 grave
942 2872 1155 2917 dispendium
1180 2873 1270 2917 passi
1289 2884 1416 2915 sumus,
1435 2873 1524 2917 quod
1542 2873 1637 2906 dom-

116 2924 178 2946 nus
208 2912 302 2947 Prior
332 2914 572 2950 Dunelmensis
598 2916 755 2951 humanis
788 2918 888 2952 rebus
915 2918 1094 2952 discessit?
1158 2918 1254 2952 Tunc
1280 2918 1338 2952 ille
1366 2919 1543 2953 subridens
1569 2920 1640 2954 ait;
