1839 3186
171 206 196 246 6
753 218 1116 250 ARGUMENTUM.

1500 290 1696 312 CAPITULUM

228 345 323 370 eum
345 330 527 381 alliserit,
552 336 592 372 et
614 335 738 372 noctu
764 331 951 385 sequenti
975 331 1109 372 Priori
1131 345 1204 386 pro
1236 329 1403 372 consilio
1425 345 1496 371 suo

230 395 403 438 illuserit
633 430 642 439 .
848 432 856 439 .
1060 431 1069 440 .
1275 430 1283 438 .
1454 411 1456 414 ’
1488 430 1497 438 .
1521 395 1697 453 xxxviij.

174 463 362 517 Qualiter
382 463 630 506 silvestrium
654 463 893 506 animalium
923 464 1080 506 rabiem
1111 464 1354 515 edomuerit,
1377 479 1426 506 ac
1447 464 1498 506 de

230 530 351 572 horto
373 545 445 573 suo
467 546 515 572 ea
534 531 705 587 imperio
724 531 809 573 solo
830 532 1055 587 propulerit

175 597 343 650 Quanta
363 598 518 653 pietate
540 597 650 639 circa
670 598 795 640 bruta
820 598 1047 640 animantia
1070 598 1219 641 ductus
1247 598 1312 649 sit,
1337 602 1377 639 et
1402 613 1500 653 qua-

231 664 326 705 liter
347 680 395 706 ea
415 664 567 720 saepius
592 665 642 706 de
665 665 855 706 manibus
877 664 1158 720 diripientium
1180 664 1375 721 eripuerit

175 730 240 772 De
263 731 443 773 Puerulo
465 747 587 786 quem
619 731 669 772 de
700 746 769 772 ore
797 730 992 773 Crucifixi
1023 732 1161 787 egredi
1193 731 1420 786 conspexit,
1452 746 1500 772 ac

229 797 405 852 qualiter
439 798 479 839 in
514 797 671 853 gremio
704 797 895 853 imaginis
928 797 1092 839 Sanctae
1127 799 1273 839 Mariae
1308 813 1500 839 conscen-

232 865 339 906 derit
1280 897 1288 906 .

176 931 241 972 De
264 931 393 973 Gruce
418 936 565 972 aurata
585 946 708 986 quam
729 930 897 985 quidam
919 931 1089 974 caelator
1110 931 1146 973 ei
1166 931 1316 974 obtulit
1334 949 1345 979 ς
1374 930 1498 986 quali-

230 1003 294 1039 ter
318 998 428 1053 quod
450 998 485 1039 ei
508 998 749 1053 praedixerit
772 998 915 1039 eadem
938 998 1003 1039 die
1025 999 1275 1054 completum
1297 998 1350 1040 sit

176 1064 393 1117 Quomodo
424 1065 590 1119 quidam
618 1064 809 1106 malevoli
837 1065 872 1106 ei
900 1065 1118 1108 commissa
1146 1064 1400 1107 decreverint
1432 1064 1500 1106 de-

231 1131 458 1186 praedando
486 1131 625 1181 furari,
654 1131 725 1173 sed
756 1136 846 1173 tota
871 1138 993 1174 nocte
1024 1132 1310 1182 discurrentes,
1342 1132 1384 1173 in
1411 1132 1500 1173 loco

231 1198 403 1253 pristino
425 1204 520 1240 sunt
541 1199 698 1241 inventi

177 1265 366 1318 Qualiter
400 1261 569 1307 insidias
601 1265 752 1307 diaboli
783 1281 990 1321 praenosse
1024 1265 1293 1317 consueverit,
1330 1269 1371 1307 et
1404 1280 1500 1319 quo-

231 1332 356 1373 modo
377 1331 412 1373 ei
436 1332 597 1373 daemon
617 1348 820 1388 apparens
844 1332 1034 1375 detectus
1054 1333 1108 1375 sit

176 1398 364 1451 Qualiter
385 1414 583 1454 aquarum
605 1399 782 1455 plurima
812 1399 1028 1441 inundatio
1050 1399 1195 1441 cellam
1221 1397 1307 1455 ejus
1329 1398 1503 1440 circum-

234 1464 394 1506 dederit
418 1470 542 1520 atque
564 1466 831 1521 cooperuerit,
857 1482 931 1508 nec
952 1472 1092 1508 tamen
1116 1466 1251 1521 ipsum
1272 1471 1345 1507 aut
1366 1465 1502 1520 aliqua

232 1531 341 1574 illius
361 1532 639 1583 madefecerit,
662 1534 727 1574 vel
748 1533 913 1584 laeserit,
936 1534 1001 1576 vel
1023 1533 1241 1588 contigerit
1274 1564 1283 1574 .

176 1598 366 1652 Qualiter
387 1599 573 1641 diabolus
597 1615 718 1654 super
745 1600 879 1655 specie
900 1600 978 1642 viri
1005 1600 1255 1655 apparuerit,
1281 1604 1322 1640 et
1343 1598 1502 1640 monita

234 1665 271 1706 ei
294 1665 433 1707 divina
457 1665 668 1721 proposuit
684 1683 694 1714 ;
713 1660 771 1708 ἐὑ
802 1671 956 1708 terram
986 1667 1095 1708 illius
1130 1666 1339 1717 effodiens,
1362 1681 1386 1707 a
1417 1666 1502 1708 viro

233 1732 314 1773 Dei
336 1732 501 1774 delusus
521 1732 574 1774 sit
634 1765 642 1774 .

175 1798 363 1852 Qualiter
381 1798 707 1840 tintinnabulum
729 1797 816 1856 ejus
833 1799 985 1854 absque
1007 1799 1117 1840 omni
1135 1799 1304 1841 alterius
1320 1798 1499 1854 impulsu

233 1881 307 1921 per
329 1881 369 1907 se
392 1866 539 1921 saepius
562 1866 755 1917 insonuit,
782 1871 823 1908 et
843 1867 988 1908 horam
1010 1866 1138 1908 divini
1161 1866 1295 1908 Officii
1317 1866 1403 1907 viro
1423 1864 1503 1905 Dei

233 1932 440 1974 declarare
461 1933 672 1975 consuevit

177 1998 365 2051 Qualiter
385 1999 448 2040 bis
482 1999 661 2054 impetus
686 2014 802 2054 aquae
833 1998 1041 2041 saevientis
1068 1998 1286 2054 effregerit,
1315 2003 1356 2039 et
1388 1997 1504 2052 signo

234 2064 377 2106 Crucis
404 2065 659 2120 interposito,
690 2081 769 2120 quo
792 2066 967 2108 voluerit
1003 2080 1071 2107 eas
1101 2065 1214 2106 abire
1241 2063 1499 2120 compulerit,

231 2145 307 2172 nec
331 2131 440 2172 horti
462 2131 524 2173 sui
545 2131 742 2173 terminos
761 2131 968 2187 praeterire
989 2131 1221 2187 permiserit
1273 2162 1282 2173 .

178 2196 365 2250 Qualiter
391 2196 525 2239 Scotti
555 2198 690 2240 virum
715 2198 796 2239 Dei
824 2197 962 2253 flagris
995 2198 1208 2239 caedebant
1224 2215 1234 2246 ;
1252 2218 1254 2221 ·
1270 2196 1341 2239 sed
1363 2196 1502 2239 divina

233 2263 389 2305 ultione
405 2264 598 2319 percussi,
615 2264 751 2306 subita
772 2264 958 2320 passione
976 2264 1121 2306 mortis
1141 2264 1291 2319 probra
1311 2263 1502 2318 suscipie-

231 2330 333 2371 bant
631 2364 640 2373 .

176 2396 364 2449 Qualiter
391 2396 525 2438 Beata
553 2396 633 2438 Dei
663 2396 865 2438 Genetrix
899 2397 1037 2438 Maria
1074 2412 1167 2438 cum
1199 2396 1333 2437 Beata
1365 2396 1504 2437 Maria

234 2462 489 2518 Magdalena
525 2463 561 2504 ei
594 2463 809 2505 visibiliter
844 2463 1048 2518 apparuit,
1086 2468 1127 2504 et
1163 2478 1256 2504 eum
1295 2463 1501 2504 canticum

232 2544 326 2570 cum
348 2528 497 2570 cantici
519 2529 646 2584 ipsius
666 2530 772 2570 melo
797 2529 960 2571 edocuit

176 2595 364 2648 Qualiter
383 2595 552 2637 brutum
574 2596 726 2637 animal
748 2595 857 2637 illius
878 2596 1223 2650 obtemperaverit
1243 2595 1435 2650 imperiis,
1459 2600 1500 2636 et

232 2677 392 2716 semper
414 2662 524 2703 horis
548 2662 877 2717 competentibus
897 2662 951 2703 ad
972 2677 1124 2716 pascua
1148 2661 1278 2702 exivit

176 2728 363 2780 Qualiter
378 2743 504 2770 vacca
517 2728 593 2769 viri
610 2728 690 2769 Dei
707 2728 877 2769 saeviens
898 2728 1115 2783 puerulum
1138 2728 1173 2769 ei
1194 2727 1497 2769 ministrantem

230 2794 420 2835 cornibus
441 2794 675 2849 exceperit3
710 2795 782 2835 sed
813 2809 907 2835 eum
939 2794 1086 2836 laedere
1117 2809 1197 2835 non
1229 2808 1495 2851 praesumens,

231 2860 284 2900 ad
307 2875 468 2901 servum
492 2861 571 2901 Dei
593 2861 707 2901 illum
733 2861 927 2901 detulerit

176 2925 362 2978 Qualiter
386 2926 447 2968 vir
469 2926 547 2967 Dei
568 2927 609 2967 in
632 2927 733 2968 cella
756 2927 937 2968 residens
959 2926 1061 2968 duos
1081 2927 1211 2981 pisces
1244 2925 1283 2965 in
1313 2925 1500 2968 alveariis

1490 564 1499 573 .
1546 530 1697 572 xxxix.

1643 664 1700 706 xl.

1627 862 1700 920 xlj.

1611 995 1699 1052 xlij.

1595 1197 1681 1255 xliij
1690 1229 1699 1239 .

1601 1331 1700 1372 xliv.

1616 1531 1700 1573 xlv.

1601 1729 1702 1787 xlvj.

1586 1928 1701 1986 xlvij.

1567 2128 1698 2186 xlviij.

1592 2329 1698 2371 xlix.

1639 2857 1696 2914 lij.
