1839 3186
516 216 575 246 ET
609 216 874 249 MIRACULIS
911 217 946 249 s.
971 217 1186 250 Gonmcr.
1542 211 1622 251 125

86 422 174 447 CAP.
209 422 289 446 LIV.
351 422 402 446 DE
438 420 595 446 SPIRITU
627 420 778 445 MATRIS
811 420 897 446 SUAE
933 421 1047 449 QUEM
1080 421 1253 447 SANCTUS
1283 423 1495 449 JOHANNEs
1527 425 1622 449 ΒΑΡ-

143 489 252 514 TISTA
288 489 327 513 EI
368 488 576 522 OSTENDIT,
616 487 730 516 QUEM
775 487 965 513 PRECIBUS
996 488 1045 513 AC
1082 488 1271 514 LACRIMIS
1309 490 1539 517 MERCATUM
1571 492 1623 516 DE

144 556 249 581 LOCIS
279 555 517 581 POENALIBUS
548 555 656 579 ERIPI
688 538 977 579 IMPETRAVIT.l

146 654 288 709 §11ss
338 655 445 695 Posr
479 654 663 696 diuturni
697 654 840 710 agonis
868 654 1056 709 longiora
1085 655 1324 705 certamina,
1360 656 1534 711 contigit
1572 662 1620 698 ut

86 728 220 763 mater
243 721 319 763 viri
342 722 423 762 Dei
449 723 573 763 morti
596 722 845 777 persolveret
868 721 1010 762 debita
1036 722 1242 777 pensionis
1275 723 1495 777 obsequia3
1531 739 1620 777 quae

86 788 222 830 seculo
245 789 439 829 defuncta
462 789 533 830 sed
556 788 635 829 Dei
652 788 811 844 judicio
834 789 1041 829 secretiori
1060 788 1159 830 locis
1189 789 1415 843 poenalibus
1436 790 1619 832 addicta.

89 855 193 896 Viro
214 855 293 896 Dei
311 854 398 911 ejus
419 855 555 897 obitus
576 855 776 910 gravioris
793 854 943 896 doloris
967 855 1129 897 aculeos
1150 855 1311 904 intulit;
1337 871 1385 897 ac
1404 857 1620 911 poenalitas

86 922 219 971 unius,
245 922 413 963 alterius
437 922 663 977 impunitas
694 937 780 963 esse
810 937 893 962 non
916 922 1065 976 potuit.
1138 922 1265 963 Unde
1295 923 1438 964 multis
1474 924 1619 966 diebus

86 1004 160 1043 pro
183 989 290 1029 illius
312 988 521 1042 ereptione
541 988 657 1043 gravi
692 1003 863 1028 moerore
891 987 1117 1039 conficitur,
1151 994 1275 1043 atque
1309 990 1361 1031 ob
1397 990 1524 1044 ipsius
1548 1006 1619 1032 ex—

84 1054 309 1109 piationem
329 1055 499 1095 Domini
515 1060 686 1095 exactor
701 1055 961 1109 importunus
985 1056 1182 1097 exsistere
1205 1056 1444 1097 conabatur.
1514 1058 1620 1098 Pre-

86 1121 201 1163 cibus
244 1121 370 1176 igitur
403 1126 445 1162 et
479 1121 659 1162 lacrimis
697 1136 749 1161 ex
783 1121 872 1176 ipsa
918 1121 1170 1162 infernorum
1213 1123 1397 1164 conclavi
1434 1123 1616 1165 animam

83 1188 229 1229 matris
262 1187 417 1243 eripere
448 1188 710 1243 properabat,
754 1203 801 1228 ac
831 1187 909 1242 piis
944 1189 1135 1243 operibus
1164 1194 1403 1240 mercatam,
1444 1196 1618 1244 peccata

83 1254 192 1296 illius
214 1255 416 1296 redimere
437 1254 721 1296 vehementius
751 1254 981 1296 insistebat.
1054 1255 1193 1296 Multo
1229 1261 1415 1311 tempore
1450 1257 1507 1298 sic
1541 1273 1616 1312 pro

84 1321 232 1375 poenali
274 1321 559 1376 redemptione
596 1326 757 1372 exacto,
796 1327 917 1362 nocte
959 1322 1138 1376 quadam
1172 1322 1223 1363 de
1253 1338 1367 1363 more
1405 1323 1526 1364 solito
1563 1324 1617 1365 ad

83 1388 249 1429 lavacra
286 1388 377 1443 puri
418 1389 593 1443 gurgitis
636 1387 841 1430 solitarius
880 1389 1064 1439 accessit,
1108 1394 1149 1430 et
1185 1389 1301 1443 aquis
1344 1390 1617 1444 glacientibus

83 1469 212 1508 usque
236 1455 290 1495 ad
309 1455 458 1496 collum
479 1456 651 1504 refusus,
678 1460 881 1495 nocturna
899 1455 1083 1496 solennia
1105 1455 1259 1497 ibidem
1290 1456 1471 1497 Domino
1495 1457 1618 1499 devo-

84 1521 243 1562 tissime
265 1522 474 1576 persolvit.
545 1522 631 1563 Nix
666 1537 807 1563 recens
842 1527 942 1563 tunc
964 1522 1161 1577 temporis
1182 1528 1336 1564 terram
1366 1527 1542 1574 texerat,
1576 1530 1617 1565 et

84 1587 281 1629 brumalis
312 1588 489 1643 asperies
527 1588 750 1643 glacierum
782 1588 1003 1643 grandines
1038 1590 1283 1644 asperrimas
1316 1590 1461 1631 eadem
1494 1596 1616 1633 nocte

83 1660 396 1708 procreaverat;
431 1670 505 1696 nec
525 1660 665 1696 tamen
681 1670 754 1709 pro
776 1653 1012 1710 hujusmodi
1033 1656 1349 1710 importunitate
1366 1656 1428 1698 vir
1453 1657 1533 1698 Dei
1557 1658 1618 1699 in—

85 1720 258 1772 horruit,
279 1722 351 1763 sed
369 1721 458 1762 dira
471 1727 773 1763 tormentorum
788 1737 940 1776 genera
953 1722 1099 1763 libenti
1113 1723 1212 1764 satis
1226 1724 1362 1763 animo
1375 1723 1617 1778 perferendo

84 1786 329 1837 decucurrit,
345 1787 580 1843 hujusmodi
597 1789 787 1843 graviora
800 1788 930 1829 exitia
951 1805 1024 1844 pro
1044 1789 1286 1830 redimenda
1306 1790 1453 1830 animae
1470 1792 1616 1833 matris

84 1868 167 1894 suae
204 1854 336 1896 salute
369 1860 410 1896 et
447 1855 682 1910 expiatione
719 1854 903 1910 pertulit,
942 1856 1089 1911 saepius
1125 1870 1219 1897 cum
1257 1855 1480 1898 afflictione
1515 1858 1616 1900 satis

81 1919 280 1962 ²inimica.

83 2020 162 2054 tulit
186 2021 284 2055 nobis
302 2021 420 2055 Deus.’
471 2021 534 2055 Ille
552 2022 782 2056 stomachatus
803 2023 933 2066 juravit
945 2035 980 2056 se
998 2023 1078 2057 illuc
1095 2024 1218 2058 frustra
1235 2024 1376 2058 ulterius
1394 2036 1461 2058 non
1479 2025 1616 2060 iturum.

86 2067 285 2102 Commotus
311 2068 557 2113 aliquantulum
580 2069 748 2103 Godricus
766 2069 886 2114 inquit,
914 2071 1074 2115 ‘Semper
1096 2083 1287 2105 murmuras
1313 2077 1428 2105 contra
1446 2071 1616 2114 Deum,et

83 2115 335 2148 miserationem
354 2115 419 2148 Dei
444 2115 619 2160 providam
638 2116 726 2149 circa
743 2128 804 2150 nos
830 2128 903 2150 esse
922 2117 1057 2150 diffidis.
1108 2118 1213 2151 Modo
1232 2118 1319 2151 scias
1338 2118 1421 2152 duos
1447 2118 1616 2153 salmones

83 2161 229 2206 optimos
247 2162 281 2195 in
299 2162 421 2195 nostris
440 2162 627 2195 alvearibus
645 2163 810 2196 contineri
825 2176 833 2205 3
860 2175 1002 2208 quorum
1020 2176 1107 2197 unus
1126 2164 1167 2198 de
1184 2165 1268 2198 mari
1286 2176 1392 2210 nuper
1409 2166 1546 2199 veniens
1564 2178 1615 2200 re-

83 2208 298 2241 centissimus
317 2214 367 2241 est
386 2214 419 2241 et
436 2208 521 2242 bene
538 2209 695 2252 refectus,
713 2209 797 2242 alter
814 2222 892 2243 vero
909 2210 1060 2244 nondum
1085 2223 1172 2244 nova
1197 2212 1306 2245 carnis
1330 2211 1474 2245 mollitie
1492 2212 1616 2246 immu-

82 2259 186 2288 tatus.
237 2254 300 2288 Vir
318 2255 381 2288 iste
398 2255 574 2288 meliorem
596 2255 733 2299 deferet,
752 2256 814 2289 tibi
832 2269 909 2290 vero
936 2256 1080 2290 deterior
1103 2258 1212 2302 cedet,
1231 2258 1391 2302 quoniam
1416 2258 1612 2304 desperasti.

82 2299 200 2346 Perge,
219 2301 331 2345 igitur,
350 2308 383 2334 et
401 2301 441 2334 de
459 2301 640 2335 clementia
665 2301 729 2335 Dei
755 2303 901 2348 amplius
926 2315 993 2337 non
1012 2303 1155 2348 diffidas,
1173 2316 1215 2338 ne
1234 2305 1346 2338 divino
1364 2317 1503 2338 munere
1519 2306 1614 2349 judi-

82 2348 167 2381 ceris
185 2347 367 2392 indignus.'
401 2348 465 2381 Ille
482 2348 569 2382 sicut
587 2348 731 2382 Sanctus
750 2349 882 2383 dixerat
900 2350 1041 2393 invenit,
1059 2356 1092 2383 et
1106 2351 1230 2393 attulit,
1246 2357 1278 2384 et
1293 2356 1370 2384 ante
1387 2351 1490 2397 pedes
1509 2352 1615 2398 ipsius

79 2405 158 2427 cum
175 2393 295 2427 rubore
314 2394 481 2439 deposuit.
531 2395 627 2428 Tunc
646 2395 693 2428 ait
711 2395 879 2429 Godricus
897 2396 940 2429 ad
960 2396 1128 2442 hospitem
1143 2410 1150 2432 ε
1177 2399 1186 2416 ⁴
1202 2398 1257 2431 Tu
1272 2397 1447 2431 meliorem
1465 2399 1615 2443 portabis

81 2441 179 2473 uxori
205 2446 286 2481 tuae,
310 2441 459 2486 reliquus
487 2447 602 2474 noster
626 2442 700 2485 erit,
718 2448 755 2475 ut
773 2442 821 2476 sic
844 2443 990 2476 ministri
1013 2443 1202 2489 desperatio
1227 2444 1410 2490 puniatur.⁷
1461 2445 1548 2479 Haec
1566 2446 1616 2480 vir

82 2486 139 2520 ille
156 2499 246 2520 nunc
265 2487 363 2520 dulce
379 2487 481 2520 habet
498 2488 568 2521 suis
586 2488 796 2522 auditoribus
814 2489 1004 2524 enarrare.”

129 2533 138 2552 ¹
166 2533 205 2566 In
224 2533 282 2566 the
301 2533 396 2568 Harl.
416 2533 491 2567 MS.
510 2534 649 2579 chapter
667 2534 747 2568 LII.

126 2579 141 2600 ²
160 2579 330 2626 Inimica]
355 2580 395 2613 In
413 2580 470 2614 the
494 2593 705 2626 anonymous
731 2581 853 2626 legend
876 2582 933 2616 the
959 2588 1103 2616 account
1121 2583 1159 2617 of
1173 2582 1230 2617 the
1256 2584 1355 2617 sister
1372 2583 1410 2616 of
1423 2583 1472 2617 St.
1485 2584 1613 2619 Godric

81 2626 241 2671 precedes
258 2626 331 2660 that
348 2627 386 2660 of
398 2626 452 2660 his
468 2627 612 2661 mother.
665 2627 739 2661 The
764 2628 933 2663 incideuts
958 2629 1145 2663 connected
1162 2630 1244 2663 with
1262 2630 1320 2663 the
1344 2629 1444 2663 latter
1461 2641 1516 2664 are
1532 2631 1613 2665 thus

80 2672 236 2706 narrated
252 2685 258 2707 :
285 2676 309 2692 “
321 2673 487 2707 Processu
504 2674 665 2719 temporis
682 2680 790 2707 mater
807 2676 880 2718 ejus
899 2676 933 2708 in
950 2676 1020 2709 fata
1036 2676 1204 2710 concessit
1218 2689 1227 2718 3
1252 2676 1342 2710 unde
1358 2676 1450 2721 gravi
1468 2688 1611 2711 moerore

81 2719 268 2763 conficitur,
283 2724 317 2752 et
329 2719 372 2752 ad
384 2719 474 2753 illius
489 2720 718 2765 expiationem
731 2721 887 2766 precibus
902 2728 935 2755 et
947 2722 1096 2756 lacrimis
1110 2722 1275 2756 instanter
1292 2722 1429 2756 insistit.
1457 2722 1612 2768 Cumque

81 2764 180 2809 longo
196 2771 347 2810 tempore
365 2766 413 2799 sic
431 2766 567 2811 egisset,
585 2767 731 2811 quadam
761 2773 860 2801 nocte
878 2780 939 2802 suo
968 2780 1061 2802 more
1083 2769 1257 2802 descendit
1274 2769 1309 2801 in
1327 2768 1479 2811 fluvium,
1497 2769 1612 2815 ibique

81 2810 254 2845 demersus
278 2823 385 2856 usque
409 2812 452 2845 ad
478 2813 602 2846 collum
632 2820 793 2847 consueta
822 2814 986 2848 solemnia
1009 2815 1200 2849 celebravit.
1249 2815 1324 2848 Nix
1353 2826 1470 2848 recens
1488 2821 1610 2851 terram

78 2862 220 2901 texerat,
247 2864 280 2891 et
304 2858 429 2902 grando
455 2858 617 2893 brumalis
643 2860 760 2893 eadem
786 2866 886 2894 nocte
912 2861 1102 2903 ceciderat3
1128 2861 1187 2894 sed
1214 2861 1382 2894 Godricus
1410 2862 1610 2897 afflictiones

79 2902 273 2947 hujusmodi
296 2915 356 2949 pro
374 2916 443 2938 suae
463 2906 579 2939 matris
595 2906 794 2940 liberatione
819 2907 972 2941 devotius
991 2913 1023 2940 et
1039 2907 1249 2952 frequentius
1271 2907 1470 2953 perferebat.
1522 2908 1609 2944 Cum
