1839 3186
192 161 294 209 294>
718 167 949 199 LIBELLUS
985 167 1047 198 DE
1082 167 1197 199 VITA

190 272 262 313 sed
294 271 384 328 jam
406 273 543 328 potius
575 272 793 328 expeditus
826 273 1029 322 omnibus,
1056 273 1098 314 in
1131 272 1344 328 procinctu
1380 271 1537 313 itineris
1564 272 1721 327 positus

191 338 446 387 Dunelmum
468 340 754 395 properabam.
823 339 906 381 Sed
938 340 1076 381 adhuc
1098 340 1139 381 in
1161 340 1268 381 atrio
1290 338 1530 381 consistenti
1552 339 1720 393 quidam

189 406 333 460 griseis
367 406 538 448 indutus
571 407 698 448 frater
734 406 924 456 occurrit,
950 406 1018 461 qui
1040 407 1082 447 in
1111 406 1275 447 nomine
1313 405 1476 447 Sanctae
1503 405 1721 448 Trinitatis

190 471 428 528 adjuratum
467 473 521 516 ad
559 472 646 529 ejus
686 473 904 528 legationis
947 472 1154 514 audienda
1193 472 1353 527 eloquia
1395 471 1616 514 subsistere
1653 488 1721 514 me

191 540 345 594 coegit;
371 540 439 595 qui
461 555 555 582 cum
576 555 624 581 eo
640 540 936 589 subsidentem,
955 544 996 580 et
1017 539 1169 581 iterata
1188 538 1446 595 adjuratione
1460 538 1720 589 constrinxit,

191 611 232 647 et
272 607 338 648 ¹ex
362 607 560 648 mandato
586 606 726 647 domni
761 606 931 647 Thomae
957 605 1276 647 Cantuariorum
1306 611 1406 647 tunc
1426 605 1722 661 archiepiscopi

192 673 420 715 exsulantis
447 673 613 723 indixit,
636 678 683 714 ut
710 673 753 714 in
772 677 935 714 vertute
962 672 1106 713 Sancti
1127 672 1306 727 Spiritus
1327 677 1369 713 et
1390 671 1648 723 obedientiae,
1674 687 1723 714 ea

193 755 282 794 quae
304 741 405 782 mihi
428 741 613 782 dicturus
632 744 720 781 erat
736 739 838 780 nulli
858 739 1083 794 detegerm,
1102 754 1311 793 quousque
1332 738 1391 780 rei
1411 738 1520 779 illius
1540 737 1664 779 finem
1680 744 1722 780 et

191 807 352 848 exitum
392 807 589 849 viderem.
683 805 805 858 Quod
844 804 1037 860 utrinque
1081 804 1292 847 firmatum
1334 810 1409 847 est.
1506 804 1721 860 Perceptis

192 873 366 927 denique
398 873 539 915 domni
573 872 868 928 archiepiscopi
903 872 958 913 ad
993 887 1156 914 servum
1193 871 1274 913 Dei
1308 871 1529 922 mandatis,
1552 871 1725 913 timidus

189 940 290 982 satis
314 945 356 981 et
376 940 571 982 haesitans
592 940 737 981 cellam
759 940 868 981 solus
888 938 1085 981 introiens
1106 938 1226 988 subii,
1257 944 1298 980 et
1316 938 1465 980 anxius
1485 938 1724 993 aliquandiu

190 1007 241 1047 de
258 1007 399 1049 multis
422 1007 647 1062 Scripturae
680 1006 814 1048 Sacrae
836 1005 1006 1060 eloquiis
1025 1007 1144 1061 plura
1164 1020 1302 1047 coram
1324 1005 1406 1056 illo,
1439 1006 1555 1059 quasi
1586 1020 1724 1047 exem-

189 1073 322 1129 plaria
364 1074 596 1124 verborum,
642 1073 878 1116 disserendo
920 1073 1126 1128 proposui.
1194 1072 1274 1126 Qui
1316 1072 1459 1114 statim
1500 1072 1543 1113 in
1576 1072 1724 1127 spiritu

190 1141 391 1196 persensit
424 1156 490 1182 me
526 1140 682 1194 aliquid
717 1139 929 1195 spirituale
973 1140 1026 1181 ab
1058 1140 1128 1181 illo
1151 1140 1253 1181 velle
1286 1139 1548 1194 perquirere;
1597 1139 1723 1181 inter-

190 1223 464 1263 rumpensque
509 1207 637 1250 verba
676 1206 893 1262 loquentis,
940 1206 1136 1262 praecepit
1189 1210 1237 1247 ut
1278 1205 1416 1247 omnia
1456 1221 1546 1260 quae
1586 1205 1725 1247 animo

191 1275 386 1330 gerebam
423 1275 459 1316 ei
496 1274 732 1316 nullatenus
769 1273 1005 1315 omitterem
1041 1273 1286 1329 propalare;
1346 1276 1372 1294 “
1391 1272 1498 1326 Quia
1530 1272 1724 1327 quicquid

190 1341 490 1396 perquisieris,”
543 1341 688 1395 inquit,
744 1345 769 1362 ‘⁶
784 1355 906 1390 nunc,
952 1345 1153 1394 quantum
1202 1340 1317 1381 Deus
1360 1339 1604 1394 permiserit,
1648 1339 1725 1380 tibi

192 1408 410 1463 detegam3
449 1423 593 1462 neque,
617 1407 724 1449 sicut
756 1412 802 1448 tu
823 1412 959 1463 putas,
983 1422 1056 1462 pro
1082 1407 1159 1448 hac
1184 1406 1413 1461 quaestione
1435 1406 1477 1447 in
1501 1405 1725 1447 iracundiae

192 1475 440 1516 calumniam
462 1490 559 1529 erga
579 1479 621 1515 te
643 1474 872 1515 concidam.
905 1473 1001 1514 Noli
1025 1473 1151 1529 igitur
1172 1478 1260 1514 tam
1282 1473 1352 1514 diu
1369 1472 1504 1515 verbis
1522 1473 1692 1514 circuire
1711 1489 1723 1521 ;

191 1541 262 1582 sed
285 1542 423 1596 potius
444 1541 554 1596 quod
575 1540 768 1591 intendis,
795 1540 917 1582 citius
938 1540 1086 1595 profer,
1110 1540 1283 1595 explica,
1307 1544 1348 1581 et
1369 1539 1540 1594 inquire.
1593 1538 1727 1581 Solita

191 1608 357 1662 quidem
399 1609 476 1650 tibi
512 1607 740 1649 calliditate
777 1622 874 1662 erga
894 1622 960 1648 me
992 1606 1134 1657 uteris,
1160 1612 1201 1647 et
1232 1606 1325 1648 ideo
1356 1622 1407 1647 ex
1431 1605 1568 1648 verbis
1591 1605 1726 1661 Scrip-

189 1679 305 1725 turae,
340 1675 455 1730 quasi
485 1674 693 1726 illiterato,
718 1674 926 1729 quandam
948 1673 1308 1715 circumventionis
1332 1673 1433 1714 mihi
1455 1672 1725 1729 Qpalinodiam

188 1741 347 1783 facis.”³

258 1808 276 1861 ᾧ
295 1807 391 1853 278.
425 1808 585 1862 Quibus
610 1807 743 1850 verbis
766 1806 957 1849 veridicis
973 1805 1155 1862 jocunde
1177 1807 1382 1857 confusus,
1406 1806 1479 1848 sed
1500 1810 1640 1847 tamen
1661 1820 1724 1847 ar-

192 1874 357 1917 dentius
377 1876 596 1925 animatus,
629 1874 717 1915 dixi
748 1873 1034 1916 vehementius
1055 1889 1120 1914 me
1142 1873 1281 1915 mirari
1304 1888 1428 1928 quare
1450 1872 1620 1914 diutinae
1642 1872 1727 1914 litis

192 1942 407 1983 altercatio
426 1942 532 1983 inter
549 1956 688 1996 regem
704 1945 745 1982 et
763 1940 960 1981 domnum
976 1940 1329 1995 archiepiscopum
1347 1939 1461 1981 nulla
1475 1939 1726 1994 interpositi-

193 2024 268 2050 one
287 2009 560 2050 mediantium
576 2008 776 2049 nobilium
791 2007 992 2048 hactenus
1005 2011 1141 2061 posset
1158 2006 1382 2048 terminata
1396 2006 1542 2048 sedari.
1567 2005 1727 2058 Quibus

241 2138 249 2156 ¹
272 2137 326 2170 Er
343 2136 526 2182 mandata]
554 2135 616 2169 See
635 2135 652 2180 ξ
672 2137 749 2169 225.
1045 2134 1058 2152 2
1076 2133 1319 2178 Palinodiam]
1345 2132 1585 2172 Psalmodiam,
1607 2131 1655 2165 H.

240 2184 253 2202 ³
273 2182 398 2229 Facis]
439 2184 460 2200 “
476 2182 574 2215 Circa
598 2182 749 2215 medium
777 2180 1053 2225 Quadragesimae
1086 2185 1220 2224 propter
1244 2180 1368 2213 festum
1402 2179 1516 2212 Sancti
1545 2177 1723 2212 Cuthberti

195 2231 333 2264 domum
352 2231 472 2270 iturus,
487 2235 520 2262 et
534 2229 609 2262 ideo
626 2228 764 2261 missam
784 2228 967 2272 temperius
981 2226 1221 2269 celebraturus,
1236 2225 1507 2259 benedictionem
1525 2225 1606 2270 petii
1625 2224 1724 2257 flexis

193 2277 336 2322 genibus
366 2282 443 2309 ante
474 2275 583 2308 illum.
656 2274 721 2317 Qui
754 2274 953 2307 subridens:
992 2272 1204 2315 ‘Quamvis,⁷
1234 2273 1292 2316 ait,
1320 2274 1328 2290 ‘
1346 2272 1447 2305 modo
1477 2272 1526 2305 sic
1554 2282 1724 2316 properes,

194 2323 355 2369 possibile
382 2328 496 2356 tamen
526 2327 576 2355 cst
603 2328 641 2355 ut
670 2327 851 2365 antequam
879 2320 1001 2353 atrium
1031 2331 1145 2362 exeas,
1175 2318 1376 2352 revertaris!
1428 2318 1540 2360 Exivi,
1559 2323 1591 2350 et
1609 2317 1723 2351 statim

195 2371 311 2404 obvios
340 2369 443 2403 habui
463 2368 626 2413 quosdam
651 2367 896 2410 Cisterncnses,
915 2367 971 2411 qui
998 2377 1053 2399 me
1078 2366 1187 2399 redire
1212 2370 1404 2410 coegerunt,
1426 2370 1464 2397 ut
1482 2365 1530 2398 eis
1555 2364 1597 2397 ad
1616 2364 1723 2397 virum

196 2417 261 2451 Dei
280 2416 463 2462 promptior
484 2421 573 2449 esset
590 2425 758 2448 accessus.
809 2413 896 2446 Item
922 2424 1000 2446 cum
1025 2412 1262 2446 bencdictione
1286 2417 1445 2457 percepta
1470 2422 1578 2444 essem
1604 2411 1723 2453 iturus,

196 2464 377 2508 adjunxit:
412 2462 511 2496 ‘Etsi
544 2461 645 2494 modo
680 2460 872 2501 recesseris,
906 2465 1087 2504 antequam
1117 2465 1212 2504 septa
1240 2458 1328 2491 horti
1362 2458 1463 2501 hujus
1492 2457 1637 2490 exiveris
1674 2456 1725 2489 in—

197 2511 286 2544 vitus
314 2510 455 2543 forsitan
484 2507 682 2542 reverteris?
749 2507 891 2549 Exiens,
924 2506 1036 2539 inveni
1066 2505 1202 2539 fratrem
1234 2504 1402 2550 quendam
1428 2504 1547 2549 griseis
1574 2502 1723 2536 vestibus

196 2558 366 2600 indutum,
393 2556 449 2601 qui
474 2567 510 2589 se
536 2554 669 2588 dicebat
695 2565 768 2586 esse
793 2553 954 2597 legatum,
980 2558 1013 2585 ct
1031 2552 1228 2585 obsecrabat
1252 2563 1311 2596 per
1340 2562 1463 2584 nomen
1493 2549 1724 2583 Sanctissimae

199 2604 375 2637 Trinitatis
393 2609 430 2636 ut
447 2602 597 2636 audirem
625 2612 665 2633 ea
690 2611 765 2645 quae
789 2599 916 2632 diceret
941 2604 1041 2643 atque
1067 2598 1222 2641 celarem,
1241 2598 1320 2643 quia
1345 2597 1489 2630 nuncius
1508 2602 1578 2629 erat
1595 2595 1725 2629 archie-

195 2651 325 2696 piscopi
345 2649 544 2683 exsulantis.
585 2646 741 2681 Timebat
756 2647 845 2679 enim
860 2645 938 2679 vitae
956 2644 1137 2678 discrimen
1156 2645 1333 2687 incurrere,
1348 2644 1376 2677 si
1389 2644 1453 2677 hoc
1467 2643 1625 2676 officiales
1643 2641 1725 2687 regii

195 2697 434 2743 percepissent.
484 2695 622 2729 Auditis
645 2693 747 2738 igitur
763 2693 816 2726 his
833 2704 910 2737 quae
926 2691 1198 2737 archiepiscopus
1215 2690 1432 2724 mandaverat
1449 2690 1518 2723 viro
1537 2689 1613 2733 Dei,
1631 2700 1726 2722 acce-

195 2745 277 2778 dens
292 2744 333 2777 ad
346 2755 422 2776 eum
437 2742 522 2787 coepi
538 2741 656 2775 timide
667 2740 821 2785 quaedam
834 2739 1072 2784 scripturarum
1087 2737 1186 2770 verba
1198 2749 1394 2783 proponere.
1432 2736 1494 2770 Ille
1507 2735 1726 2781 pra-§sentiens

198 2791 286 2836 quod
301 2790 427 2835 aliquid
445 2790 646 2833 interrogare
659 2786 822 2829 volebam,
837 2786 885 2819 sic
903 2786 969 2820 ait:
988 2789 997 2803 ‘
1015 2784 1091 2817 Tibi
1110 2784 1212 2817 moris
1225 2790 1286 2827 est,
1301 2789 1338 2816 ut
1351 2795 1405 2817 me
1423 2782 1512 2816 velut
1528 2782 1723 2815 illiteratum

197 2838 364 2882 quendam
385 2836 557 2869 verborum
585 2833 782 2868 circuitione
800 2833 959 2877 decipias
1010 2831 1074 2864 Dic
1091 2831 1235 2864 breviter
1253 2836 1285 2863 et
1303 2836 1416 2876 aperte
1430 2829 1517 2874 quod
1536 2828 1674 2873 cogitas,
1693 2833 1726 2860 et

198 2898 258 2928 ogo
277 2884 417 2916 libenter
433 2883 474 2915 ud
493 2881 633 2926 qnasitn.
651 2880 739 2925 quod
762 2880 851 2913 Deus
871 2878 1041 2912 donaverit
1061 2877 1326 2923 rcspomlcbo.'’'
1354 2874 1724 2919 Anon.Harl.Legend.
