1839 3186
155 224 236 265 192
669 232 902 265 LIBELLUS
939 232 1002 264 DE
1041 233 1154 264 VITA

156 436 243 461 CAP.
266 435 456 462 LXXXVII.
518 437 569 462 DE
600 436 811 462 HEREMITA
854 437 924 466 QUI
967 436 1188 463 CONSILIUM
1219 436 1271 461 AB
1315 436 1362 461 EO
1405 434 1550 468 PETIIT,
1590 432 1686 462 QUO-

214 502 326 528 MODO
372 504 410 528 El
454 504 587 529 LOCUM
626 504 887 529 DESTINATUM
926 504 1250 537 PRAESCRIPSERIT,
1293 503 1341 527 ET
1383 501 1557 527 SINGULA
1602 499 1686 524 LOCI

211 570 335 595 IPSIUS
366 570 636 596 DIVERTICULA
669 570 708 595 EI
739 570 998 596 DEPINGENDO
1030 553 1315 596 EXPOSUERIT.1

213 670 231 722 ᾧ
259 672 354 711 183.
389 670 508 711 ERAT
533 670 680 725 aliquis
702 671 762 712 vir
784 671 961 725 religiosi
986 670 1186 726 propositi
1210 685 1355 725 gerens
1379 668 1583 723 spiritum,
1610 666 1683 708 sed

154 736 319 777 incertae
341 737 563 778 mansionis
585 737 741 778 habens
762 738 912 778 locum.
984 737 1068 777 Pro
1090 737 1178 777 loeo
1202 736 1329 791 igitur
1351 735 1581 777 solitudinis
1612 734 1682 774 ob-

151 802 320 843 tinendo
342 803 478 857 plures
499 803 744 844 dornnorum
767 803 954 857 expetiit,
978 808 1018 844 et
1036 803 1204 843 tandem
1219 803 1329 856 quod
1345 802 1415 842 diu
1434 799 1681 855 concupivit,

151 869 363 910 obtinente
401 869 487 910 viro
522 869 617 918 Dei,
654 884 679 909 a
714 869 983 910 Dunelmensi
1025 869 1215 924 episcopo
1254 869 1423 910 invenit.
1491 866 1562 907 Ad
1603 865 1682 906 loci

152 935 280 990 igitur
300 935 427 989 ipsius
454 935 787 989 conspiciendam
809 935 1085 989 quantitatem
1109 951 1179 976 seu
1201 935 1327 976 situm
1349 950 1390 976 se
1416 933 1604 982 eontulit,
1638 936 1679 972 et

151 1016 199 1042 ea
222 1002 468 1055 probaturus
500 1000 600 1043 fines
624 1001 806 1056 ipsorum
837 1002 1161 1056 perambulando
1183 1001 1427 1042 circumivit.
1498 999 1681 1040 Rediens

151 1082 247 1109 vero
269 1067 322 1108 ad
343 1068 477 1109 virum
500 1067 580 1108 Dei
611 1068 825 1109 eonsilium
847 1068 899 1109 ab
928 1083 974 1109 eo
997 1073 1264 1123 percepturus
1293 1067 1478 1117 accessit,
1511 1066 1607 1120 quia
1636 1065 1678 1105 in

150 1139 315 1188 pectore
351 1132 438 1189 ejus
471 1134 661 1189 spiritum
697 1134 854 1176 consilii
889 1135 1139 1188 requiescere
1173 1134 1315 1182 novit;
1351 1133 1538 1188 quamvis
1571 1132 1679 1173 enim

151 1201 281 1241 idiota
307 1205 348 1241 et
377 1200 505 1242 laicus
536 1206 655 1250 esset,
681 1201 787 1242 forte
818 1201 1006 1242 audierat
1028 1201 1137 1255 quod
1169 1200 1382 1255 Sapientia
1406 1215 1479 1254 per
1510 1214 1554 1240 os
1581 1197 1678 1238 QSa-

151 1267 324 1308 lomonis
358 1267 688 1319 commonuisset,
714 1267 814 1308 dicit
837 1267 958 1316 enim,
993 1271 1017 1289 “
1044 1267 1095 1308 In
1120 1267 1283 1308 senibus
1305 1271 1367 1308 est
1388 1265 1604 1320 sapientia,
1638 1268 1679 1305 et

151 1348 196 1374 os
230 1332 440 1389 justorum
480 1334 666 1375 abundat
705 1334 966 1389 prudentias
1001 1339 1043 1374 et
1079 1334 1121 1375 in
1155 1333 1514 1382 3Deuteronomio,
1561 1335 1587 1354 ‘⁶
1610 1331 1678 1372 In-

151 1405 315 1455 terroga
346 1405 506 1455 patrem
537 1405 656 1441 tuum
685 1406 726 1442 et
759 1401 867 1441 dicet
898 1400 987 1451 tibi,
1015 1405 1055 1441 et
1076 1399 1251 1456 majores
1278 1404 1372 1441 tuos
1394 1404 1434 1440 et
1456 1397 1677 1440 annuncia-

149 1466 253 1508 bunt
274 1466 390 1508 tibi.”
452 1466 574 1507 Adiit
601 1482 696 1522 ergo
718 1467 852 1508 virum
874 1466 954 1507 Dei
985 1472 1034 1508 ut
1056 1482 1081 1507 a
1101 1482 1195 1508 sene
1222 1467 1397 1507 disceret
1419 1464 1676 1520 sapientiam,

149 1537 191 1574 et
213 1533 265 1574 ab
287 1549 333 1574 eo
354 1533 501 1575 instrui
531 1538 669 1588 posset
693 1534 877 1575 scientia.
941 1533 1090 1575 Cuncti
1119 1533 1293 1587 denique
1324 1532 1523 1588 propositi
1550 1531 1612 1573 sui
1640 1530 1677 1571 ei

148 1600 315 1655 negotia
339 1599 542 1655 exposuit,
576 1605 618 1641 et
644 1600 743 1654 quid
774 1600 810 1641 ei
842 1600 891 1641 de
920 1600 1158 1654 hujusmodi
1182 1604 1279 1641 voto
1308 1600 1372 1641 vel
1399 1599 1536 1640 animo
1565 1597 1677 1639 vide-

148 1672 276 1715 retur,
300 1667 523 1720 inquisivit.
586 1667 644 1708 Et
667 1666 729 1708 vir
759 1666 838 1707 Dei
869 1666 923 1707 ad
948 1667 1076 1716 illum,
1111 1671 1136 1688 ‘⁶
1159 1665 1282 1715 Ecce,
1308 1681 1397 1720 quae
1427 1664 1675 1720 proposuisti

149 1732 310 1788 singula
334 1733 442 1773 bona
470 1738 578 1784 sunt,
614 1738 654 1774 et
682 1749 797 1775 novae
826 1733 1094 1774 habitationis
1125 1738 1207 1774 tuae
1239 1732 1329 1773 loca
1363 1731 1599 1788 hujusmodi
1635 1735 1676 1771 et

148 1799 249 1840 talia
272 1804 379 1840 sunt.
442 1798 639 1841 4Fluvius
660 1799 982 1841 Deruuentionis
1004 1815 1052 1840 ea
1068 1815 1120 1840 ex
1140 1799 1211 1840 illa
1230 1804 1349 1854 parte
1370 1797 1614 1847 circumluit,
1633 1802 1674 1838 et

147 1866 327 1907 ambitus
348 1871 466 1906 terrae
494 1871 658 1907 tantum
689 1866 797 1907 infra
828 1866 1024 1907 terminos
1054 1866 1130 1907 tibi
1162 1864 1352 1921 praefixos
1382 1865 1582 1912 includit3
1622 1879 1674 1905 ex

147 1932 210 1973 his
232 1948 328 1974 vero
360 1932 594 1987 regionibus
624 1932 811 1974 altissimi
847 1933 1024 1974 nemoris
1052 1931 1238 1988 jocunda
1275 1932 1471 1973 serenitas
1504 1935 1595 1982 est;
1634 1935 1675 1971 et

147 1999 242 2039 talis
263 1998 380 2040 vallis
412 1999 542 2048 obice,
565 2004 606 2040 et
627 1999 734 2040 illius
765 1999 878 2040 collis
899 1999 1064 2049 vertice,
1097 1999 1175 2039 loci
1199 1999 1261 2039 tui
1282 1998 1482 2039 terminus
1514 1996 1675 2038 defixus

148 2065 249 2106 est.”
301 2065 533 2120 Aggressus
555 2081 650 2120 ergo
673 2065 854 2106 seriatim
877 2065 1037 2120 singula
1058 2080 1227 2119 queeque
1249 2064 1284 2105 ei
1307 2064 1512 2118 exposuit,
1536 2068 1576 2104 et
1599 2078 1674 2104 nec

146 2131 301 2185 aliquid
323 2132 373 2172 de
395 2131 521 2185 ipsius
551 2131 628 2172 loci
650 2131 732 2172 situ
758 2132 820 2173 vel
841 2132 999 2182 habitu,
1031 2131 1218 2172 bonitate
1241 2145 1312 2172 seu
1347 2129 1671 2185 reprehensione,

194 2254 199 2271 ¹
230 2253 377 2298 Chapter
396 2253 507 2287 XCV.
527 2253 560 2286 in
578 2253 636 2286 the
655 2252 749 2287 Harl.
769 2253 844 2286 MS.

189 2299 202 2319 2
222 2299 430 2345 Salomonis]
460 2300 557 2333 Prov.
576 2311 610 2333 x.
630 2302 684 2333 31.

191 2346 204 2365 ³
224 2345 510 2392 Deuteronomio]
539 2346 639 2378 Deut.
660 2346 771 2379 xxxii.
791 2347 821 2380 7.

192 2394 203 2412 ‘¹
224 2392 362 2426 Flavius
378 2392 668 2437 Deruaerztionis]
695 2392 767 2424 The
796 2392 981 2437 hcrmitage
1010 2392 1089 2425 here
1112 2391 1308 2425 mentioned
1332 2402 1400 2424 was
1429 2390 1502 2424 that
1527 2391 1673 2425 situated

146 2451 189 2472 on
218 2439 275 2472 the
302 2439 388 2472 river
412 2439 581 2481 Derwent,
600 2451 678 2471 near
698 2438 894 2481 Ebehester,
913 2450 931 2471 a
949 2439 1043 2483 place
1061 2438 1135 2471 well
1154 2438 1297 2483 adapted
1315 2438 1365 2471 for
1390 2438 1473 2471 such
1497 2450 1516 2471 a
1540 2444 1675 2479 retreat,

146 2486 270 2530 having
295 2485 454 2530 formerly
479 2485 562 2518 been
586 2485 642 2518 the
665 2485 837 2517 residence
862 2485 900 2517 of
921 2485 968 2518 St.
991 2485 1096 2528 Ebba,
1124 2485 1287 2529 daughter
1312 2485 1349 2518 of
1372 2484 1566 2527 Ethelfrith,
1593 2484 1676 2529 king

146 2533 184 2565 of
216 2531 472 2575 Nortlmmhria,
507 2531 582 2564 who
611 2531 697 2564 built
730 2531 823 2564 there
856 2543 875 2563 a
910 2543 1073 2576 nunnery,
1107 2531 1300 2564 afterwards
1335 2531 1513 2575 destroyed
1540 2531 1584 2575 by
1617 2531 1674 2563 the

146 2579 271 2612 Danes.
321 2578 384 2611 See
420 2577 583 2610 'l‘anner's
618 2577 753 2610 Notitia
782 2577 930 2610 Monast.
961 2577 1122 2621 Diu-ham,
1143 2578 1185 2610 vi.
1235 2577 1307 2610 The
1333 2577 1518 2621 hermitage
1541 2577 1674 2610 existed

144 2625 177 2658 in
196 2626 243 2659 St.
260 2624 414 2658 Godrie's
432 2625 525 2667 time,
545 2624 594 2656 for
611 2624 636 2656 it
654 2624 682 2656 is
700 2623 894 2656 mentioned
920 2624 954 2656 in
981 2623 1109 2668 Bishop
1136 2624 1302 2668 Pudsey’s
1320 2623 1450 2656 chartei·
1468 2623 1505 2655 of
1527 2623 1673 2656 Endow-

144 2678 236 2704 ment
253 2671 393 2716 granted
411 2677 445 2703 to
471 2670 640 2703 Sherbnrn
668 2669 846 2714 Hospital:
873 2681 928 2702 see
955 2670 980 2702 it
1005 2670 1138 2714 printed
1164 2670 1197 2702 in
1224 2669 1370 2702 Surtees’
1397 2669 1488 2702 Hist.
1509 2669 1673 2711 Dmham,

145 2719 167 2752 i.
186 2721 265 2751 283.
318 2718 348 2750 It
366 2729 434 2750 was
454 2717 562 2750 called
583 2716 766 2749 Yarcshale
792 2728 827 2749 or
856 2716 1083 2760 Yarehanlgh.
1133 2716 1232 2749 Some
1262 2715 1409 2748 charters
1433 2716 1623 2760 respecting
1648 2716 1674 2748 it

145 2776 201 2797 are
235 2765 269 2797 in
298 2764 354 2797 the
384 2764 553 2808 Treasury
570 2763 607 2796 of
631 2762 687 2796 the
717 2762 812 2795 Dean
840 2762 906 2795 and
938 2762 1085 2806 Chapter
1113 2762 1149 2794 of
1177 2762 1340 2795 Dnrham.
1390 2762 1452 2794 See
1481 2762 1551 2794 also
1581 2761 1672 2795 Hist.

143 2811 302 2844 Dunelm.
321 2810 440 2855 Seript.
461 2810 555 2853 Tres,
574 2809 661 2843 lxxi.
711 2809 742 2842 lt
769 2809 797 2842 is
823 2808 893 2842 also
918 2808 1113 2841 mentioned
1139 2809 1172 2841 in
1200 2808 1328 2853 Bishop
1355 2808 1519 2853 Pndsey's
1545 2808 1673 2852 Survey

145 2857 252 2891 called
271 2857 328 2890 the
348 2857 479 2890 Boldon
499 2856 606 2891 Book.
