<?xml version="1.0" encoding="UTF-8"?>
<!DOCTYPE html PUBLIC "-//W3C//DTD XHTML 1.0 Transitional//EN"
    "http://www.w3.org/TR/xhtml1/DTD/xhtml1-transitional.dtd">
<html xmlns="http://www.w3.org/1999/xhtml" xml:lang="en" lang="en">
 <head>
  <title>
</title>
<meta http-equiv="Content-Type" content="text/html;charset=utf-8" />
  <meta name='ocr-system' content='tesseract 3.04.00' />
  <meta name='ocr-capabilities' content='ocr_page ocr_carea ocr_par ocr_line ocrx_word'/>
</head>
<body>
  <div class='ocr_page' id='page_1' title='image "./libellusdevitaet00regi_0381.png"; bbox 0 0 1839 3186; ppageno 0'>
   <div class='ocr_carea' id='block_1_1' title="bbox 554 185 1660 224">
    <p class='ocr_par' dir='ltr' id='par_1_1' title="bbox 554 185 1660 224">
     <span class='ocr_line' id='line_1_1' title="bbox 554 185 1660 224; baseline 0 -2"><span class='ocrx_word' id='word_1_1' title='bbox 554 191 612 222; x_wconf 84' lang='lat' dir='ltr'>ET</span> <span class='ocrx_word' id='word_1_2' title='bbox 646 190 909 222; x_wconf 82' lang='lat' dir='ltr'><strong>MIRACULIS</strong></span> <span class='ocrx_word' id='word_1_3' title='bbox 946 191 982 222; x_wconf 85' lang='grc'>5.</span> <span class='ocrx_word' id='word_1_4' title='bbox 1007 191 1221 223; x_wconf 69' lang='grc'>00011101.</span> <span class='ocrx_word' id='word_1_5' title='bbox 1578 185 1660 224; x_wconf 84' lang='grc'>335</span> 
     </span>
    </p>
   </div>
   <div class='ocr_carea' id='block_1_2' title="bbox 117 294 1664 2678">
    <p class='ocr_par' dir='ltr' id='par_1_2' title="bbox 117 294 1664 2541">
     <span class='ocr_line' id='line_1_2' title="bbox 190 294 1661 351; baseline 0 -12"><span class='ocrx_word' id='word_1_6' title='bbox 190 297 213 351; x_wconf 59' lang='grc' dir='ltr'>ξ</span> <span class='ocrx_word' id='word_1_7' title='bbox 250 299 348 339; x_wconf 85' lang='grc'>318.</span> <span class='ocrx_word' id='word_1_8' title='bbox 381 296 461 338; x_wconf 82' lang='lat' dir='ltr'>Vir</span> <span class='ocrx_word' id='word_1_9' title='bbox 482 295 650 351; x_wconf 87' lang='lat' dir='ltr'>quidam</span> <span class='ocrx_word' id='word_1_10' title='bbox 683 295 720 336; x_wconf 90' lang='lat' dir='ltr'>ei</span> <span class='ocrx_word' id='word_1_11' title='bbox 741 294 1001 337; x_wconf 86' lang='lat' dir='ltr'>venerandus</span> <span class='ocrx_word' id='word_1_12' title='bbox 1031 296 1241 351; x_wconf 84' lang='lat' dir='ltr'>apparuit,</span> <span class='ocrx_word' id='word_1_13' title='bbox 1265 296 1334 350; x_wconf 92' lang='lat' dir='ltr'>qui</span> <span class='ocrx_word' id='word_1_14' title='bbox 1359 296 1661 351; x_wconf 87' lang='lat' dir='ltr'>aliquantulum</span> 
     </span>
     <span class='ocr_line' id='line_1_3' title="bbox 123 361 1660 419; baseline 0.001 -16"><span class='ocrx_word' id='word_1_15' title='bbox 123 363 315 405; x_wconf 85' lang='lat' dir='ltr'>subrufus</span> <span class='ocrx_word' id='word_1_16' title='bbox 336 363 470 419; x_wconf 88' lang='lat' dir='ltr'>specie</span> <span class='ocrx_word' id='word_1_17' title='bbox 492 367 533 404; x_wconf 89' lang='lat' dir='ltr'>et</span> <span class='ocrx_word' id='word_1_18' title='bbox 554 367 646 403; x_wconf 88' lang='lat' dir='ltr'>toto</span> <span class='ocrx_word' id='word_1_19' title='bbox 669 361 841 403; x_wconf 87' lang='lat' dir='ltr'>decorus</span> <span class='ocrx_word' id='word_1_20' title='bbox 863 377 1043 416; x_wconf 87' lang='lat' dir='ltr'>corpore,</span> <span class='ocrx_word' id='word_1_21' title='bbox 1067 362 1129 403; x_wconf 91' lang='lat' dir='ltr'>ita</span> <span class='ocrx_word' id='word_1_22' title='bbox 1141 361 1341 418; x_wconf 77' lang='lat' dir='ltr'>juvenem</span> <span class='ocrx_word' id='word_1_23' title='bbox 1364 363 1568 405; x_wconf 84' lang='lat' dir='ltr'>allocutus</span> <span class='ocrx_word' id='word_1_24' title='bbox 1588 365 1660 415; x_wconf 89' lang='lat' dir='ltr'>ait,</span> 
     </span>
     <span class='ocr_line' id='line_1_4' title="bbox 125 427 1662 484; baseline 0.001 -14"><span class='ocrx_word' id='word_1_25' title='bbox 125 433 150 451; x_wconf 77' lang='lat'>‘⁶</span> <span class='ocrx_word' id='word_1_26' title='bbox 171 429 369 481; x_wconf 88' lang='lat' dir='ltr'>Heccine,</span> <span class='ocrx_word' id='word_1_27' title='bbox 392 430 576 484; x_wconf 86' lang='lat' dir='ltr'>inquam,</span> <span class='ocrx_word' id='word_1_28' title='bbox 591 427 770 484; x_wconf 80' lang='lat' dir='ltr'>juvenis,</span> <span class='ocrx_word' id='word_1_29' title='bbox 796 428 984 482; x_wconf 86' lang='lat' dir='ltr'>nunquid</span> <span class='ocrx_word' id='word_1_30' title='bbox 1007 428 1097 482; x_wconf 91' lang='lat' dir='ltr'>quis</span> <span class='ocrx_word' id='word_1_31' title='bbox 1125 444 1200 484; x_wconf 85' lang='lat' dir='ltr'>ego</span> <span class='ocrx_word' id='word_1_32' title='bbox 1229 429 1318 479; x_wconf 90' lang='lat' dir='ltr'>sim,</span> <span class='ocrx_word' id='word_1_33' title='bbox 1343 429 1411 483; x_wconf 88' lang='lat' dir='ltr'>qui</span> <span class='ocrx_word' id='word_1_34' title='bbox 1440 430 1517 471; x_wconf 91' lang='lat' dir='ltr'>tibi</span> <span class='ocrx_word' id='word_1_35' title='bbox 1552 446 1662 472; x_wconf 89' lang='lat' dir='ltr'>nunc</span> 
     </span>
     <span class='ocr_line' id='line_1_5' title="bbox 122 494 1662 551; baseline 0.001 -14"><span class='ocrx_word' id='word_1_36' title='bbox 122 496 282 546; x_wconf 79' lang='lat' dir='ltr'>assisto,</span> <span class='ocrx_word' id='word_1_37' title='bbox 306 495 575 551; x_wconf 50' lang='lat' dir='ltr'>cognoscisff</span> <span class='ocrx_word' id='word_1_38' title='bbox 637 495 824 536; x_wconf 81' lang='lat' dir='ltr'>Territus</span> <span class='ocrx_word' id='word_1_39' title='bbox 848 495 916 536; x_wconf 92' lang='lat' dir='ltr'>ille</span> <span class='ocrx_word' id='word_1_40' title='bbox 947 494 1047 549; x_wconf 84' lang='lat' dir='ltr'>quid</span> <span class='ocrx_word' id='word_1_41' title='bbox 1077 500 1222 536; x_wconf 88' lang='lat' dir='ltr'>contra</span> <span class='ocrx_word' id='word_1_42' title='bbox 1242 495 1414 536; x_wconf 88' lang='lat' dir='ltr'>mutiret</span> <span class='ocrx_word' id='word_1_43' title='bbox 1445 511 1527 537; x_wconf 90' lang='lat' dir='ltr'>non</span> <span class='ocrx_word' id='word_1_44' title='bbox 1551 497 1662 538; x_wconf 85' lang='lat' dir='ltr'>inve-</span> 
     </span>
     <span class='ocr_line' id='line_1_6' title="bbox 122 561 1662 617; baseline 0.002 -15"><span class='ocrx_word' id='word_1_45' title='bbox 122 567 254 612; x_wconf 85' lang='lat' dir='ltr'>nerat,</span> <span class='ocrx_word' id='word_1_46' title='bbox 277 567 464 604; x_wconf 77' lang='lat' dir='ltr'>attamen</span> <span class='ocrx_word' id='word_1_47' title='bbox 484 562 526 602; x_wconf 88' lang='lat' dir='ltr'>in</span> <span class='ocrx_word' id='word_1_48' title='bbox 553 577 648 602; x_wconf 90' lang='lat' dir='ltr'>eum</span> <span class='ocrx_word' id='word_1_49' title='bbox 669 561 779 603; x_wconf 84' lang='lat' dir='ltr'>visus</span> <span class='ocrx_word' id='word_1_50' title='bbox 800 562 1052 616; x_wconf 74' lang='lat' dir='ltr'>intorquens,</span> <span class='ocrx_word' id='word_1_51' title='bbox 1075 562 1212 616; x_wconf 88' lang='lat' dir='ltr'>aliqua</span> <span class='ocrx_word' id='word_1_52' title='bbox 1234 577 1372 603; x_wconf 87' lang='lat' dir='ltr'>secum</span> <span class='ocrx_word' id='word_1_53' title='bbox 1394 562 1549 605; x_wconf 86' lang='lat' dir='ltr'>indicia</span> <span class='ocrx_word' id='word_1_54' title='bbox 1573 564 1662 617; x_wconf 88' lang='lat' dir='ltr'>quis</span> 
     </span>
     <span class='ocr_line' id='line_1_7' title="bbox 124 627 1663 684; baseline 0 -14"><span class='ocrx_word' id='word_1_55' title='bbox 124 629 293 671; x_wconf 88' lang='grc'>05501110</span> <span class='ocrx_word' id='word_1_56' title='bbox 314 628 496 684; x_wconf 90' lang='lat' dir='ltr'>potuerit</span> <span class='ocrx_word' id='word_1_57' title='bbox 517 632 655 669; x_wconf 90' lang='lat' dir='ltr'>mente</span> <span class='ocrx_word' id='word_1_58' title='bbox 678 627 821 669; x_wconf 88' lang='lat' dir='ltr'>sedula</span> <span class='ocrx_word' id='word_1_59' title='bbox 841 628 1137 682; x_wconf 75' lang='lat' dir='ltr'>pertractabat.</span> <span class='ocrx_word' id='word_1_60' title='bbox 1174 628 1280 669; x_wconf 90' lang='lat' dir='ltr'>Erat</span> <span class='ocrx_word' id='word_1_61' title='bbox 1300 629 1466 682; x_wconf 87' lang='lat' dir='ltr'>quidem</span> <span class='ocrx_word' id='word_1_62' title='bbox 1487 630 1663 671; x_wconf 84' lang='lat' dir='ltr'>amictus</span> 
     </span>
     <span class='ocr_line' id='line_1_8' title="bbox 124 694 1663 751; baseline 0.001 -15"><span class='ocrx_word' id='word_1_63' title='bbox 124 694 369 736; x_wconf 89' lang='lat' dir='ltr'>indumento</span> <span class='ocrx_word' id='word_1_64' title='bbox 392 696 497 736; x_wconf 89' lang='lat' dir='ltr'>lineo</span> <span class='ocrx_word' id='word_1_65' title='bbox 523 694 673 736; x_wconf 85' lang='lat' dir='ltr'>diversi</span> <span class='ocrx_word' id='word_1_66' title='bbox 698 694 856 745; x_wconf 89' lang='lat' dir='ltr'>coloris,</span> <span class='ocrx_word' id='word_1_67' title='bbox 881 694 1059 736; x_wconf 87' lang='lat' dir='ltr'>discreta</span> <span class='ocrx_word' id='word_1_68' title='bbox 1088 694 1311 736; x_wconf 78' lang='lat' dir='ltr'>insertione</span> <span class='ocrx_word' id='word_1_69' title='bbox 1336 696 1576 751; x_wconf 85' lang='lat' dir='ltr'>composito,</span> <span class='ocrx_word' id='word_1_70' title='bbox 1598 701 1663 737; x_wconf 90' lang='lat' dir='ltr'>ut-</span> 
     </span>
     <span class='ocr_line' id='line_1_9' title="bbox 126 761 1663 817; baseline 0.001 -15"><span class='ocrx_word' id='word_1_71' title='bbox 126 766 223 817; x_wconf 84' lang='lat' dir='ltr'>pote</span> <span class='ocrx_word' id='word_1_72' title='bbox 245 761 433 803; x_wconf 85' lang='lat' dir='ltr'>discolori</span> <span class='ocrx_word' id='word_1_73' title='bbox 450 761 650 803; x_wconf 83' lang='lat' dir='ltr'>varietate</span> <span class='ocrx_word' id='word_1_74' title='bbox 672 761 926 811; x_wconf 78' lang='lat' dir='ltr'>intermixto,</span> <span class='ocrx_word' id='word_1_75' title='bbox 944 776 1161 816; x_wconf 87' lang='lat' dir='ltr'>pannoque</span> <span class='ocrx_word' id='word_1_76' title='bbox 1184 761 1344 803; x_wconf 90' lang='lat' dir='ltr'>Altaris</span> <span class='ocrx_word' id='word_1_77' title='bbox 1365 767 1453 803; x_wconf 90' lang='lat' dir='ltr'>erat</span> <span class='ocrx_word' id='word_1_78' title='bbox 1474 762 1663 804; x_wconf 90' lang='lat' dir='ltr'>consimi-</span> 
     </span>
     <span class='ocr_line' id='line_1_10' title="bbox 126 827 1662 882; baseline 0.001 -14"><span class='ocrx_word' id='word_1_79' title='bbox 126 829 188 878; x_wconf 84' lang='lat' dir='ltr'>lis,</span> <span class='ocrx_word' id='word_1_80' title='bbox 211 828 321 882; x_wconf 88' lang='lat' dir='ltr'>quali</span> <span class='ocrx_word' id='word_1_81' title='bbox 343 828 551 869; x_wconf 87' lang='lat' dir='ltr'>schemate</span> <span class='ocrx_word' id='word_1_82' title='bbox 569 827 876 882; x_wconf 84' lang='lat' dir='ltr'>compositionis</span> <span class='ocrx_word' id='word_1_83' title='bbox 896 832 1106 868; x_wconf 80' lang='lat' dir='ltr'>structura</span> <span class='ocrx_word' id='word_1_84' title='bbox 1119 827 1280 869; x_wconf 89' lang='lat' dir='ltr'>Altaris</span> <span class='ocrx_word' id='word_1_85' title='bbox 1297 827 1441 870; x_wconf 81' lang='lat' dir='ltr'>Sancti</span> <span class='ocrx_word' id='word_1_86' title='bbox 1455 828 1485 869; x_wconf 82' lang='lat' dir='ltr'><strong>J</strong></span> <span class='ocrx_word' id='word_1_87' title='bbox 1489 829 1662 871; x_wconf 87' lang='lat' dir='ltr'>ohannis</span> 
     </span>
     <span class='ocr_line' id='line_1_11' title="bbox 127 893 1662 949; baseline 0.001 -14"><span class='ocrx_word' id='word_1_88' title='bbox 127 894 330 949; x_wconf 78' lang='lat' dir='ltr'>Baptistae</span> <span class='ocrx_word' id='word_1_89' title='bbox 346 894 458 949; x_wconf 88' lang='lat' dir='ltr'>apud</span> <span class='ocrx_word' id='word_1_90' title='bbox 472 894 606 935; x_wconf 89' lang='lat' dir='ltr'>virum</span> <span class='ocrx_word' id='word_1_91' title='bbox 620 893 700 935; x_wconf 91' lang='lat' dir='ltr'>Dei</span> <span class='ocrx_word' id='word_1_92' title='bbox 714 893 861 948; x_wconf 90' lang='lat' dir='ltr'>operiri</span> <span class='ocrx_word' id='word_1_93' title='bbox 876 899 1159 935; x_wconf 87' lang='lat' dir='ltr'>consueverat.</span> <span class='ocrx_word' id='word_1_94' title='bbox 1188 894 1314 935; x_wconf 90' lang='lat' dir='ltr'>Unde</span> <span class='ocrx_word' id='word_1_95' title='bbox 1328 895 1383 935; x_wconf 92' lang='lat' dir='ltr'>ad</span> <span class='ocrx_word' id='word_1_96' title='bbox 1399 895 1533 936; x_wconf 83' lang='lat' dir='ltr'>virum</span> <span class='ocrx_word' id='word_1_97' title='bbox 1546 895 1662 936; x_wconf 80' lang='lat' dir='ltr'>iilum</span> 
     </span>
     <span class='ocr_line' id='line_1_12' title="bbox 127 959 1662 1016; baseline 0.001 -14"><span class='ocrx_word' id='word_1_98' title='bbox 127 961 183 1002; x_wconf 92' lang='lat' dir='ltr'>sic</span> <span class='ocrx_word' id='word_1_99' title='bbox 211 960 364 1011; x_wconf 82' lang='lat' dir='ltr'>intulit,</span> <span class='ocrx_word' id='word_1_100' title='bbox 401 960 594 1010; x_wconf 54' lang='lat' dir='ltr'>“Ecca&#39;&#39;</span> <span class='ocrx_word' id='word_1_101' title='bbox 622 959 822 1013; x_wconf 78' lang='lat' dir='ltr'>inquiens,</span> <span class='ocrx_word' id='word_1_102' title='bbox 857 964 1055 1015; x_wconf 76' lang='lat' dir='ltr'>“pannus</span> <span class='ocrx_word' id='word_1_103' title='bbox 1085 961 1153 1001; x_wconf 92' lang='lat' dir='ltr'>ille</span> <span class='ocrx_word' id='word_1_104' title='bbox 1184 976 1263 1014; x_wconf 91' lang='lat' dir='ltr'>quo</span> <span class='ocrx_word' id='word_1_105' title='bbox 1296 961 1478 1016; x_wconf 88' lang='lat' dir='ltr'>operiris,</span> <span class='ocrx_word' id='word_1_106' title='bbox 1511 962 1662 1004; x_wconf 83' lang='lat' dir='ltr'>furtive</span> 
     </span>
     <span class='ocr_line' id='line_1_13' title="bbox 124 1026 1662 1080; baseline 0.001 -12"><span class='ocrx_word' id='word_1_107' title='bbox 124 1027 175 1068; x_wconf 90' lang='lat' dir='ltr'>de</span> <span class='ocrx_word' id='word_1_108' title='bbox 198 1026 346 1068; x_wconf 88' lang='lat' dir='ltr'>Altare</span> <span class='ocrx_word' id='word_1_109' title='bbox 367 1026 508 1067; x_wconf 87' lang='lat' dir='ltr'>domni</span> <span class='ocrx_word' id='word_1_110' title='bbox 529 1026 610 1067; x_wconf 87' lang='grc'>11101</span> <span class='ocrx_word' id='word_1_111' title='bbox 632 1026 818 1067; x_wconf 88' lang='lat' dir='ltr'>sublatus</span> <span class='ocrx_word' id='word_1_112' title='bbox 843 1031 905 1067; x_wconf 90' lang='lat' dir='ltr'>est</span> <span class='ocrx_word' id='word_1_113' title='bbox 923 1041 933 1078; x_wconf 91' lang='grc'>;</span> <span class='ocrx_word' id='word_1_114' title='bbox 971 1027 1159 1080; x_wconf 86' lang='lat' dir='ltr'>quiahoc</span> <span class='ocrx_word' id='word_1_115' title='bbox 1180 1027 1423 1069; x_wconf 86' lang='lat' dir='ltr'>indumento</span> <span class='ocrx_word' id='word_1_116' title='bbox 1445 1029 1547 1069; x_wconf 89' lang='lat' dir='ltr'>illud</span> <span class='ocrx_word' id='word_1_117' title='bbox 1568 1044 1662 1070; x_wconf 92' lang='lat' dir='ltr'>con-</span> 
     </span>
     <span class='ocr_line' id='line_1_14' title="bbox 124 1092 1661 1148; baseline 0.003 -15"><span class='ocrx_word' id='word_1_118' title='bbox 124 1093 210 1148; x_wconf 86' lang='lat' dir='ltr'>tegi</span> <span class='ocrx_word' id='word_1_119' title='bbox 232 1092 590 1134; x_wconf 82' lang='lat' dir='ltr'>consuetissimum</span> <span class='ocrx_word' id='word_1_120' title='bbox 609 1092 712 1133; x_wconf 75' lang='lat' dir='ltr'>est.&#39;&#39;</span> <span class='ocrx_word' id='word_1_121' title='bbox 775 1093 893 1133; x_wconf 91' lang='lat' dir='ltr'>Tunc</span> <span class='ocrx_word' id='word_1_122' title='bbox 924 1093 991 1133; x_wconf 93' lang='lat' dir='ltr'>ille</span> <span class='ocrx_word' id='word_1_123' title='bbox 1015 1094 1130 1146; x_wconf 83' lang='lat' dir='ltr'>quasi</span> <span class='ocrx_word' id='word_1_124' title='bbox 1156 1093 1385 1145; x_wconf 81' lang='lat' dir='ltr'>subridens,</span> <span class='ocrx_word' id='word_1_125' title='bbox 1411 1095 1452 1135; x_wconf 89' lang='lat' dir='ltr'>in</span> <span class='ocrx_word' id='word_1_126' title='bbox 1475 1111 1569 1136; x_wconf 89' lang='lat' dir='ltr'>eum</span> <span class='ocrx_word' id='word_1_127' title='bbox 1591 1111 1661 1137; x_wconf 85' lang='lat' dir='ltr'>ora</span> 
     </span>
     <span class='ocr_line' id='line_1_15' title="bbox 126 1159 1662 1214; baseline 0.002 -14"><span class='ocrx_word' id='word_1_128' title='bbox 126 1159 343 1209; x_wconf 89' lang='lat' dir='ltr'>convertit,</span> <span class='ocrx_word' id='word_1_129' title='bbox 376 1165 418 1200; x_wconf 90' lang='lat' dir='ltr'>et</span> <span class='ocrx_word' id='word_1_130' title='bbox 459 1159 517 1200; x_wconf 89' lang='lat' dir='ltr'>sic</span> <span class='ocrx_word' id='word_1_131' title='bbox 554 1174 818 1200; x_wconf 88' lang='lat' dir='ltr'>commonens</span> <span class='ocrx_word' id='word_1_132' title='bbox 851 1159 923 1209; x_wconf 84' lang='lat' dir='ltr'>ait,</span> <span class='ocrx_word' id='word_1_133' title='bbox 948 1163 972 1180; x_wconf 74' lang='lat'>‘⁶</span> <span class='ocrx_word' id='word_1_134' title='bbox 991 1159 1083 1214; x_wconf 91' lang='lat' dir='ltr'>Ego</span> <span class='ocrx_word' id='word_1_135' title='bbox 1108 1160 1235 1200; x_wconf 87' lang='lat' dir='ltr'>etiam</span> <span class='ocrx_word' id='word_1_136' title='bbox 1258 1160 1416 1202; x_wconf 85' lang='lat' dir='ltr'>Beatus</span> <span class='ocrx_word' id='word_1_137' title='bbox 1447 1161 1477 1201; x_wconf 84' lang='lat' dir='ltr'><strong>J</strong></span> <span class='ocrx_word' id='word_1_138' title='bbox 1481 1162 1662 1204; x_wconf 88' lang='lat' dir='ltr'>ohannes</span> 
     </span>
     <span class='ocr_line' id='line_1_16' title="bbox 126 1225 1662 1280; baseline 0.001 -13"><span class='ocrx_word' id='word_1_139' title='bbox 126 1226 322 1280; x_wconf 82' lang='lat' dir='ltr'>Baptista</span> <span class='ocrx_word' id='word_1_140' title='bbox 342 1241 445 1275; x_wconf 88' lang='lat' dir='ltr'>sum,</span> <span class='ocrx_word' id='word_1_141' title='bbox 467 1230 508 1266; x_wconf 90' lang='lat' dir='ltr'>et</span> <span class='ocrx_word' id='word_1_142' title='bbox 531 1225 610 1266; x_wconf 94' lang='grc'>1100</span> <span class='ocrx_word' id='word_1_143' title='bbox 632 1225 874 1266; x_wconf 90' lang='lat' dir='ltr'>indumento</span> <span class='ocrx_word' id='word_1_144' title='bbox 898 1226 1013 1279; x_wconf 88' lang='lat' dir='ltr'>quasi</span> <span class='ocrx_word' id='word_1_145' title='bbox 1035 1226 1199 1280; x_wconf 91' lang='lat' dir='ltr'>proprio</span> <span class='ocrx_word' id='word_1_146' title='bbox 1224 1227 1401 1268; x_wconf 89' lang='lat' dir='ltr'>amictus</span> <span class='ocrx_word' id='word_1_147' title='bbox 1422 1243 1526 1269; x_wconf 89' lang='lat' dir='ltr'>sum.</span> <span class='ocrx_word' id='word_1_148' title='bbox 1598 1229 1662 1270; x_wconf 89' lang='lat' dir='ltr'>Tu</span> 
     </span>
     <span class='ocr_line' id='line_1_17' title="bbox 124 1291 1664 1349; baseline 0.002 -16"><span class='ocrx_word' id='word_1_149' title='bbox 124 1292 252 1347; x_wconf 90' lang='lat' dir='ltr'>igitur</span> <span class='ocrx_word' id='word_1_150' title='bbox 272 1307 440 1346; x_wconf 89' lang='lat' dir='ltr'>sequere</span> <span class='ocrx_word' id='word_1_151' title='bbox 467 1307 546 1341; x_wconf 86' lang='lat' dir='ltr'>me,</span> <span class='ocrx_word' id='word_1_152' title='bbox 570 1291 666 1346; x_wconf 90' lang='lat' dir='ltr'>quia</span> <span class='ocrx_word' id='word_1_153' title='bbox 695 1306 787 1345; x_wconf 90' lang='lat' dir='ltr'>quae</span> <span class='ocrx_word' id='word_1_154' title='bbox 820 1296 979 1333; x_wconf 88' lang='lat' dir='ltr'>secreta</span> <span class='ocrx_word' id='word_1_155' title='bbox 1009 1297 1117 1342; x_wconf 89' lang='lat' dir='ltr'>sunt,</span> <span class='ocrx_word' id='word_1_156' title='bbox 1154 1293 1231 1334; x_wconf 87' lang='lat' dir='ltr'>tibi</span> <span class='ocrx_word' id='word_1_157' title='bbox 1263 1293 1496 1349; x_wconf 86' lang='lat' dir='ltr'>detegenda</span> <span class='ocrx_word' id='word_1_158' title='bbox 1526 1296 1664 1337; x_wconf 77' lang='grc'>511111.”</span> 
     </span>
     <span class='ocr_line' id='line_1_18' title="bbox 128 1358 1660 1415; baseline 0.003 -16"><span class='ocrx_word' id='word_1_159' title='bbox 128 1359 452 1413; x_wconf 75' lang='lat' dir='ltr'>praecedensque</span> <span class='ocrx_word' id='word_1_160' title='bbox 486 1359 551 1399; x_wconf 88' lang='lat' dir='ltr'>vir</span> <span class='ocrx_word' id='word_1_161' title='bbox 585 1358 652 1399; x_wconf 87' lang='lat' dir='ltr'>ille</span> <span class='ocrx_word' id='word_1_162' title='bbox 684 1358 800 1412; x_wconf 87' lang='lat' dir='ltr'>quasi</span> <span class='ocrx_word' id='word_1_163' title='bbox 833 1358 887 1399; x_wconf 91' lang='lat' dir='ltr'>ad</span> <span class='ocrx_word' id='word_1_164' title='bbox 920 1359 1015 1400; x_wconf 87' lang='lat' dir='ltr'>solis</span> <span class='ocrx_word' id='word_1_165' title='bbox 1041 1365 1178 1400; x_wconf 89' lang='lat' dir='ltr'>ortum</span> <span class='ocrx_word' id='word_1_166' title='bbox 1208 1360 1399 1415; x_wconf 80' lang='lat' dir='ltr'>progredi</span> <span class='ocrx_word' id='word_1_167' title='bbox 1426 1361 1660 1410; x_wconf 83' lang='lat' dir='ltr'>videbatur,</span> 
     </span>
     <span class='ocr_line' id='line_1_19' title="bbox 117 1423 1663 1482; baseline 0.003 -16"><span class='ocrx_word' id='word_1_168' title='bbox 117 1423 284 1480; x_wconf 85' lang='lat' dir='ltr'>juvenis</span> <span class='ocrx_word' id='word_1_169' title='bbox 307 1440 403 1466; x_wconf 85' lang='lat' dir='ltr'>vero</span> <span class='ocrx_word' id='word_1_170' title='bbox 436 1425 503 1466; x_wconf 90' lang='lat' dir='ltr'>ille</span> <span class='ocrx_word' id='word_1_171' title='bbox 529 1429 689 1466; x_wconf 89' lang='lat' dir='ltr'>erectus</span> <span class='ocrx_word' id='word_1_172' title='bbox 722 1429 763 1465; x_wconf 90' lang='lat' dir='ltr'>et</span> <span class='ocrx_word' id='word_1_173' title='bbox 797 1424 905 1466; x_wconf 89' lang='lat' dir='ltr'>circa</span> <span class='ocrx_word' id='word_1_174' title='bbox 935 1440 977 1466; x_wconf 88' lang='lat' dir='ltr'>se</span> <span class='ocrx_word' id='word_1_175' title='bbox 1012 1426 1244 1480; x_wconf 85' lang='lat' dir='ltr'>respiciens,</span> <span class='ocrx_word' id='word_1_176' title='bbox 1279 1427 1381 1467; x_wconf 90' lang='lat' dir='ltr'>nihil</span> <span class='ocrx_word' id='word_1_177' title='bbox 1411 1428 1575 1482; x_wconf 88' lang='lat' dir='ltr'>penitus</span> <span class='ocrx_word' id='word_1_178' title='bbox 1612 1428 1663 1469; x_wconf 89' lang='lat' dir='ltr'>de</span> 
     </span>
     <span class='ocr_line' id='line_1_20' title="bbox 123 1490 1663 1548; baseline 0.003 -16"><span class='ocrx_word' id='word_1_179' title='bbox 123 1492 236 1546; x_wconf 90' lang='lat' dir='ltr'>prius</span> <span class='ocrx_word' id='word_1_180' title='bbox 257 1491 563 1547; x_wconf 85' lang='lat' dir='ltr'>circumspectis</span> <span class='ocrx_word' id='word_1_181' title='bbox 584 1490 733 1533; x_wconf 83' lang='lat' dir='ltr'>finibus</span> <span class='ocrx_word' id='word_1_182' title='bbox 754 1491 831 1533; x_wconf 90' lang='lat' dir='ltr'>sibi</span> <span class='ocrx_word' id='word_1_183' title='bbox 863 1507 1097 1547; x_wconf 89' lang='lat' dir='ltr'>comparere</span> <span class='ocrx_word' id='word_1_184' title='bbox 1133 1494 1507 1548; x_wconf 82' lang='lat' dir='ltr'>contemplabatur.</span> <span class='ocrx_word' id='word_1_185' title='bbox 1578 1495 1663 1536; x_wconf 90' lang='lat' dir='ltr'>Pro</span> 
     </span>
     <span class='ocr_line' id='line_1_21' title="bbox 123 1558 1662 1616; baseline 0.003 -17"><span class='ocrx_word' id='word_1_186' title='bbox 123 1558 232 1600; x_wconf 89' lang='lat' dir='ltr'>vasis</span> <span class='ocrx_word' id='word_1_187' title='bbox 253 1573 349 1600; x_wconf 87' lang='lat' dir='ltr'>vero</span> <span class='ocrx_word' id='word_1_188' title='bbox 371 1558 453 1600; x_wconf 89' lang='lat' dir='ltr'>suis</span> <span class='ocrx_word' id='word_1_189' title='bbox 473 1558 697 1613; x_wconf 88' lang='lat' dir='ltr'>plurimum</span> <span class='ocrx_word' id='word_1_190' title='bbox 719 1558 856 1599; x_wconf 90' lang='lat' dir='ltr'>animo</span> <span class='ocrx_word' id='word_1_191' title='bbox 877 1559 1158 1609; x_wconf 87' lang='lat' dir='ltr'>contristatus,</span> <span class='ocrx_word' id='word_1_192' title='bbox 1183 1575 1232 1600; x_wconf 88' lang='lat' dir='ltr'>ea</span> <span class='ocrx_word' id='word_1_193' title='bbox 1262 1560 1319 1601; x_wconf 94' lang='lat' dir='ltr'>ibi</span> <span class='ocrx_word' id='word_1_194' title='bbox 1342 1561 1550 1602; x_wconf 88' lang='lat' dir='ltr'>dimittere</span> <span class='ocrx_word' id='word_1_195' title='bbox 1572 1577 1662 1616; x_wconf 82' lang='lat' dir='ltr'>per-</span> 
     </span>
     <span class='ocr_line' id='line_1_22' title="bbox 122 1624 1660 1682; baseline 0.003 -17"><span class='ocrx_word' id='word_1_196' title='bbox 122 1624 277 1674; x_wconf 88' lang='lat' dir='ltr'>timuit,</span> <span class='ocrx_word' id='word_1_197' title='bbox 301 1625 396 1679; x_wconf 87' lang='lat' dir='ltr'>quia</span> <span class='ocrx_word' id='word_1_198' title='bbox 416 1640 465 1665; x_wconf 90' lang='lat' dir='ltr'>ea</span> <span class='ocrx_word' id='word_1_199' title='bbox 483 1625 560 1666; x_wconf 89' lang='lat' dir='ltr'>sibi</span> <span class='ocrx_word' id='word_1_200' title='bbox 583 1624 694 1665; x_wconf 86' lang='lat' dir='ltr'>furto</span> <span class='ocrx_word' id='word_1_201' title='bbox 716 1624 996 1675; x_wconf 87' lang='lat' dir='ltr'>subducenda,</span> <span class='ocrx_word' id='word_1_202' title='bbox 1023 1626 1056 1667; x_wconf 87' lang='lat' dir='ltr'>si</span> <span class='ocrx_word' id='word_1_203' title='bbox 1077 1626 1129 1666; x_wconf 88' lang='lat' dir='ltr'>ab</span> <span class='ocrx_word' id='word_1_204' title='bbox 1154 1626 1234 1668; x_wconf 90' lang='lat' dir='ltr'>illis</span> <span class='ocrx_word' id='word_1_205' title='bbox 1254 1626 1416 1682; x_wconf 89' lang='lat' dir='ltr'>longius</span> <span class='ocrx_word' id='word_1_206' title='bbox 1436 1628 1660 1680; x_wconf 83' lang='lat' dir='ltr'>recederet,</span> 
     </span>
     <span class='ocr_line' id='line_1_23' title="bbox 123 1689 1662 1746; baseline 0.003 -15"><span class='ocrx_word' id='word_1_207' title='bbox 123 1691 313 1732; x_wconf 80' lang='lat' dir='ltr'>credidit.</span> <span class='ocrx_word' id='word_1_208' title='bbox 378 1690 449 1732; x_wconf 78' lang='lat' dir='ltr'>Ad</span> <span class='ocrx_word' id='word_1_209' title='bbox 471 1689 586 1746; x_wconf 84' lang='lat' dir='ltr'>cujus</span> <span class='ocrx_word' id='word_1_210' title='bbox 608 1691 830 1746; x_wconf 87' lang='lat' dir='ltr'>cogitantis</span> <span class='ocrx_word' id='word_1_211' title='bbox 850 1692 978 1733; x_wconf 87' lang='lat' dir='ltr'>verba</span> <span class='ocrx_word' id='word_1_212' title='bbox 999 1693 1061 1733; x_wconf 85' lang='lat' dir='ltr'>vir</span> <span class='ocrx_word' id='word_1_213' title='bbox 1091 1692 1158 1733; x_wconf 91' lang='lat' dir='ltr'>ille</span> <span class='ocrx_word' id='word_1_214' title='bbox 1190 1694 1246 1734; x_wconf 88' lang='lat' dir='ltr'>sic</span> <span class='ocrx_word' id='word_1_215' title='bbox 1274 1693 1428 1745; x_wconf 89' lang='lat' dir='ltr'>intulit,</span> <span class='ocrx_word' id='word_1_216' title='bbox 1460 1698 1485 1716; x_wconf 72' lang='lat'>‘⁶</span> <span class='ocrx_word' id='word_1_217' title='bbox 1501 1694 1564 1735; x_wconf 90' lang='lat' dir='ltr'>Ne</span> <span class='ocrx_word' id='word_1_218' title='bbox 1586 1696 1662 1736; x_wconf 90' lang='lat' dir='ltr'>ali-</span> 
     </span>
     <span class='ocr_line' id='line_1_24' title="bbox 124 1756 1661 1812; baseline 0.003 -15"><span class='ocrx_word' id='word_1_219' title='bbox 124 1757 223 1811; x_wconf 91' lang='lat' dir='ltr'>quid</span> <span class='ocrx_word' id='word_1_220' title='bbox 236 1773 309 1812; x_wconf 91' lang='lat' dir='ltr'>pro</span> <span class='ocrx_word' id='word_1_221' title='bbox 330 1757 439 1799; x_wconf 85' lang='lat' dir='ltr'>vasis</span> <span class='ocrx_word' id='word_1_222' title='bbox 461 1756 602 1798; x_wconf 89' lang='lat' dir='ltr'>domni</span> <span class='ocrx_word' id='word_1_223' title='bbox 623 1757 684 1798; x_wconf 90' lang='lat' dir='ltr'>tui</span> <span class='ocrx_word' id='word_1_224' title='bbox 707 1757 883 1807; x_wconf 88' lang='lat' dir='ltr'>dubites,</span> <span class='ocrx_word' id='word_1_225' title='bbox 908 1758 1004 1812; x_wconf 86' lang='lat' dir='ltr'>quia</span> <span class='ocrx_word' id='word_1_226' title='bbox 1030 1774 1096 1799; x_wconf 89' lang='lat' dir='ltr'>me</span> <span class='ocrx_word' id='word_1_227' title='bbox 1127 1774 1176 1800; x_wconf 88' lang='lat' dir='ltr'>ea</span> <span class='ocrx_word' id='word_1_228' title='bbox 1204 1760 1475 1810; x_wconf 87' lang='lat' dir='ltr'>custodiente,</span> <span class='ocrx_word' id='word_1_229' title='bbox 1496 1761 1578 1802; x_wconf 89' lang='lat' dir='ltr'>huc</span> <span class='ocrx_word' id='word_1_230' title='bbox 1600 1777 1661 1802; x_wconf 89' lang='lat' dir='ltr'>re-</span> 
     </span>
     <span class='ocr_line' id='line_1_25' title="bbox 124 1823 1663 1880; baseline 0.003 -16"><span class='ocrx_word' id='word_1_231' title='bbox 124 1823 287 1865; x_wconf 88' lang='lat' dir='ltr'>diturus</span> <span class='ocrx_word' id='word_1_232' title='bbox 318 1824 388 1864; x_wconf 89' lang='lat' dir='ltr'>illa</span> <span class='ocrx_word' id='word_1_233' title='bbox 417 1824 551 1878; x_wconf 89' lang='lat' dir='ltr'>plena,</span> <span class='ocrx_word' id='word_1_234' title='bbox 592 1824 707 1865; x_wconf 86' lang='lat' dir='ltr'>salva</span> <span class='ocrx_word' id='word_1_235' title='bbox 742 1828 784 1865; x_wconf 88' lang='lat' dir='ltr'>et</span> <span class='ocrx_word' id='word_1_236' title='bbox 818 1824 1158 1874; x_wconf 88' lang='lat' dir='ltr'>incontaminata,</span> <span class='ocrx_word' id='word_1_237' title='bbox 1191 1826 1436 1880; x_wconf 40' lang='lat' dir='ltr'>repperies?</span> <span class='ocrx_word' id='word_1_238' title='bbox 1503 1827 1663 1880; x_wconf 78' lang='lat' dir='ltr'>Quibus</span> 
     </span>
     <span class='ocr_line' id='line_1_26' title="bbox 123 1888 1661 1947; baseline 0.003 -17"><span class='ocrx_word' id='word_1_239' title='bbox 123 1888 358 1931; x_wconf 79' lang='lat' dir='ltr'>laetificatus</span> <span class='ocrx_word' id='word_1_240' title='bbox 388 1890 585 1945; x_wconf 87' lang='lat' dir='ltr'>processit</span> <span class='ocrx_word' id='word_1_241' title='bbox 617 1890 806 1940; x_wconf 89' lang='lat' dir='ltr'>alacrius,</span> <span class='ocrx_word' id='word_1_242' title='bbox 841 1891 1020 1931; x_wconf 90' lang='lat' dir='ltr'>multum</span> <span class='ocrx_word' id='word_1_243' title='bbox 1053 1897 1194 1932; x_wconf 89' lang='lat' dir='ltr'>tamen</span> <span class='ocrx_word' id='word_1_244' title='bbox 1228 1892 1551 1947; x_wconf 85' lang='lat' dir='ltr'>obstupefactus,</span> <span class='ocrx_word' id='word_1_245' title='bbox 1589 1895 1661 1935; x_wconf 92' lang='lat' dir='ltr'>ubi</span> 
     </span>
     <span class='ocr_line' id='line_1_27' title="bbox 123 1956 1663 2011; baseline 0.004 -15"><span class='ocrx_word' id='word_1_246' title='bbox 123 1971 221 1997; x_wconf 88' lang='lat' dir='ltr'>nam</span> <span class='ocrx_word' id='word_1_247' title='bbox 242 1956 388 1998; x_wconf 88' lang='lat' dir='ltr'>civitas</span> <span class='ocrx_word' id='word_1_248' title='bbox 409 1971 533 2010; x_wconf 89' lang='lat' dir='ltr'>quam</span> <span class='ocrx_word' id='word_1_249' title='bbox 563 1957 677 2011; x_wconf 89' lang='lat' dir='ltr'>prius</span> <span class='ocrx_word' id='word_1_250' title='bbox 705 1956 882 2007; x_wconf 87' lang='lat' dir='ltr'>viderat,</span> <span class='ocrx_word' id='word_1_251' title='bbox 914 1961 955 1998; x_wconf 88' lang='lat' dir='ltr'>et</span> <span class='ocrx_word' id='word_1_252' title='bbox 987 1957 1091 1998; x_wconf 87' lang='lat' dir='ltr'>silva</span> <span class='ocrx_word' id='word_1_253' title='bbox 1119 1958 1304 1999; x_wconf 82' lang='lat' dir='ltr'>maxima</span> <span class='ocrx_word' id='word_1_254' title='bbox 1335 1974 1428 2000; x_wconf 89' lang='lat' dir='ltr'>cum</span> <span class='ocrx_word' id='word_1_255' title='bbox 1459 1960 1570 2001; x_wconf 90' lang='lat' dir='ltr'>omni</span> <span class='ocrx_word' id='word_1_256' title='bbox 1601 1976 1663 2002; x_wconf 91' lang='lat' dir='ltr'>re-</span> 
     </span>
     <span class='ocr_line' id='line_1_28' title="bbox 125 2022 1662 2079; baseline 0.003 -16"><span class='ocrx_word' id='word_1_257' title='bbox 125 2023 246 2078; x_wconf 87' lang='lat' dir='ltr'>gione</span> <span class='ocrx_word' id='word_1_258' title='bbox 282 2022 586 2077; x_wconf 86' lang='lat' dir='ltr'>circumposita,</span> <span class='ocrx_word' id='word_1_259' title='bbox 625 2023 873 2077; x_wconf 86' lang='lat' dir='ltr'>disparendo</span> <span class='ocrx_word' id='word_1_260' title='bbox 910 2023 1160 2079; x_wconf 86' lang='lat' dir='ltr'>difugerant.</span> <span class='ocrx_word' id='word_1_261' title='bbox 1224 2024 1484 2079; x_wconf 87' lang='lat' dir='ltr'>Sequebatur</span> <span class='ocrx_word' id='word_1_262' title='bbox 1520 2032 1662 2068; x_wconf 89' lang='lat' dir='ltr'>tamen</span> 
     </span>
     <span class='ocr_line' id='line_1_29' title="bbox 127 2088 1663 2145; baseline 0.003 -16"><span class='ocrx_word' id='word_1_263' title='bbox 127 2088 275 2130; x_wconf 90' lang='lat' dir='ltr'>ducem</span> <span class='ocrx_word' id='word_1_264' title='bbox 296 2089 510 2144; x_wconf 79' lang='lat' dir='ltr'>praevium,</span> <span class='ocrx_word' id='word_1_265' title='bbox 531 2089 716 2131; x_wconf 88' lang='lat' dir='ltr'>nesciens</span> <span class='ocrx_word' id='word_1_266' title='bbox 738 2089 837 2143; x_wconf 86' lang='lat' dir='ltr'>quid</span> <span class='ocrx_word' id='word_1_267' title='bbox 865 2104 959 2130; x_wconf 91' lang='lat' dir='ltr'>eum</span> <span class='ocrx_word' id='word_1_268' title='bbox 987 2090 1250 2145; x_wconf 86' lang='lat' dir='ltr'>compelleret</span> <span class='ocrx_word' id='word_1_269' title='bbox 1281 2091 1336 2132; x_wconf 87' lang='lat' dir='ltr'>ad</span> <span class='ocrx_word' id='word_1_270' title='bbox 1366 2092 1475 2133; x_wconf 88' lang='lat' dir='ltr'>tanti</span> <span class='ocrx_word' id='word_1_271' title='bbox 1505 2093 1663 2135; x_wconf 88' lang='lat' dir='ltr'>itineris</span> 
     </span>
     <span class='ocr_line' id='line_1_30' title="bbox 127 2155 1662 2213; baseline 0.003 -17"><span class='ocrx_word' id='word_1_272' title='bbox 127 2170 380 2210; x_wconf 84' lang='lat' dir='ltr'>aggressum.</span> <span class='ocrx_word' id='word_1_273' title='bbox 463 2155 700 2197; x_wconf 87' lang='lat' dir='ltr'>Videbatur</span> <span class='ocrx_word' id='word_1_274' title='bbox 732 2160 873 2197; x_wconf 89' lang='lat' dir='ltr'>tamen</span> <span class='ocrx_word' id='word_1_275' title='bbox 909 2156 945 2196; x_wconf 92' lang='lat' dir='ltr'>ei</span> <span class='ocrx_word' id='word_1_276' title='bbox 980 2157 1091 2211; x_wconf 88' lang='lat' dir='ltr'>quod</span> <span class='ocrx_word' id='word_1_277' title='bbox 1125 2158 1256 2212; x_wconf 86' lang='lat' dir='ltr'>glacie</span> <span class='ocrx_word' id='word_1_278' title='bbox 1293 2159 1586 2213; x_wconf 86' lang='lat' dir='ltr'>supermicanti</span> <span class='ocrx_word' id='word_1_279' title='bbox 1620 2165 1662 2201; x_wconf 92' lang='lat' dir='ltr'>et</span> 
     </span>
     <span class='ocr_line' id='line_1_31' title="bbox 128 2221 1663 2281; baseline 0.003 -19"><span class='ocrx_word' id='word_1_280' title='bbox 128 2221 423 2263; x_wconf 86' lang='lat' dir='ltr'>candidissima</span> <span class='ocrx_word' id='word_1_281' title='bbox 456 2226 546 2263; x_wconf 84' lang='lat' dir='ltr'>toto</span> <span class='ocrx_word' id='word_1_282' title='bbox 590 2222 659 2263; x_wconf 89' lang='lat' dir='ltr'>illo</span> <span class='ocrx_word' id='word_1_283' title='bbox 690 2222 836 2263; x_wconf 88' lang='lat' dir='ltr'>itinere</span> <span class='ocrx_word' id='word_1_284' title='bbox 868 2223 1089 2276; x_wconf 81' lang='lat' dir='ltr'>incederet,</span> <span class='ocrx_word' id='word_1_285' title='bbox 1122 2239 1211 2277; x_wconf 82' lang='lat' dir='ltr'>quae</span> <span class='ocrx_word' id='word_1_286' title='bbox 1257 2224 1361 2265; x_wconf 91' lang='lat' dir='ltr'>adeo</span> <span class='ocrx_word' id='word_1_287' title='bbox 1406 2230 1495 2266; x_wconf 91' lang='lat' dir='ltr'>erat</span> <span class='ocrx_word' id='word_1_288' title='bbox 1533 2227 1663 2281; x_wconf 88' lang='lat' dir='ltr'>polita</span> 
     </span>
     <span class='ocr_line' id='line_1_32' title="bbox 128 2287 1661 2348; baseline 0.004 -20"><span class='ocrx_word' id='word_1_289' title='bbox 128 2292 170 2328; x_wconf 88' lang='lat' dir='ltr'>et</span> <span class='ocrx_word' id='word_1_290' title='bbox 194 2287 352 2329; x_wconf 90' lang='lat' dir='ltr'>lubrica</span> <span class='ocrx_word' id='word_1_291' title='bbox 381 2293 429 2329; x_wconf 91' lang='lat' dir='ltr'>ut</span> <span class='ocrx_word' id='word_1_292' title='bbox 463 2288 534 2329; x_wconf 82' lang='lat' dir='ltr'>vix</span> <span class='ocrx_word' id='word_1_293' title='bbox 568 2288 805 2343; x_wconf 89' lang='lat' dir='ltr'>plantarum</span> <span class='ocrx_word' id='word_1_294' title='bbox 833 2289 1009 2344; x_wconf 86' lang='lat' dir='ltr'>vestigia</span> <span class='ocrx_word' id='word_1_295' title='bbox 1038 2290 1081 2330; x_wconf 90' lang='lat' dir='ltr'>in</span> <span class='ocrx_word' id='word_1_296' title='bbox 1104 2289 1213 2332; x_wconf 88' lang='lat' dir='ltr'>illius</span> <span class='ocrx_word' id='word_1_297' title='bbox 1242 2291 1460 2345; x_wconf 87' lang='lat' dir='ltr'>planiciem</span> <span class='ocrx_word' id='word_1_298' title='bbox 1483 2292 1661 2348; x_wconf 87' lang='lat' dir='ltr'>defigere</span> 
     </span>
     <span class='ocr_line' id='line_1_33' title="bbox 128 2354 1658 2411; baseline 0.005 -17"><span class='ocrx_word' id='word_1_299' title='bbox 128 2354 386 2408; x_wconf 87' lang='lat' dir='ltr'>aliquatenus</span> <span class='ocrx_word' id='word_1_300' title='bbox 405 2354 621 2409; x_wconf 83' lang='lat' dir='ltr'>potuisset3</span> <span class='ocrx_word' id='word_1_301' title='bbox 641 2354 751 2395; x_wconf 87' lang='lat' dir='ltr'>unde</span> <span class='ocrx_word' id='word_1_302' title='bbox 770 2355 894 2410; x_wconf 88' lang='lat' dir='ltr'>pedes</span> <span class='ocrx_word' id='word_1_303' title='bbox 915 2356 1042 2410; x_wconf 89' lang='lat' dir='ltr'>ipsius</span> <span class='ocrx_word' id='word_1_304' title='bbox 1057 2356 1216 2411; x_wconf 89' lang='lat' dir='ltr'>impetu</span> <span class='ocrx_word' id='word_1_305' title='bbox 1232 2357 1389 2399; x_wconf 91' lang='lat' dir='ltr'>lubrico</span> <span class='ocrx_word' id='word_1_306' title='bbox 1408 2358 1658 2410; x_wconf 87' lang='lat' dir='ltr'>ferebantur,</span> 
     </span>
     <span class='ocr_line' id='line_1_34' title="bbox 130 2420 1660 2480; baseline 0.005 -20"><span class='ocrx_word' id='word_1_307' title='bbox 130 2420 199 2474; x_wconf 92' lang='lat' dir='ltr'>qui</span> <span class='ocrx_word' id='word_1_308' title='bbox 234 2425 363 2461; x_wconf 87' lang='lat' dir='ltr'>tantae</span> <span class='ocrx_word' id='word_1_309' title='bbox 401 2421 633 2462; x_wconf 87' lang='lat' dir='ltr'>velocitatis</span> <span class='ocrx_word' id='word_1_310' title='bbox 666 2421 854 2476; x_wconf 80' lang='lat' dir='ltr'>agilitate</span> <span class='ocrx_word' id='word_1_311' title='bbox 879 2427 996 2462; x_wconf 87' lang='lat' dir='ltr'>erant</span> <span class='ocrx_word' id='word_1_312' title='bbox 1029 2422 1216 2474; x_wconf 88' lang='lat' dir='ltr'>ductiles,</span> <span class='ocrx_word' id='word_1_313' title='bbox 1239 2428 1288 2464; x_wconf 86' lang='lat' dir='ltr'>ut</span> <span class='ocrx_word' id='word_1_314' title='bbox 1310 2425 1540 2466; x_wconf 87' lang='lat' dir='ltr'>volatilium</span> <span class='ocrx_word' id='word_1_315' title='bbox 1563 2441 1660 2480; x_wconf 90' lang='lat' dir='ltr'>quo-</span> 
     </span>
     <span class='ocr_line' id='line_1_35' title="bbox 129 2486 1032 2541; baseline 0.002 -14"><span class='ocrx_word' id='word_1_316' title='bbox 129 2486 352 2527; x_wconf 89' lang='lat' dir='ltr'>dammodo</span> <span class='ocrx_word' id='word_1_317' title='bbox 372 2487 545 2541; x_wconf 86' lang='lat' dir='ltr'>remigia</span> <span class='ocrx_word' id='word_1_318' title='bbox 562 2487 761 2528; x_wconf 83' lang='lat' dir='ltr'>excedere</span> <span class='ocrx_word' id='word_1_319' title='bbox 782 2487 1032 2529; x_wconf 86' lang='lat' dir='ltr'>viderentur.</span> 
     </span>
    </p>

    <p class='ocr_par' dir='ltr' id='par_1_3' title="bbox 128 2552 1661 2678">
     <span class='ocr_line' id='line_1_36' title="bbox 188 2552 1661 2608; baseline 0.003 -14"><span class='ocrx_word' id='word_1_320' title='bbox 188 2552 322 2604; x_wconf 56' lang='grc'>9319.</span> <span class='ocrx_word' id='word_1_321' title='bbox 356 2553 542 2594; x_wconf 88' lang='lat' dir='ltr'>Tandem</span> <span class='ocrx_word' id='word_1_322' title='bbox 573 2553 630 2594; x_wconf 88' lang='lat' dir='ltr'>sic</span> <span class='ocrx_word' id='word_1_323' title='bbox 660 2553 896 2608; x_wconf 83' lang='lat' dir='ltr'>gradientes</span> <span class='ocrx_word' id='word_1_324' title='bbox 920 2554 1035 2608; x_wconf 90' lang='lat' dir='ltr'>quasi</span> <span class='ocrx_word' id='word_1_325' title='bbox 1060 2554 1103 2595; x_wconf 87' lang='lat' dir='ltr'>in</span> <span class='ocrx_word' id='word_1_326' title='bbox 1123 2559 1309 2597; x_wconf 88' lang='lat' dir='ltr'>montem</span> <span class='ocrx_word' id='word_1_327' title='bbox 1331 2557 1540 2598; x_wconf 82' lang='lat' dir='ltr'>excelsum</span> <span class='ocrx_word' id='word_1_328' title='bbox 1565 2573 1661 2599; x_wconf 89' lang='lat' dir='ltr'>con-</span> 
     </span>
     <span class='ocr_line' id='line_1_37' title="bbox 128 2618 1660 2678; baseline 0.005 -20"><span class='ocrx_word' id='word_1_329' title='bbox 128 2618 323 2660; x_wconf 86' lang='lat' dir='ltr'>scendere</span> <span class='ocrx_word' id='word_1_330' title='bbox 359 2619 600 2671; x_wconf 84' lang='lat' dir='ltr'>debuerant,</span> <span class='ocrx_word' id='word_1_331' title='bbox 624 2635 746 2673; x_wconf 90' lang='lat' dir='ltr'>quem</span> <span class='ocrx_word' id='word_1_332' title='bbox 785 2620 860 2661; x_wconf 88' lang='lat' dir='ltr'>sibi</span> <span class='ocrx_word' id='word_1_333' title='bbox 882 2621 934 2661; x_wconf 90' lang='lat' dir='ltr'>ab</span> <span class='ocrx_word' id='word_1_334' title='bbox 958 2621 1132 2663; x_wconf 89' lang='lat' dir='ltr'>adverso</span> <span class='ocrx_word' id='word_1_335' title='bbox 1160 2623 1395 2677; x_wconf 90' lang='lat' dir='ltr'>oppositum</span> <span class='ocrx_word' id='word_1_336' title='bbox 1430 2624 1660 2678; x_wconf 88' lang='lat' dir='ltr'>prominere</span> 
     </span>
    </p>
   </div>
   <div class='ocr_carea' id='block_1_3' title="bbox 126 2716 1663 2951">
    <p class='ocr_par' dir='ltr' id='par_1_4' title="bbox 126 2716 1663 2951">
     <span class='ocr_line' id='line_1_38' title="bbox 127 2716 1661 2766; baseline 0.005 -17"><span class='ocrx_word' id='word_1_337' title='bbox 127 2728 235 2758; x_wconf 89' lang='lat' dir='ltr'>mum,</span> <span class='ocrx_word' id='word_1_338' title='bbox 261 2716 352 2750; x_wconf 87' lang='lat' dir='ltr'>solus</span> <span class='ocrx_word' id='word_1_339' title='bbox 370 2723 403 2750; x_wconf 88' lang='lat' dir='ltr'>et</span> <span class='ocrx_word' id='word_1_340' title='bbox 428 2718 531 2762; x_wconf 84' lang='lat' dir='ltr'>pedes</span> <span class='ocrx_word' id='word_1_341' title='bbox 560 2718 691 2752; x_wconf 83' lang='lat' dir='ltr'>redibat</span> <span class='ocrx_word' id='word_1_342' title='bbox 709 2719 797 2752; x_wconf 89' lang='lat' dir='ltr'>circa</span> <span class='ocrx_word' id='word_1_343' title='bbox 820 2719 887 2753; x_wconf 86' lang='lat' dir='ltr'>diei</span> <span class='ocrx_word' id='word_1_344' title='bbox 905 2720 1021 2753; x_wconf 86' lang='lat' dir='ltr'>horam</span> <span class='ocrx_word' id='word_1_345' title='bbox 1047 2721 1201 2766; x_wconf 80' lang='lat' dir='ltr'>primam,</span> <span class='ocrx_word' id='word_1_346' title='bbox 1232 2721 1341 2755; x_wconf 87' lang='lat' dir='ltr'>ferens</span> <span class='ocrx_word' id='word_1_347' title='bbox 1359 2734 1438 2756; x_wconf 86' lang='lat' dir='ltr'>vasa</span> <span class='ocrx_word' id='word_1_348' title='bbox 1464 2722 1578 2756; x_wconf 85' lang='lat' dir='ltr'>domni</span> <span class='ocrx_word' id='word_1_349' title='bbox 1609 2725 1661 2757; x_wconf 83' lang='lat' dir='ltr'>sui</span> 
     </span>
     <span class='ocr_line' id='line_1_39' title="bbox 126 2762 1662 2809; baseline 0.005 -14"><span class='ocrx_word' id='word_1_350' title='bbox 126 2762 291 2807; x_wconf 88' lang='lat' dir='ltr'>liquorem</span> <span class='ocrx_word' id='word_1_351' title='bbox 310 2764 527 2808; x_wconf 84' lang='lat' dir='ltr'>continentia,</span> <span class='ocrx_word' id='word_1_352' title='bbox 546 2765 640 2809; x_wconf 83' lang='lat' dir='ltr'>quasi</span> <span class='ocrx_word' id='word_1_353' title='bbox 667 2765 841 2799; x_wconf 79' lang='lat' dir='ltr'>flascones.</span> <span class='ocrx_word' id='word_1_354' title='bbox 895 2766 1025 2800; x_wconf 84' lang='lat' dir='ltr'>Tantus</span> <span class='ocrx_word' id='word_1_355' title='bbox 1051 2774 1164 2800; x_wconf 88' lang='lat' dir='ltr'>autem</span> <span class='ocrx_word' id='word_1_356' title='bbox 1182 2767 1294 2800; x_wconf 88' lang='lat' dir='ltr'>subito</span> <span class='ocrx_word' id='word_1_357' title='bbox 1312 2768 1407 2801; x_wconf 89' lang='lat' dir='ltr'>illum</span> <span class='ocrx_word' id='word_1_358' title='bbox 1426 2770 1662 2804; x_wconf 77' lang='lat' dir='ltr'>somnolentiae</span> 
     </span>
     <span class='ocr_line' id='line_1_40' title="bbox 129 2810 1661 2858; baseline 0.005 -17"><span class='ocrx_word' id='word_1_359' title='bbox 129 2815 241 2854; x_wconf 90' lang='lat' dir='ltr'>torpor</span> <span class='ocrx_word' id='word_1_360' title='bbox 258 2810 393 2851; x_wconf 86' lang='lat' dir='ltr'>invasit,</span> <span class='ocrx_word' id='word_1_361' title='bbox 411 2815 449 2843; x_wconf 93' lang='lat' dir='ltr'>ut</span> <span class='ocrx_word' id='word_1_362' title='bbox 469 2811 605 2844; x_wconf 86' lang='lat' dir='ltr'>sibimet</span> <span class='ocrx_word' id='word_1_363' title='bbox 623 2811 862 2855; x_wconf 80' lang='lat' dir='ltr'>indignaretur,</span> <span class='ocrx_word' id='word_1_364' title='bbox 886 2813 1056 2846; x_wconf 80' lang='lat' dir='ltr'>admirans</span> <span class='ocrx_word' id='word_1_365' title='bbox 1074 2814 1155 2858; x_wconf 91' lang='lat' dir='ltr'>quid</span> <span class='ocrx_word' id='word_1_366' title='bbox 1173 2814 1312 2856; x_wconf 66' lang='lat' dir='ltr'>essetin</span> <span class='ocrx_word' id='word_1_367' title='bbox 1331 2826 1442 2858; x_wconf 84' lang='lat' dir='ltr'>causa,</span> <span class='ocrx_word' id='word_1_368' title='bbox 1459 2822 1491 2848; x_wconf 86' lang='lat' dir='ltr'>et</span> <span class='ocrx_word' id='word_1_369' title='bbox 1510 2816 1577 2849; x_wconf 84' lang='lat' dir='ltr'>vim</span> <span class='ocrx_word' id='word_1_370' title='bbox 1597 2817 1661 2850; x_wconf 89' lang='lat' dir='ltr'>sibi</span> 
     </span>
     <span class='ocr_line' id='line_1_41' title="bbox 130 2855 1663 2908; baseline 0.006 -20"><span class='ocrx_word' id='word_1_371' title='bbox 130 2855 268 2899; x_wconf 82' lang='lat' dir='ltr'>faciens,</span> <span class='ocrx_word' id='word_1_372' title='bbox 289 2855 473 2890; x_wconf 85' lang='lat' dir='ltr'>dormitans</span> <span class='ocrx_word' id='word_1_373' title='bbox 490 2856 561 2890; x_wconf 80' lang='lat' dir='ltr'>ibat</span> <span class='ocrx_word' id='word_1_374' title='bbox 578 2863 611 2890; x_wconf 89' lang='lat' dir='ltr'>et</span> <span class='ocrx_word' id='word_1_375' title='bbox 628 2857 765 2891; x_wconf 89' lang='lat' dir='ltr'>mirans.</span> <span class='ocrx_word' id='word_1_376' title='bbox 818 2858 971 2892; x_wconf 82' lang='lat' dir='ltr'>Tandem</span> <span class='ocrx_word' id='word_1_377' title='bbox 997 2871 1073 2892; x_wconf 88' lang='lat' dir='ltr'>cum</span> <span class='ocrx_word' id='word_1_378' title='bbox 1100 2871 1217 2892; x_wconf 86' lang='lat' dir='ltr'>somno</span> <span class='ocrx_word' id='word_1_379' title='bbox 1236 2866 1421 2905; x_wconf 85' lang='lat' dir='ltr'>temperare</span> <span class='ocrx_word' id='word_1_380' title='bbox 1446 2874 1511 2895; x_wconf 88' lang='lat' dir='ltr'>non</span> <span class='ocrx_word' id='word_1_381' title='bbox 1537 2870 1663 2908; x_wconf 80' lang='lat' dir='ltr'>posset,</span> 
     </span>
     <span class='ocr_line' id='line_1_42' title="bbox 134 2901 1534 2951; baseline 0.006 -17"><span class='ocrx_word' id='word_1_382' title='bbox 134 2901 176 2934; x_wconf 84' lang='lat' dir='ltr'>ad</span> <span class='ocrx_word' id='word_1_383' title='bbox 196 2902 351 2935; x_wconf 85' lang='lat' dir='ltr'>umbram</span> <span class='ocrx_word' id='word_1_384' title='bbox 370 2903 518 2936; x_wconf 87' lang='lat' dir='ltr'>nemoris</span> <span class='ocrx_word' id='word_1_385' title='bbox 537 2903 683 2947; x_wconf 84' lang='lat' dir='ltr'>divertit,</span> <span class='ocrx_word' id='word_1_386' title='bbox 703 2909 736 2936; x_wconf 87' lang='lat' dir='ltr'>et</span> <span class='ocrx_word' id='word_1_387' title='bbox 755 2904 959 2938; x_wconf 84' lang='lat' dir='ltr'>flasconibus</span> <span class='ocrx_word' id='word_1_388' title='bbox 978 2906 1078 2950; x_wconf 84' lang='lat' dir='ltr'>capiti</span> <span class='ocrx_word' id='word_1_389' title='bbox 1100 2907 1282 2951; x_wconf 81' lang='lat' dir='ltr'>suppositis</span> <span class='ocrx_word' id='word_1_390' title='bbox 1300 2907 1534 2942; x_wconf 83' lang='lat' dir='ltr'>obdormirlt.&#39;’</span> 
     </span>
    </p>
   </div>
  </div>
 </body>
</html>
