1839 3186
216 165 318 208 xxvi

215 277 314 313 SEcT.

217 332 286 373 59.

218 555 284 598 60.

220 1144 287 1185 61.

319 329 418 372 GAP.
441 346 554 372 XLvr.
580 331 714 385 (nullo
736 331 926 385 auctore)

317 409 508 450 cellulam
529 424 639 451 nunc

316 476 421 517 liber
443 476 494 517 de
515 477 543 518 l.

318 554 433 596 Solet
460 555 588 596 etiam

317 622 453 664 Nullae
476 623 533 664 eis
554 623 695 664 formae

315 704 536 745 congerere

309 754 558 812 jaculabant

316 824 458 867 formis
480 824 628 866 fortius
650 823 818 864 domino

316 890 440 948 hujus
461 891 669 947 religionis

316 959 542 1002 nubeculas

319 1026 606 1084 imprudenter

318 1141 420 1184 CAP.
445 1155 573 1182 XLVII.
599 1139 732 1193 (nullo
755 1140 946 1193 auctore)

318 1231 527 1287 quandam
546 1230 737 1271 arborem
761 1229 812 1269 de

317 1299 512 1341 indutum
534 1298 577 1339 in
593 1297 715 1338 altari
736 1295 949 1352 perspexit

351 1366 497 1408 adesse

221 1481 289 1521 62.
315 1477 416 1520 OAP.
442 1490 590 1517 XLVIII.
622 1474 891 1533 Reginaldus.

221 1672 290 1714 63.

228 2410 296 2452 64.

229 2599 297 2640 65.

320 1555 523 1598 exarserit

321 1668 422 1712 GAP.
476 1682 623 1708 XLVIII.
671 1664 774 1721 (bis)
824 1666 949 1721 (Reg.

352 1751 436 1777 non
457 1734 499 1776 in
524 1734 643 1789 MS.)

320 1826 353 1868 si
376 1825 588 1867 convictus

322 1893 374 1935 G.
397 1893 456 1934 ait
476 1892 665 1933 membra
695 1892 791 1946 (om.
813 1890 916 1944 non)

323 1960 457 2016 Coepit
482 1959 535 2000 ab

324 2027 476 2069 effectu

324 2108 531 2150 opponere

322 2163 528 2203 malorum
549 2174 631 2201 suae
654 2157 935 2200 crescentibus

324 2229 417 2284 pius
436 2226 642 2269 heremita

325 2295 496 2337 exilium
517 2292 619 2349 petii
642 2292 716 2334 sed

325 2407 426 2450 OAP.
449 2421 563 2447 XLIX.
597 2402 869 2460 Reginaldus.

327 2485 405 2526 See
428 2484 512 2525 this
537 2484 723 2539 chapter,
746 2498 785 2537 p.
809 2479 941 2522 xxvii.

332 2596 434 2639 GAP.
461 2611 496 2638 L.

329 2674 548 2715 dissereret
604 2670 841 2727 adjecitque
900 2671 960 2712 in·-

363 2741 523 2795 quirere
549 2739 583 2781 si
603 2739 686 2781 11110

329 2807 547 2861 aliquoties
565 2805 789 2847 extitisset.

363 2873 502 2915 ridens

853 2802 963 2845 Sub-

854 175 1107 208 APPENDIX

1021 623 1087 664 66.

1022 1160 1088 1206 67.

1023 1591 1087 1634 68.

1024 1950 1091 1991 69.

1025 2170 1091 2215 70.

1017 278 1117 311 SEoT.

1121 331 1377 386 explorando

1120 399 1311 440 absentia
1340 403 1381 440 et
1413 413 1438 440 a
1467 398 1588 454 longe
1615 399 1751 455 posito

1151 481 1267 520 quasi

1119 534 1314 588 cognovit

1119 624 1328 666 Dicebant
1354 640 1516 680 quoque
1537 623 1587 665 Β.
1613 624 1669 666 D.
1697 624 1750 666 Gr.

1117 692 1317 734 instruxit

1120 775 1281 814 quoque
1302 758 1522 800 multocies

1121 827 1428 869 commiscerint

1120 895 1360 949 represserit

1119 961 1223 1003 liber
1245 961 1297 1002 R.

1118 1028 1238 1070 facile
1261 1028 1465 1071 dirivatur

1119 1160 1218 1205 OAP.
1242 1177 1294 1204 LI.
1319 1161 1456 1218 (nullo
1477 1159 1685 1216 auctore.)

1124 1252 1375 1308 Stupebant.
1451 1250 1576 1305 Quid.

1154 1319 1318 1375 Germ.)

1120 1386 1361 1430 crastinum.
1400 1384 1631 1427 Venientes
1649 1383 1750 1438 (om.

1154 1454 1282 1509 Reg.)

1647 1250 1748 1304 (om.

1118 1589 1220 1632 GAP.
1244 1605 1313 1630 LII.

1122 1678 1192 1733 qui
1213 1678 1409 1732 obsequio

1122 1746 1298 1801 Signum
1318 1745 1419 1787 vitae

1121 1813 1264 1855 illusit.

1124 1946 1225 1990 GAP.
1249 1963 1335 1990 LIII.

1121 2036 1340 2092 aufugavit

1125 2170 1224 2212 CAP.
1250 2184 1352 2210 LIIII.

1124 2275 1215 2301 con.
1240 2273 1407 2301 suorum
1432 2258 1528 2312 (om,
1551 2257 1666 2312 eum)

1125 2342 1219 2368 ecce
1240 2325 1327 2381 lupi
1459 2312 1474 2326 ⁰

1128 2393 1283 2434 Statim
1304 2397 1447 2433 autem

1125 2465 1173 2501 ut
1194 2465 1237 2501 te
1258 2459 1474 2501 nobiscum

1088 2625 1097 2634 .
1130 2591 1231 2635 GAP.
1255 2607 1321 2633 LV.

1128 2680 1292 2736 irrugiit

1129 2752 1255 2788 antea
1275 2751 1444 2802 patrum
1517 2797 1529 2808 ἱ

1129 2813 1356 2856 forinsecus
1377 2827 1499 2856 Voces
1520 2812 1636 2867 quasi
1657 2827 1757 2855 voce

1163 2880 1454 2922 altercantium
