1839 3186
191 135 277 181 474
721 148 954 180 LIBELLUS
989 148 1053 180 DE
1088 149 1203 180 VITA

188 251 377 292 audierat
409 250 613 306 exposuit,
647 251 719 293 sed
746 251 813 293 ille
844 251 946 293 nihil
976 257 1162 294 moratus
1192 252 1336 293 statim
1359 252 1634 295 dilucescente
1659 254 1725 296 die

190 333 342 372 equum
364 332 485 359 suum
506 332 601 359 cum
622 318 740 359 sociis
762 318 987 360 ascendens
1008 318 1077 360 illo
1102 319 1352 374 properavit,
1376 324 1418 360 et
1439 319 1557 361 fratri
1578 319 1648 374 qui
1668 320 1726 362 ibi

188 384 429 426 morabatur
458 385 547 425 haec
578 389 728 426 cuncta
762 385 958 435 retexuit,
991 385 1059 439 qui
1092 385 1261 440 capillos
1301 386 1444 427 Sancti
1477 385 1646 427 Godrici
1681 391 1723 428 et

187 450 315 505 pedes
336 449 522 492 crucifixi
551 451 594 492 in
624 452 740 505 aquis
770 451 902 492 abluit
924 456 965 492 et
987 452 1074 492 viro
1097 450 1183 507 ejus
1204 452 1392 493 tradidit.
1454 452 1516 492 At
1537 452 1605 493 ille
1626 467 1725 495 mox

187 518 419 559 accelerans
455 517 723 568 Dunelmum,
757 517 827 559 ubi
860 518 1009 559 mulier
1042 518 1239 573 languida
1272 518 1482 569 decubuit,
1521 519 1722 573 pervenit,

188 584 305 638 eique
327 598 454 638 aquas
478 584 579 625 hora
592 572 733 639 ‘prima
757 583 837 624 diei
860 584 1093 625 Dominicae
1115 584 1320 638 potandas
1341 585 1550 639 porrexit3
1576 585 1723 639 quibus

188 651 343 704 potatis
379 651 515 691 subito
551 651 704 705 pelvim
739 650 904 705 plenam
939 651 1070 692 instar
1104 650 1298 692 venenosi
1335 651 1517 706 gutturis
1547 652 1723 706 piscium

187 717 389 765 evomuit;
430 721 471 757 et
498 717 580 757 alia
599 731 739 758 rursus
760 717 962 767 adhibita,
985 717 1099 758 illam
1131 717 1258 758 etiam
1287 732 1416 772 usque
1439 718 1494 759 ad
1515 733 1722 759 summum

187 783 375 838 replevit.
438 782 605 824 Exinde
638 790 774 824 utrem
812 798 986 825 vacuam
1023 782 1110 839 ejus
1144 784 1204 824 ori
1239 784 1556 839 subposuerunt,
1596 800 1720 838 quam

187 849 325 891 cuncti
357 849 568 900 mirantes,
601 850 767 905 insuper
798 855 840 891 et
864 865 936 891 vas
966 850 1069 891 illud
1100 865 1153 891 ex
1174 851 1335 892 vomitu
1355 865 1559 892 venenoso
1584 851 1721 892 subito

184 917 387 971 repletam
409 916 727 971 obstupuerunt.
763 916 834 957 Ab
853 917 955 957 hora
974 917 1102 972 igitur
1118 916 1198 957 diei
1219 918 1354 972 prima
1371 932 1498 971 usque
1516 917 1559 958 in
1579 918 1724 959 horam

187 983 356 1024 tertiam
388 998 413 1024 a
437 983 631 1024 vomendi
661 983 890 1038 pertinacia
919 998 1000 1024 non
1032 983 1208 1038 quievit,
1243 984 1316 1025 sed
1347 999 1467 1025 omne
1489 984 1599 1038 quod
1630 999 1722 1026 evo-

185 1050 292 1090 muit
314 1049 418 1090 adeo
450 1049 642 1091 limosum
665 1054 706 1090 et
737 1049 1047 1091 tenacissimum
1077 1050 1168 1100 fuit,
1195 1050 1305 1104 quod
1335 1051 1473 1105 potius
1495 1050 1652 1092 viscum
1683 1055 1724 1092 et

185 1115 330 1170 gluten
364 1131 416 1157 ex
448 1116 618 1170 antiquo
647 1117 913 1172 coagulatum
944 1132 1066 1171 quam
1097 1116 1282 1158 humoris
1312 1117 1513 1171 liquorem
1547 1115 1722 1158 fluidum

187 1183 291 1233 visu,
315 1188 446 1233 tactu,
470 1187 512 1224 et
536 1183 683 1224 habitu
704 1183 962 1238 praetendere
984 1183 1119 1225 visum
1145 1183 1289 1231 fuerit;
1323 1199 1472 1238 nempe
1499 1184 1532 1224 si
1560 1184 1720 1239 experi—

185 1249 280 1289 endi
301 1249 453 1304 gratia,
478 1250 584 1290 forte
605 1250 767 1305 virgula
790 1249 831 1290 in
853 1250 941 1305 ipso
966 1248 1121 1305 injecta
1147 1249 1305 1301 fuisset,
1328 1249 1488 1291 facilius
1514 1265 1643 1304 usque
1667 1250 1722 1292 ad

185 1316 352 1370 fastigia
373 1315 555 1357 trabium
577 1317 772 1371 suspendi
795 1316 997 1370 potuisset
1021 1331 1144 1370 quam
1170 1316 1351 1371 dirumpi
1371 1331 1396 1357 a
1416 1316 1546 1357 solido
1569 1317 1718 1368 tenaci,

184 1382 263 1424 nisi
284 1383 440 1424 viribus
460 1382 598 1432 illatis,
618 1383 839 1437 aliquando
854 1383 1024 1424 valeret.
1058 1382 1213 1423 Mulier
1231 1382 1359 1437 igitur
1379 1398 1477 1423 mox
1497 1384 1720 1434 convaluit,

185 1463 365 1503 sanaque
391 1448 539 1490 effecta
559 1450 751 1500 surrexit,
777 1454 818 1490 et
840 1464 933 1490 cum
965 1448 1195 1504 prandente
1225 1449 1312 1490 viro
1344 1464 1417 1490 suo
1448 1449 1502 1490 ad
1533 1465 1721 1492 mensam

184 1515 384 1566 consedit,
408 1520 450 1556 et
473 1530 567 1556 cum
589 1514 723 1556 ¹omni
745 1516 961 1557 alacritate
983 1515 1178 1556 comedit.

244 1582 266 1636 ξ
291 1583 388 1623 603.
423 1582 473 1623 Ι11
495 1581 643 1636 quibus
665 1582 855 1624 omnibus
877 1582 1051 1623 dextera
1068 1582 1148 1623 Dei
1170 1581 1407 1623 immutatio
1430 1581 1532 1623 satis
1556 1581 1723 1624 eviden-

184 1653 248 1689 ter
268 1648 484 1703 apparuit3
519 1663 616 1689 nam
649 1654 690 1690 et
715 1649 786 1689 illa
810 1664 899 1703 quae
929 1649 1032 1690 hora
1053 1648 1135 1689 diei
1162 1648 1297 1703 prima
1321 1648 1498 1689 duarum
1530 1649 1722 1690 ulnarum

183 1715 389 1770 regiarum
411 1730 505 1756 cum
529 1715 671 1770 digitis
702 1716 808 1757 senis
837 1714 1159 1770 grossitudinem
1184 1715 1372 1767 excessit,
1396 1713 1487 1770 jam
1518 1715 1620 1756 hora
1642 1715 1723 1756 diei

183 1781 309 1823 tertia
331 1781 453 1823 unius
476 1782 583 1822 ulnae
604 1781 729 1837 regiae
746 1782 971 1823 medietate
993 1781 1182 1836 concingi
1203 1786 1245 1822 et
1262 1781 1544 1836 circumplecti
1570 1782 1717 1836 potuit.

184 1847 313 1904 Cujus
333 1848 522 1889 miraculi
544 1853 607 1889 tot
629 1853 757 1890 testes
779 1849 981 1898 existunt,
1005 1853 1105 1902 quot
1133 1852 1294 1903 partem
1316 1848 1423 1889 villae
1446 1848 1643 1890 Dunelmi
1666 1848 1724 1890 cis

183 1913 336 1956 fiumen
359 1915 473 1956 Wiri
504 1915 702 1965 incolunt,
726 1920 767 1956 et
788 1914 965 1956 2Petrus
997 1915 1168 1956 clericus
1200 1915 1251 1955 (10
1283 1914 1509 1969 Segesfeld,
1533 1915 1596 1956 vir
1620 1913 1720 1970 ejus,

183 1997 278 2023 cum
299 1981 410 2022 omni
432 1981 591 2023 familia
612 1982 688 2023 sibi
718 1982 897 2033 subdita,
926 1981 994 2036 qui
1016 1981 1058 2022 in
1081 1981 1184 2022 urbe
1205 1980 1276 2021 illa
1298 1987 1339 2022 et
1361 1981 1572 2035 provincia
1593 1981 1721 2022 omni-

183 2048 260 2090 bus
281 2053 401 2089 terrae
421 2047 566 2090 incolis
587 2048 689 2090 satis
711 2053 772 2089 est
794 2048 1046 2090 notissimus.
1110 2047 1290 2102 Propter
1313 2062 1401 2101 quae
1424 2047 1526 2088 duos
1548 2047 1721 2089 circulos

183 2115 441 2169 corylearum
463 2114 719 2169 virgularum
740 2113 976 2164 efficientes,
998 2128 1128 2154 unum
1159 2112 1304 2168 prioris
1328 2113 1628 2168 grossitudinis,
1664 2114 1721 2156 al-

182 2186 318 2221 terum
340 2195 437 2221 vero
459 2180 622 2235 adeptae
645 2180 782 2222 subito
803 2180 1063 2235 gracilitatis,
1090 2194 1158 2221 eos
1179 2180 1233 2221 ad
1255 2178 1342 2235 ejus
1364 2180 1628 2234 sepulchrum
1650 2181 1720 2221 de-

182 2247 380 2296 tulerunt,
414 2252 455 2286 et
485 2245 527 2286 in
560 2251 878 2288 monumentum
909 2246 1018 2288 tanti
1050 2246 1239 2288 miraculi
1270 2246 1313 2287 in
1343 2247 1510 2288 laudem
1542 2247 1622 2288 Dei
1653 2262 1722 2288 eos

183 2312 378 2368 suspendi
400 2312 602 2353 fecerunt.

763 2427 895 2453 CCXVI.
928 2428 980 2452 DE
1011 2427 1138 2453 MUTO.

240 2511 377 2563 §6042
412 2511 500 2551 NEC
531 2510 660 2551 solum
694 2510 736 2550 in
767 2508 890 2565 hujus
921 2510 1159 2564 operatione
1190 2509 1377 2550 miraculi
1409 2508 1553 2563 quanti
1584 2509 1721 2550 meriti

182 2577 328 2618 beatus
352 2582 471 2631 pater
493 2575 698 2617 Godricus
719 2590 858 2616 coram
883 2575 1064 2616 Domino
1092 2575 1218 2617 fuerit
1248 2575 1392 2616 mundi
1421 2575 1563 2616 incolis
1585 2574 1718 2616 decla-

180 2658 270 2684 rare
290 2643 456 2699 delegit,
472 2643 568 2697 quia
589 2642 715 2683 etiam
737 2647 778 2683 et
797 2656 868 2683 ora
888 2646 1098 2683 mutorum
1119 2657 1192 2696 per
1212 2641 1340 2696 ipsius
1355 2640 1516 2691 merita,
1539 2640 1717 2682 disertis-

229 2768 236 2786 ¹
269 2768 396 2813 Omni]
428 2769 469 2802 In
488 2769 543 2802 the
563 2768 729 2802 Bodleian
748 2768 822 2803 MS.
843 2767 1050 2801 “omnium”

225 2812 237 2829 '³
263 2815 386 2848 Petrus
401 2815 536 2850 clericus
551 2817 589 2850 de
607 2813 801 2861 Segesfiffld]
839 2815 975 2848 Surtees
1000 2814 1063 2858 (iii.
1084 2812 1158 2856 32,)
1178 2814 1321 2848 without
1346 2814 1486 2859 quoting·
1511 2825 1578 2858 any
1596 2812 1715 2847 autho-

178 2861 256 2905 rity,
276 2861 443 2895 mentions
462 2874 480 2895 a
499 2862 598 2895 Peter
616 2873 652 2895 as
670 2861 773 2907 111-1051
792 2861 830 2895 of
843 2860 1013 2905 Sedgficld
1032 2859 1065 2893 in
1087 2862 1188 2895 1162.
