<?xml version="1.0" encoding="UTF-8"?>
<!DOCTYPE html PUBLIC "-//W3C//DTD XHTML 1.0 Transitional//EN"
    "http://www.w3.org/TR/xhtml1/DTD/xhtml1-transitional.dtd">
<html xmlns="http://www.w3.org/1999/xhtml" xml:lang="en" lang="en">
 <head>
  <title>
</title>
<meta http-equiv="Content-Type" content="text/html;charset=utf-8" />
  <meta name='ocr-system' content='tesseract 3.04.00' />
  <meta name='ocr-capabilities' content='ocr_page ocr_carea ocr_par ocr_line ocrx_word'/>
</head>
<body>
  <div class='ocr_page' id='page_1' title='image "./libellusdevitaet00regi_0031.png"; bbox 0 0 1839 3186; ppageno 0'>
   <div class='ocr_carea' id='block_1_1' title="bbox 117 304 216 340">
    <p class='ocr_par' dir='ltr' id='par_1_1' title="bbox 117 304 216 340">
     <span class='ocr_line' id='line_1_1' title="bbox 117 304 216 340; baseline 0.03 -3"><span class='ocrx_word' id='word_1_1' title='bbox 117 304 216 340; x_wconf 78' lang='lat' dir='ltr'>SEcT.</span> 
     </span>
    </p>
   </div>
   <div class='ocr_carea' id='block_1_2' title="bbox 122 358 190 398">
    <p class='ocr_par' dir='ltr' id='par_1_2' title="bbox 122 358 190 398">
     <span class='ocr_line' id='line_1_2' title="bbox 122 358 190 398; baseline 0.029 -2"><span class='ocrx_word' id='word_1_2' title='bbox 122 358 190 398; x_wconf 77' lang='lat'>46.</span> 
     </span>
    </p>
   </div>
   <div class='ocr_carea' id='block_1_3' title="bbox 655 204 1106 236">
    <p class='ocr_par' dir='ltr' id='par_1_3' title="bbox 655 204 1106 236">
     <span class='ocr_line' id='line_1_3' title="bbox 655 204 1106 236; baseline 0 -1"><span class='ocrx_word' id='word_1_3' title='bbox 655 204 712 236; x_wconf 95' lang='lat' dir='ltr'>TO</span> <span class='ocrx_word' id='word_1_4' title='bbox 749 204 845 235; x_wconf 87' lang='lat' dir='ltr'>THE</span> <span class='ocrx_word' id='word_1_5' title='bbox 881 204 1106 236; x_wconf 85' lang='lat' dir='ltr'>PREFACE.</span> 
     </span>
    </p>
   </div>
   <div class='ocr_carea' id='block_1_4' title="bbox 218 355 846 613">
    <p class='ocr_par' dir='ltr' id='par_1_4' title="bbox 219 355 703 413">
     <span class='ocr_line' id='line_1_4' title="bbox 219 355 703 413; baseline 0.004 -17"><span class='ocrx_word' id='word_1_6' title='bbox 219 355 486 411; x_wconf 80' lang='lat' dir='ltr'>Reginaldus.</span> <span class='ocrx_word' id='word_1_7' title='bbox 511 363 555 398; x_wconf 73' lang='lat' dir='ltr'>ut</span> <span class='ocrx_word' id='word_1_8' title='bbox 575 372 703 413; x_wconf 68' lang='lat' dir='ltr'>supra</span> 
     </span>
    </p>

    <p class='ocr_par' dir='ltr' id='par_1_5' title="bbox 220 422 846 546">
     <span class='ocr_line' id='line_1_5' title="bbox 220 422 846 479; baseline 0.003 -16"><span class='ocrx_word' id='word_1_9' title='bbox 220 422 424 465; x_wconf 81' lang='lat' dir='ltr'>Godricus</span> <span class='ocrx_word' id='word_1_10' title='bbox 455 424 598 465; x_wconf 85' lang='lat' dir='ltr'>statim</span> <span class='ocrx_word' id='word_1_11' title='bbox 630 429 723 479; x_wconf 86' lang='lat' dir='ltr'>post</span> <span class='ocrx_word' id='word_1_12' title='bbox 756 425 846 465; x_wconf 87' lang='lat' dir='ltr'>obi-</span> 
     </span>
     <span class='ocr_line' id='line_1_6' title="bbox 251 495 678 546; baseline 0.007 -16"><span class='ocrx_word' id='word_1_13' title='bbox 251 495 340 531; x_wconf 91' lang='lat' dir='ltr'>tum</span> <span class='ocrx_word' id='word_1_14' title='bbox 363 506 482 532; x_wconf 87' lang='lat' dir='ltr'>suum</span> <span class='ocrx_word' id='word_1_15' title='bbox 504 506 678 546; x_wconf 84' lang='lat' dir='ltr'>puerum</span> 
     </span>
    </p>

    <p class='ocr_par' dir='ltr' id='par_1_6' title="bbox 218 557 552 613">
     <span class='ocr_line' id='line_1_7' title="bbox 218 557 552 613; baseline 0.006 -16"><span class='ocrx_word' id='word_1_16' title='bbox 218 572 273 599; x_wconf 89' lang='lat' dir='ltr'>m.</span> <span class='ocrx_word' id='word_1_17' title='bbox 299 557 427 613; x_wconf 79' lang='lat' dir='ltr'>igitur</span> <span class='ocrx_word' id='word_1_18' title='bbox 449 558 485 599; x_wconf 92' lang='lat' dir='ltr'>ei</span> <span class='ocrx_word' id='word_1_19' title='bbox 510 559 552 599; x_wconf 86' lang='lat' dir='ltr'>in</span> 
     </span>
    </p>
   </div>
   <div class='ocr_carea' id='block_1_5' title="bbox 123 657 848 712">
    <p class='ocr_par' dir='ltr' id='par_1_7' title="bbox 123 657 848 712">
     <span class='ocr_line' id='line_1_8' title="bbox 123 657 848 712; baseline 0.001 -13"><span class='ocrx_word' id='word_1_20' title='bbox 123 657 233 712; x_wconf 82' lang='lat'>(38.)</span> <span class='ocrx_word' id='word_1_21' title='bbox 269 658 369 699; x_wconf 74' lang='lat' dir='ltr'>GAP.</span> <span class='ocrx_word' id='word_1_22' title='bbox 422 676 570 702; x_wconf 85' lang='lat' dir='ltr'>XXXVI.</span> <span class='ocrx_word' id='word_1_23' title='bbox 624 659 848 701; x_wconf 84' lang='lat' dir='ltr'>concordat</span> 
     </span>
    </p>
   </div>
   <div class='ocr_carea' id='block_1_6' title="bbox 124 1795 193 1836">
    <p class='ocr_par' dir='ltr' id='par_1_8' title="bbox 124 1795 193 1836">
     <span class='ocr_line' id='line_1_9' title="bbox 124 1795 193 1836; baseline 0.029 -2"><span class='ocrx_word' id='word_1_24' title='bbox 124 1795 193 1836; x_wconf 78' lang='lat'>49.</span> 
     </span>
    </p>
   </div>
   <div class='ocr_carea' id='block_1_7' title="bbox 126 1963 194 2003">
    <p class='ocr_par' dir='ltr' id='par_1_9' title="bbox 126 1963 194 2003">
     <span class='ocr_line' id='line_1_10' title="bbox 126 1963 194 2003; baseline 0.029 -2"><span class='ocrx_word' id='word_1_25' title='bbox 126 1963 194 2003; x_wconf 85' lang='lat'>50.</span> 
     </span>
    </p>
   </div>
   <div class='ocr_carea' id='block_1_8' title="bbox 223 726 853 1437">
    <p class='ocr_par' dir='ltr' id='par_1_10' title="bbox 223 726 853 1437">
     <span class='ocr_line' id='line_1_11' title="bbox 254 726 849 781; baseline 0.005 -16"><span class='ocrx_word' id='word_1_26' title='bbox 254 740 347 766; x_wconf 90' lang='lat' dir='ltr'>cum</span> <span class='ocrx_word' id='word_1_27' title='bbox 381 726 401 781; x_wconf 58' lang='grc' dir='ltr'>ξ</span> <span class='ocrx_word' id='word_1_28' title='bbox 437 730 490 768; x_wconf 77' lang='lat'>38</span> <span class='ocrx_word' id='word_1_29' title='bbox 527 726 720 769; x_wconf 78' lang='lat' dir='ltr'>editionis</span> <span class='ocrx_word' id='word_1_30' title='bbox 754 727 849 768; x_wconf 68' lang='lat' dir='ltr'>Bol-</span> 
     </span>
     <span class='ocr_line' id='line_1_12' title="bbox 253 792 775 850; baseline 0.008 -18"><span class='ocrx_word' id='word_1_31' title='bbox 253 792 474 835; x_wconf 79' lang='lat' dir='ltr'>landianae.</span> <span class='ocrx_word' id='word_1_32' title='bbox 508 794 775 850; x_wconf 79' lang='lat' dir='ltr'>Reginaldus.</span> 
     </span>
     <span class='ocr_line' id='line_1_13' title="bbox 223 861 613 914; baseline 0.008 -15"><span class='ocrx_word' id='word_1_33' title='bbox 223 865 340 914; x_wconf 83' lang='lat' dir='ltr'>urget</span> <span class='ocrx_word' id='word_1_34' title='bbox 363 865 407 901; x_wconf 85' lang='lat' dir='ltr'>at</span> <span class='ocrx_word' id='word_1_35' title='bbox 429 861 613 902; x_wconf 87' lang='lat' dir='ltr'>animum</span> 
     </span>
     <span class='ocr_line' id='line_1_14' title="bbox 223 926 469 982; baseline 0.012 -16"><span class='ocrx_word' id='word_1_36' title='bbox 223 926 469 982; x_wconf 86' lang='lat' dir='ltr'>Potitusque</span> 
     </span>
     <span class='ocr_line' id='line_1_15' title="bbox 225 992 681 1037; baseline 0.009 -4"><span class='ocrx_word' id='word_1_37' title='bbox 225 992 509 1037; x_wconf 71' lang='lat' dir='ltr'>REGINALDUS.</span> <span class='ocrx_word' id='word_1_38' title='bbox 534 996 681 1037; x_wconf 80' lang='lat' dir='ltr'>Abbas</span> 
     </span>
     <span class='ocr_line' id='line_1_16' title="bbox 223 1060 687 1118; baseline 0.009 -18"><span class='ocrx_word' id='word_1_39' title='bbox 223 1060 399 1101; x_wconf 89' lang='lat' dir='ltr'>confecti</span> <span class='ocrx_word' id='word_1_40' title='bbox 420 1061 687 1118; x_wconf 82' lang='lat' dir='ltr'>languoribus</span> 
     </span>
     <span class='ocr_line' id='line_1_17' title="bbox 226 1125 697 1182; baseline 0.008 -16"><span class='ocrx_word' id='word_1_41' title='bbox 226 1125 491 1182; x_wconf 80' lang='lat' dir='ltr'>Reginaldus.</span> <span class='ocrx_word' id='word_1_42' title='bbox 518 1130 697 1182; x_wconf 70' lang='lat' dir='ltr'>Quidam</span> 
     </span>
     <span class='ocr_line' id='line_1_18' title="bbox 227 1193 850 1252; baseline 0.005 -18"><span class='ocrx_word' id='word_1_43' title='bbox 227 1193 357 1235; x_wconf 86' lang='lat' dir='ltr'>dolori</span> <span class='ocrx_word' id='word_1_44' title='bbox 387 1195 538 1237; x_wconf 85' lang='lat' dir='ltr'>detulit</span> <span class='ocrx_word' id='word_1_45' title='bbox 563 1197 657 1250; x_wconf 77' lang='lat' dir='ltr'>(om.</span> <span class='ocrx_word' id='word_1_46' title='bbox 685 1211 850 1252; x_wconf 86' lang='lat' dir='ltr'>compa-</span> 
     </span>
     <span class='ocr_line' id='line_1_19' title="bbox 260 1261 678 1317; baseline 0.012 -16"><span class='ocrx_word' id='word_1_47' title='bbox 260 1261 386 1316; x_wconf 86' lang='lat' dir='ltr'>tiens)</span> <span class='ocrx_word' id='word_1_48' title='bbox 410 1278 576 1317; x_wconf 82' lang='lat' dir='ltr'>panem,</span> <span class='ocrx_word' id='word_1_49' title='bbox 602 1269 678 1307; x_wconf 85' lang='lat' dir='ltr'>etc.</span> 
     </span>
     <span class='ocr_line' id='line_1_20' title="bbox 225 1328 853 1387; baseline 0.006 -19"><span class='ocrx_word' id='word_1_50' title='bbox 225 1328 481 1383; x_wconf 70' lang='lat' dir='ltr'>consignavit</span> <span class='ocrx_word' id='word_1_51' title='bbox 515 1336 556 1372; x_wconf 89' lang='lat' dir='ltr'>et</span> <span class='ocrx_word' id='word_1_52' title='bbox 585 1346 693 1387; x_wconf 77' lang='lat' dir='ltr'>aegro</span> <span class='ocrx_word' id='word_1_53' title='bbox 721 1336 853 1372; x_wconf 83' lang='lat' dir='ltr'>trans-</span> 
     </span>
     <span class='ocr_line' id='line_1_21' title="bbox 257 1395 370 1437; baseline 0.018 -2"><span class='ocrx_word' id='word_1_54' title='bbox 257 1395 370 1437; x_wconf 81' lang='lat' dir='ltr'>misit</span> 
     </span>
    </p>
   </div>
   <div class='ocr_carea' id='block_1_9' title="bbox 125 1483 852 1614">
    <p class='ocr_par' dir='ltr' id='par_1_11' title="bbox 125 1483 852 1614">
     <span class='ocr_line' id='line_1_22' title="bbox 185 1483 852 1541; baseline 0.009 -17"><span class='ocrx_word' id='word_1_55' title='bbox 185 1516 194 1525; x_wconf 93' lang='lat'>.</span> <span class='ocrx_word' id='word_1_56' title='bbox 224 1483 328 1526; x_wconf 82' lang='lat' dir='ltr'>Pars</span> <span class='ocrx_word' id='word_1_57' title='bbox 350 1500 438 1541; x_wconf 81' lang='lat' dir='ltr'>cap.</span> <span class='ocrx_word' id='word_1_58' title='bbox 464 1487 517 1528; x_wconf 84' lang='lat'>36</span> <span class='ocrx_word' id='word_1_59' title='bbox 536 1486 578 1528; x_wconf 92' lang='lat' dir='ltr'>in</span> <span class='ocrx_word' id='word_1_60' title='bbox 600 1486 690 1529; x_wconf 85' lang='lat' dir='ltr'>cod.</span> <span class='ocrx_word' id='word_1_61' title='bbox 714 1487 852 1531; x_wconf 77' lang='lat' dir='ltr'>Wint.</span> 
     </span>
     <span class='ocr_line' id='line_1_23' title="bbox 125 1573 193 1614; baseline 0.029 -2"><span class='ocrx_word' id='word_1_62' title='bbox 125 1573 193 1614; x_wconf 75' lang='lat'>48.</span> 
     </span>
    </p>
   </div>
   <div class='ocr_carea' id='block_1_10' title="bbox 223 1572 650 1697">
    <p class='ocr_par' dir='ltr' id='par_1_12' title="bbox 223 1572 650 1697">
     <span class='ocr_line' id='line_1_24' title="bbox 223 1572 650 1618; baseline 0.009 -5"><span class='ocrx_word' id='word_1_63' title='bbox 223 1572 289 1616; x_wconf 85' lang='lat' dir='ltr'>do.</span> <span class='ocrx_word' id='word_1_64' title='bbox 582 1575 650 1618; x_wconf 84' lang='lat' dir='ltr'>do.</span> 
     </span>
     <span class='ocr_line' id='line_1_25' title="bbox 224 1640 459 1697; baseline 0.013 -16"><span class='ocrx_word' id='word_1_65' title='bbox 224 1655 266 1681; x_wconf 86' lang='lat' dir='ltr'>se</span> <span class='ocrx_word' id='word_1_66' title='bbox 291 1640 459 1697; x_wconf 81' lang='lat' dir='ltr'>cingens</span> 
     </span>
    </p>
   </div>
   <div class='ocr_carea' id='block_1_11' title="bbox 223 1707 381 1749">
    <p class='ocr_par' dir='ltr' id='par_1_13' title="bbox 223 1707 381 1749">
     <span class='ocr_line' id='line_1_26' title="bbox 223 1707 381 1749; baseline 0.013 -2"><span class='ocrx_word' id='word_1_67' title='bbox 223 1707 381 1749; x_wconf 76' lang='lat' dir='ltr'>accidia</span> 
     </span>
    </p>
   </div>
   <div class='ocr_carea' id='block_1_12' title="bbox 222 1795 854 1851">
    <p class='ocr_par' dir='ltr' id='par_1_14' title="bbox 222 1795 854 1851">
     <span class='ocr_line' id='line_1_27' title="bbox 222 1795 854 1851; baseline 0.003 -16"><span class='ocrx_word' id='word_1_68' title='bbox 222 1809 317 1849; x_wconf 82' lang='lat' dir='ltr'>pars</span> <span class='ocrx_word' id='word_1_69' title='bbox 346 1795 493 1850; x_wconf 79' lang='lat' dir='ltr'>capitis</span> <span class='ocrx_word' id='word_1_70' title='bbox 520 1796 695 1851; x_wconf 81' lang='lat' dir='ltr'>praeced.</span> <span class='ocrx_word' id='word_1_71' title='bbox 730 1797 854 1837; x_wconf 74' lang='lat' dir='ltr'>REGI-</span> 
     </span>
    </p>
   </div>
   <div class='ocr_carea' id='block_1_13' title="bbox 257 1877 429 1905">
    <p class='ocr_par' dir='ltr' id='par_1_15' title="bbox 257 1877 429 1905">
     <span class='ocr_line' id='line_1_28' title="bbox 257 1877 429 1905; baseline 0.023 -4"><span class='ocrx_word' id='word_1_72' title='bbox 257 1877 429 1905; x_wconf 81' lang='lat' dir='ltr'>NALDUS.</span> 
     </span>
    </p>
   </div>
   <div class='ocr_carea' id='block_1_14' title="bbox 219 1961 849 2953">
    <p class='ocr_par' dir='ltr' id='par_1_16' title="bbox 224 1961 800 2006">
     <span class='ocr_line' id='line_1_29' title="bbox 224 1961 800 2006; baseline 0.003 -4"><span class='ocrx_word' id='word_1_73' title='bbox 224 1961 324 2003; x_wconf 79' lang='lat' dir='ltr'>GAP.</span> <span class='ocrx_word' id='word_1_74' title='bbox 350 1979 515 2005; x_wconf 83' lang='lat' dir='ltr'>XXXVII.</span> <span class='ocrx_word' id='word_1_75' title='bbox 550 1963 800 2006; x_wconf 75' lang='lat' dir='ltr'>GERMANUS.</span> 
     </span>
    </p>

    <p class='ocr_par' dir='ltr' id='par_1_17' title="bbox 223 2030 456 2083">
     <span class='ocr_line' id='line_1_30' title="bbox 223 2030 456 2083; baseline 0.013 -14"><span class='ocrx_word' id='word_1_76' title='bbox 223 2030 456 2083; x_wconf 74' lang='lat' dir='ltr'>requirente</span> 
     </span>
    </p>

    <p class='ocr_par' dir='ltr' id='par_1_18' title="bbox 223 2097 522 2151">
     <span class='ocr_line' id='line_1_31' title="bbox 223 2097 522 2151; baseline 0.007 -14"><span class='ocrx_word' id='word_1_77' title='bbox 223 2097 291 2151; x_wconf 87' lang='lat' dir='ltr'>qui</span> <span class='ocrx_word' id='word_1_78' title='bbox 317 2102 357 2138; x_wconf 92' lang='lat' dir='ltr'>et</span> <span class='ocrx_word' id='word_1_79' title='bbox 380 2113 522 2139; x_wconf 90' lang='lat' dir='ltr'>eorum</span> 
     </span>
    </p>

    <p class='ocr_par' dir='ltr' id='par_1_19' title="bbox 223 2165 848 2285">
     <span class='ocr_line' id='line_1_32' title="bbox 223 2165 848 2219; baseline 0.002 -15"><span class='ocrx_word' id='word_1_80' title='bbox 223 2169 479 2206; x_wconf 85' lang='lat' dir='ltr'>senectutem</span> <span class='ocrx_word' id='word_1_81' title='bbox 515 2179 715 2206; x_wconf 78' lang='lat' dir='ltr'>annosam</span> <span class='ocrx_word' id='word_1_82' title='bbox 754 2165 848 2219; x_wconf 82' lang='lat' dir='ltr'>(om.</span> 
     </span>
     <span class='ocr_line' id='line_1_33' title="bbox 257 2231 554 2285; baseline 0.003 -14"><span class='ocrx_word' id='word_1_83' title='bbox 257 2231 554 2285; x_wconf 78' lang='lat' dir='ltr'>consolaretur)</span> 
     </span>
    </p>

    <p class='ocr_par' dir='ltr' id='par_1_20' title="bbox 223 2298 425 2351">
     <span class='ocr_line' id='line_1_34' title="bbox 223 2298 425 2351; baseline 0.015 -14"><span class='ocrx_word' id='word_1_84' title='bbox 223 2302 264 2338; x_wconf 88' lang='lat' dir='ltr'>et</span> <span class='ocrx_word' id='word_1_85' title='bbox 285 2298 425 2351; x_wconf 61' lang='lat' dir='ltr'>hereql.</span> 
     </span>
    </p>

    <p class='ocr_par' dir='ltr' id='par_1_21' title="bbox 220 2364 849 2473">
     <span class='ocr_line' id='line_1_35' title="bbox 220 2364 849 2419; baseline 0.002 -13"><span class='ocrx_word' id='word_1_86' title='bbox 220 2364 403 2419; x_wconf 80' lang='lat' dir='ltr'>singulas</span> <span class='ocrx_word' id='word_1_87' title='bbox 433 2366 578 2408; x_wconf 83' lang='lat' dir='ltr'>mortis</span> <span class='ocrx_word' id='word_1_88' title='bbox 605 2365 849 2407; x_wconf 84' lang='lat' dir='ltr'>amaritudi-</span> 
     </span>
     <span class='ocr_line' id='line_1_36' title="bbox 254 2446 326 2473; baseline 0.028 -2"><span class='ocrx_word' id='word_1_89' title='bbox 254 2446 326 2473; x_wconf 87' lang='lat' dir='ltr'>nes</span> 
     </span>
    </p>

    <p class='ocr_par' dir='ltr' id='par_1_22' title="bbox 219 2498 502 2540">
     <span class='ocr_line' id='line_1_37' title="bbox 219 2498 502 2540; baseline 0.007 -2"><span class='ocrx_word' id='word_1_90' title='bbox 219 2498 411 2540; x_wconf 84' lang='lat' dir='ltr'>hortatur</span> <span class='ocrx_word' id='word_1_91' title='bbox 431 2498 502 2540; x_wconf 83' lang='lat' dir='ltr'>illa</span> 
     </span>
    </p>

    <p class='ocr_par' dir='ltr' id='par_1_23' title="bbox 221 2565 585 2608">
     <span class='ocr_line' id='line_1_38' title="bbox 221 2565 585 2608; baseline 0.003 -3"><span class='ocrx_word' id='word_1_92' title='bbox 221 2565 271 2606; x_wconf 84' lang='lat' dir='ltr'>de</span> <span class='ocrx_word' id='word_1_93' title='bbox 292 2565 380 2607; x_wconf 83' lang='lat' dir='ltr'>viro</span> <span class='ocrx_word' id='word_1_94' title='bbox 402 2565 585 2608; x_wconf 77' lang='lat' dir='ltr'>sobolem</span> 
     </span>
    </p>

    <p class='ocr_par' dir='ltr' id='par_1_24' title="bbox 221 2631 715 2687">
     <span class='ocr_line' id='line_1_39' title="bbox 221 2631 715 2687; baseline 0.004 -15"><span class='ocrx_word' id='word_1_95' title='bbox 221 2632 401 2686; x_wconf 84' lang='lat' dir='ltr'>antiquae</span> <span class='ocrx_word' id='word_1_96' title='bbox 425 2631 715 2687; x_wconf 82' lang='lat' dir='ltr'>praereptionis</span> 
     </span>
    </p>

    <p class='ocr_par' dir='ltr' id='par_1_25' title="bbox 221 2699 488 2740">
     <span class='ocr_line' id='line_1_40' title="bbox 221 2699 488 2740; baseline 0.004 -1"><span class='ocrx_word' id='word_1_97' title='bbox 221 2699 356 2740; x_wconf 82' lang='lat' dir='ltr'>astitit</span> <span class='ocrx_word' id='word_1_98' title='bbox 379 2699 415 2740; x_wconf 89' lang='lat' dir='ltr'>ei</span> <span class='ocrx_word' id='word_1_99' title='bbox 437 2699 488 2740; x_wconf 88' lang='lat' dir='ltr'>de</span> 
     </span>
    </p>

    <p class='ocr_par' dir='ltr' id='par_1_26' title="bbox 220 2765 416 2806">
     <span class='ocr_line' id='line_1_41' title="bbox 220 2765 416 2806; baseline 0.005 -1"><span class='ocrx_word' id='word_1_100' title='bbox 220 2765 416 2806; x_wconf 86' lang='lat' dir='ltr'>horrendi</span> 
     </span>
    </p>

    <p class='ocr_par' dir='ltr' id='par_1_27' title="bbox 223 2832 437 2873">
     <span class='ocr_line' id='line_1_42' title="bbox 223 2832 437 2873; baseline 0 0"><span class='ocrx_word' id='word_1_101' title='bbox 223 2846 274 2873; x_wconf 79' lang='lat' dir='ltr'>ex</span> <span class='ocrx_word' id='word_1_102' title='bbox 300 2832 437 2873; x_wconf 84' lang='lat' dir='ltr'>sonitu</span> 
     </span>
    </p>

    <p class='ocr_par' dir='ltr' id='par_1_28' title="bbox 220 2898 653 2953">
     <span class='ocr_line' id='line_1_43' title="bbox 220 2898 653 2953; baseline 0 -14"><span class='ocrx_word' id='word_1_103' title='bbox 220 2898 315 2953; x_wconf 84' lang='lat' dir='ltr'>quia</span> <span class='ocrx_word' id='word_1_104' title='bbox 342 2904 382 2939; x_wconf 89' lang='lat' dir='ltr'>et</span> <span class='ocrx_word' id='word_1_105' title='bbox 409 2899 459 2940; x_wconf 90' lang='lat' dir='ltr'>de</span> <span class='ocrx_word' id='word_1_106' title='bbox 481 2899 653 2941; x_wconf 85' lang='lat' dir='ltr'>victoria</span> 
     </span>
    </p>
   </div>
   <div class='ocr_carea' id='block_1_15' title="bbox 1567 209 1653 235">
    <p class='ocr_par' dir='ltr' id='par_1_29' title="bbox 1567 209 1653 235">
     <span class='ocr_line' id='line_1_44' title="bbox 1567 209 1653 235; baseline 0 0"><span class='ocrx_word' id='word_1_107' title='bbox 1567 209 1653 235; x_wconf 89' lang='lat' dir='ltr'>XXV</span> 
     </span>
    </p>
   </div>
   <div class='ocr_carea' id='block_1_16' title="bbox 913 305 1014 339">
    <p class='ocr_par' dir='ltr' id='par_1_30' title="bbox 913 305 1014 339">
     <span class='ocr_line' id='line_1_45' title="bbox 913 305 1014 339; baseline 0.01 -1"><span class='ocrx_word' id='word_1_108' title='bbox 913 305 1014 339; x_wconf 77' lang='lat' dir='ltr'>SEOT.</span> 
     </span>
    </p>
   </div>
   <div class='ocr_carea' id='block_1_17' title="bbox 916 360 982 399">
    <p class='ocr_par' dir='ltr' id='par_1_31' title="bbox 916 360 982 399">
     <span class='ocr_line' id='line_1_46' title="bbox 916 360 982 399; baseline 0 -1"><span class='ocrx_word' id='word_1_109' title='bbox 916 360 982 399; x_wconf 74' lang='lat'>51.</span> 
     </span>
    </p>
   </div>
   <div class='ocr_carea' id='block_1_18' title="bbox 919 806 987 943">
    <p class='ocr_par' dir='ltr' id='par_1_32' title="bbox 919 806 987 943">
     <span class='ocr_line' id='line_1_47' title="bbox 919 807 942 942; textangle 90"><span class='ocrx_word' id='word_1_110' title='bbox 920 904 942 942; x_wconf 65' lang='grc' dir='ltr'>ΕΠ</span> <span class='ocrx_word' id='word_1_111' title='bbox 919 807 942 845; x_wconf 66' lang='lat'>01</span> 
     </span>
     <span class='ocr_line' id='line_1_48' title="bbox 949 806 987 943; textangle 90"><span class='ocrx_word' id='word_1_112' title='bbox 949 903 987 943; x_wconf 61' lang='lat'>90</span> <span class='ocrx_word' id='word_1_113' title='bbox 949 806 987 846; x_wconf 51' lang='lat' dir='ltr'>&#39;NJ</span> 
     </span>
    </p>
   </div>
   <div class='ocr_carea' id='block_1_19' title="bbox 922 1361 988 1402">
    <p class='ocr_par' dir='ltr' id='par_1_33' title="bbox 922 1361 988 1402">
     <span class='ocr_line' id='line_1_49' title="bbox 922 1361 988 1402; baseline 0.03 -2"><span class='ocrx_word' id='word_1_114' title='bbox 922 1361 988 1402; x_wconf 70' lang='lat'>54.</span> 
     </span>
    </p>
   </div>
   <div class='ocr_carea' id='block_1_20' title="bbox 921 2010 987 2051">
    <p class='ocr_par' dir='ltr' id='par_1_34' title="bbox 921 2010 987 2051">
     <span class='ocr_line' id='line_1_50' title="bbox 921 2010 987 2051; baseline 0.03 -2"><span class='ocrx_word' id='word_1_115' title='bbox 921 2010 987 2051; x_wconf 88' lang='grc'>56.</span> 
     </span>
    </p>
   </div>
   <div class='ocr_carea' id='block_1_21' title="bbox 919 2208 986 2253">
    <p class='ocr_par' dir='ltr' id='par_1_35' title="bbox 919 2208 986 2253">
     <span class='ocr_line' id='line_1_51' title="bbox 919 2208 986 2253; baseline 0.03 -2"><span class='ocrx_word' id='word_1_116' title='bbox 919 2208 986 2253; x_wconf 85' lang='grc'>57.</span> 
     </span>
    </p>
   </div>
   <div class='ocr_carea' id='block_1_22' title="bbox 1009 355 1653 758">
    <p class='ocr_par' dir='ltr' id='par_1_36' title="bbox 1015 355 1612 399">
     <span class='ocr_line' id='line_1_52' title="bbox 1015 355 1612 399; baseline 0 -1"><span class='ocrx_word' id='word_1_117' title='bbox 1015 355 1113 399; x_wconf 77' lang='lat' dir='ltr'>OAP.</span> <span class='ocrx_word' id='word_1_118' title='bbox 1138 371 1321 398; x_wconf 83' lang='lat' dir='ltr'>XXXVIII.</span> <span class='ocrx_word' id='word_1_119' title='bbox 1357 355 1612 399; x_wconf 73' lang='lat' dir='ltr'>GERMANUS.</span> 
     </span>
    </p>

    <p class='ocr_par' dir='ltr' id='par_1_37' title="bbox 1016 434 1653 542">
     <span class='ocr_line' id='line_1_53' title="bbox 1016 434 1653 489; baseline 0 -14"><span class='ocrx_word' id='word_1_120' title='bbox 1016 440 1057 475; x_wconf 90' lang='lat' dir='ltr'>et</span> <span class='ocrx_word' id='word_1_121' title='bbox 1089 434 1204 489; x_wconf 82' lang='lat' dir='ltr'>equis</span> <span class='ocrx_word' id='word_1_122' title='bbox 1228 434 1378 476; x_wconf 82' lang='lat' dir='ltr'>vestris</span> <span class='ocrx_word' id='word_1_123' title='bbox 1410 435 1479 489; x_wconf 86' lang='lat' dir='ltr'>qui</span> <span class='ocrx_word' id='word_1_124' title='bbox 1512 435 1653 476; x_wconf 81' lang='lat' dir='ltr'>inedia</span> 
     </span>
     <span class='ocr_line' id='line_1_54' title="bbox 1050 501 1287 542; baseline 0 0"><span class='ocrx_word' id='word_1_125' title='bbox 1050 501 1287 542; x_wconf 81' lang='lat' dir='ltr'>defecerant</span> 
     </span>
    </p>

    <p class='ocr_par' dir='ltr' id='par_1_38' title="bbox 1009 567 1232 625">
     <span class='ocr_line' id='line_1_55' title="bbox 1009 567 1232 625; baseline 0 -15"><span class='ocrx_word' id='word_1_126' title='bbox 1009 567 1136 625; x_wconf 82' lang='lat' dir='ltr'>jussit</span> <span class='ocrx_word' id='word_1_127' title='bbox 1158 583 1232 610; x_wconf 83' lang='lat' dir='ltr'>vos</span> 
     </span>
    </p>

    <p class='ocr_par' dir='ltr' id='par_1_39' title="bbox 1017 636 1396 691">
     <span class='ocr_line' id='line_1_56' title="bbox 1017 636 1396 691; baseline -0.003 -14"><span class='ocrx_word' id='word_1_128' title='bbox 1017 636 1176 691; x_wconf 81' lang='lat' dir='ltr'>aperire</span> <span class='ocrx_word' id='word_1_129' title='bbox 1199 636 1396 676; x_wconf 90' lang='lat' dir='ltr'>obtutum</span> 
     </span>
    </p>

    <p class='ocr_par' dir='ltr' id='par_1_40' title="bbox 1017 703 1395 758">
     <span class='ocr_line' id='line_1_57' title="bbox 1017 703 1395 758; baseline -0.003 -14"><span class='ocrx_word' id='word_1_130' title='bbox 1017 703 1171 758; x_wconf 85' lang='lat' dir='ltr'>poterit</span> <span class='ocrx_word' id='word_1_131' title='bbox 1196 718 1395 744; x_wconf 83' lang='lat' dir='ltr'>arcanum</span> 
     </span>
    </p>
   </div>
   <div class='ocr_carea' id='block_1_23' title="bbox 1020 802 1584 846">
    <p class='ocr_par' dir='ltr' id='par_1_41' title="bbox 1020 802 1584 846">
     <span class='ocr_line' id='line_1_58' title="bbox 1020 802 1584 846; baseline 0 -1"><span class='ocrx_word' id='word_1_132' title='bbox 1020 803 1122 846; x_wconf 76' lang='lat' dir='ltr'>GAP.</span> <span class='ocrx_word' id='word_1_133' title='bbox 1147 819 1297 845; x_wconf 79' lang='lat' dir='ltr'>XXXIX.</span> <span class='ocrx_word' id='word_1_134' title='bbox 1334 802 1584 846; x_wconf 77' lang='lat' dir='ltr'>GERMANUS.</span> 
     </span>
    </p>
   </div>
   <div class='ocr_carea' id='block_1_24' title="bbox 1021 900 1534 943">
    <p class='ocr_par' dir='ltr' id='par_1_42' title="bbox 1021 900 1534 943">
     <span class='ocr_line' id='line_1_59' title="bbox 1021 900 1534 943; baseline -0.002 0"><span class='ocrx_word' id='word_1_135' title='bbox 1021 901 1122 943; x_wconf 80' lang='lat' dir='ltr'>CAP.</span> <span class='ocrx_word' id='word_1_136' title='bbox 1145 916 1212 941; x_wconf 87' lang='lat' dir='ltr'>XL.</span> <span class='ocrx_word' id='word_1_137' title='bbox 1247 900 1534 942; x_wconf 74' lang='lat' dir='ltr'>REGINALDUS.</span> 
     </span>
    </p>
   </div>
   <div class='ocr_carea' id='block_1_25' title="bbox 1017 989 1651 1299">
    <p class='ocr_par' dir='ltr' id='par_1_43' title="bbox 1017 989 1476 1032">
     <span class='ocr_line' id='line_1_60' title="bbox 1017 989 1476 1032; baseline 0 -1"><span class='ocrx_word' id='word_1_138' title='bbox 1017 989 1278 1032; x_wconf 76' lang='lat' dir='ltr'>necessitatis</span> <span class='ocrx_word' id='word_1_139' title='bbox 1300 989 1476 1031; x_wconf 87' lang='lat' dir='ltr'>articulo</span> 
     </span>
    </p>

    <p class='ocr_par' dir='ltr' id='par_1_44' title="bbox 1018 1057 1651 1179">
     <span class='ocr_line' id='line_1_61' title="bbox 1018 1057 1651 1112; baseline 0.002 -15"><span class='ocrx_word' id='word_1_140' title='bbox 1018 1057 1190 1098; x_wconf 81' lang='lat' dir='ltr'>haberet</span> <span class='ocrx_word' id='word_1_141' title='bbox 1229 1057 1485 1099; x_wconf 80' lang='lat' dir='ltr'>orationibus</span> <span class='ocrx_word' id='word_1_142' title='bbox 1528 1057 1651 1112; x_wconf 86' lang='lat' dir='ltr'>siqui-</span> 
     </span>
     <span class='ocr_line' id='line_1_62' title="bbox 1053 1122 1259 1179; baseline -0.005 -14"><span class='ocrx_word' id='word_1_143' title='bbox 1053 1124 1147 1165; x_wconf 84' lang='lat' dir='ltr'>dem</span> <span class='ocrx_word' id='word_1_144' title='bbox 1172 1122 1259 1179; x_wconf 85' lang='lat' dir='ltr'>ejus</span> 
     </span>
    </p>

    <p class='ocr_par' dir='ltr' id='par_1_45' title="bbox 1019 1190 1651 1299">
     <span class='ocr_line' id='line_1_63' title="bbox 1019 1190 1651 1233; baseline 0 -1"><span class='ocrx_word' id='word_1_145' title='bbox 1019 1206 1060 1232; x_wconf 90' lang='lat' dir='ltr'>se</span> <span class='ocrx_word' id='word_1_146' title='bbox 1078 1190 1443 1233; x_wconf 83' lang='lat' dir='ltr'>commendaverat</span> <span class='ocrx_word' id='word_1_147' title='bbox 1462 1191 1497 1232; x_wconf 91' lang='lat' dir='ltr'>ei</span> <span class='ocrx_word' id='word_1_148' title='bbox 1517 1196 1651 1233; x_wconf 83' lang='lat' dir='ltr'>trans-</span> 
     </span>
     <span class='ocr_line' id='line_1_64' title="bbox 1053 1259 1242 1299; baseline 0 0"><span class='ocrx_word' id='word_1_149' title='bbox 1053 1259 1242 1299; x_wconf 86' lang='lat' dir='ltr'>mitteret</span> 
     </span>
    </p>
   </div>
   <div class='ocr_carea' id='block_1_26' title="bbox 1021 1358 1519 1402">
    <p class='ocr_par' dir='ltr' id='par_1_46' title="bbox 1021 1358 1519 1402">
     <span class='ocr_line' id='line_1_65' title="bbox 1021 1358 1519 1402; baseline 0.002 -2"><span class='ocrx_word' id='word_1_150' title='bbox 1021 1358 1079 1400; x_wconf 79' lang='lat' dir='ltr'>CA</span> <span class='ocrx_word' id='word_1_151' title='bbox 1087 1375 1122 1401; x_wconf 85' lang='lat' dir='ltr'>P.</span> <span class='ocrx_word' id='word_1_152' title='bbox 1145 1375 1229 1402; x_wconf 85' lang='lat' dir='ltr'>XLI.</span> <span class='ocrx_word' id='word_1_153' title='bbox 1269 1359 1519 1401; x_wconf 78' lang='lat' dir='ltr'>GERMANUS.</span> 
     </span>
    </p>
   </div>
   <div class='ocr_carea' id='block_1_27' title="bbox 1019 1448 1416 1691">
    <p class='ocr_par' dir='ltr' id='par_1_47' title="bbox 1020 1448 1207 1490">
     <span class='ocr_line' id='line_1_66' title="bbox 1020 1448 1207 1490; baseline 0.005 -1"><span class='ocrx_word' id='word_1_154' title='bbox 1020 1448 1207 1490; x_wconf 83' lang='lat' dir='ltr'>virilibus</span> 
     </span>
    </p>

    <p class='ocr_par' dir='ltr' id='par_1_48' title="bbox 1019 1515 1416 1691">
     <span class='ocr_line' id='line_1_67' title="bbox 1022 1515 1416 1571; baseline 0 -14"><span class='ocrx_word' id='word_1_155' title='bbox 1022 1515 1165 1557; x_wconf 79' lang='lat' dir='ltr'>Flexis</span> <span class='ocrx_word' id='word_1_156' title='bbox 1187 1531 1219 1558; x_wconf 88' lang='lat' dir='ltr'>s.</span> <span class='ocrx_word' id='word_1_157' title='bbox 1242 1515 1416 1571; x_wconf 79' lang='lat' dir='ltr'>genibus</span> 
     </span>
     <span class='ocr_line' id='line_1_68' title="bbox 1021 1582 1281 1638; baseline 0 -14"><span class='ocrx_word' id='word_1_158' title='bbox 1021 1598 1112 1624; x_wconf 81' lang='lat' dir='ltr'>eam</span> <span class='ocrx_word' id='word_1_159' title='bbox 1135 1582 1281 1638; x_wconf 76' lang='lat' dir='ltr'>ejicere</span> 
     </span>
     <span class='ocr_line' id='line_1_69' title="bbox 1019 1665 1318 1691; baseline 0 0"><span class='ocrx_word' id='word_1_160' title='bbox 1019 1666 1182 1691; x_wconf 85' lang='lat' dir='ltr'>mecum</span> <span class='ocrx_word' id='word_1_161' title='bbox 1205 1665 1318 1691; x_wconf 86' lang='lat' dir='ltr'>eram</span> 
     </span>
    </p>
   </div>
   <div class='ocr_carea' id='block_1_28' title="bbox 981 1750 1546 1806">
    <p class='ocr_par' dir='ltr' id='par_1_49' title="bbox 981 1750 1546 1806">
     <span class='ocr_line' id='line_1_70' title="bbox 981 1750 1546 1806; baseline 0 -13"><span class='ocrx_word' id='word_1_162' title='bbox 981 1785 988 1793; x_wconf 91' lang='lat'>.</span> <span class='ocrx_word' id='word_1_163' title='bbox 1020 1752 1118 1795; x_wconf 73' lang='lat' dir='ltr'>GAP.</span> <span class='ocrx_word' id='word_1_164' title='bbox 1142 1767 1242 1793; x_wconf 83' lang='lat' dir='ltr'>XLII.</span> <span class='ocrx_word' id='word_1_165' title='bbox 1277 1750 1546 1806; x_wconf 79' lang='lat' dir='ltr'>Reginaldus.</span> 
     </span>
    </p>
   </div>
   <div class='ocr_carea' id='block_1_29' title="bbox 1020 1841 1652 1962">
    <p class='ocr_par' dir='ltr' id='par_1_50' title="bbox 1020 1841 1652 1962">
     <span class='ocr_line' id='line_1_71' title="bbox 1020 1841 1652 1896; baseline 0 -14"><span class='ocrx_word' id='word_1_166' title='bbox 1020 1846 1061 1882; x_wconf 86' lang='lat' dir='ltr'>et</span> <span class='ocrx_word' id='word_1_167' title='bbox 1078 1841 1286 1882; x_wconf 80' lang='lat' dir='ltr'>sacculum</span> <span class='ocrx_word' id='word_1_168' title='bbox 1302 1856 1396 1881; x_wconf 89' lang='lat' dir='ltr'>cum</span> <span class='ocrx_word' id='word_1_169' title='bbox 1411 1841 1652 1896; x_wconf 85' lang='lat' dir='ltr'>corpusculo</span> 
     </span>
     <span class='ocr_line' id='line_1_72' title="bbox 1021 1923 1300 1962; baseline -0.004 -13"><span class='ocrx_word' id='word_1_170' title='bbox 1021 1923 1063 1949; x_wconf 86' lang='lat' dir='ltr'>se</span> <span class='ocrx_word' id='word_1_171' title='bbox 1087 1923 1300 1962; x_wconf 81' lang='lat' dir='ltr'>nunquam</span> 
     </span>
    </p>
   </div>
   <div class='ocr_carea' id='block_1_30' title="bbox 1019 2008 1566 2065">
    <p class='ocr_par' dir='ltr' id='par_1_51' title="bbox 1019 2008 1566 2065">
     <span class='ocr_line' id='line_1_73' title="bbox 1019 2008 1566 2065; baseline -0.002 -14"><span class='ocrx_word' id='word_1_172' title='bbox 1019 2008 1120 2051; x_wconf 76' lang='grc' dir='ltr'><strong>ΟΑΡ.</strong></span> <span class='ocrx_word' id='word_1_173' title='bbox 1144 2025 1261 2050; x_wconf 84' lang='lat' dir='ltr'>XLIII.</span> <span class='ocrx_word' id='word_1_174' title='bbox 1295 2008 1566 2065; x_wconf 80' lang='lat' dir='ltr'>Reginaldus.</span> 
     </span>
    </p>
   </div>
   <div class='ocr_carea' id='block_1_31' title="bbox 1018 2097 1273 2153">
    <p class='ocr_par' dir='ltr' id='par_1_52' title="bbox 1018 2097 1273 2153">
     <span class='ocr_line' id='line_1_74' title="bbox 1018 2097 1273 2153; baseline -0.004 -14"><span class='ocrx_word' id='word_1_175' title='bbox 1018 2097 1209 2153; x_wconf 80' lang='lat' dir='ltr'>religioso</span> <span class='ocrx_word' id='word_1_176' title='bbox 1231 2113 1273 2139; x_wconf 84' lang='lat' dir='ltr'>se</span> 
     </span>
    </p>
   </div>
   <div class='ocr_carea' id='block_1_32' title="bbox 1019 2209 1649 2264">
    <p class='ocr_par' dir='ltr' id='par_1_53' title="bbox 1019 2209 1649 2264">
     <span class='ocr_line' id='line_1_75' title="bbox 1019 2209 1649 2264; baseline 0 -13"><span class='ocrx_word' id='word_1_177' title='bbox 1019 2209 1120 2252; x_wconf 80' lang='lat' dir='ltr'>CAP.</span> <span class='ocrx_word' id='word_1_178' title='bbox 1144 2225 1275 2251; x_wconf 83' lang='lat' dir='ltr'>XLIIII.</span> <span class='ocrx_word' id='word_1_179' title='bbox 1303 2209 1436 2263; x_wconf 87' lang='lat' dir='ltr'>(nullo</span> <span class='ocrx_word' id='word_1_180' title='bbox 1458 2212 1649 2264; x_wconf 84' lang='lat' dir='ltr'>auctore)</span> 
     </span>
    </p>
   </div>
   <div class='ocr_carea' id='block_1_33' title="bbox 1018 2298 1345 2473">
    <p class='ocr_par' dir='ltr' id='par_1_54' title="bbox 1018 2298 1345 2473">
     <span class='ocr_line' id='line_1_76' title="bbox 1019 2298 1219 2353; baseline 0.005 -14"><span class='ocrx_word' id='word_1_181' title='bbox 1019 2298 1219 2353; x_wconf 81' lang='lat' dir='ltr'>repereris</span> 
     </span>
     <span class='ocr_line' id='line_1_77' title="bbox 1018 2365 1345 2419; baseline -0.003 -13"><span class='ocrx_word' id='word_1_182' title='bbox 1018 2365 1213 2407; x_wconf 82' lang='lat' dir='ltr'>volvebat</span> <span class='ocrx_word' id='word_1_183' title='bbox 1236 2380 1345 2419; x_wconf 68' lang='lat' dir='ltr'>saepe</span> 
     </span>
     <span class='ocr_line' id='line_1_78' title="bbox 1019 2432 1324 2473; baseline 0.003 -1"><span class='ocrx_word' id='word_1_184' title='bbox 1019 2437 1060 2473; x_wconf 91' lang='lat' dir='ltr'>et</span> <span class='ocrx_word' id='word_1_185' title='bbox 1083 2432 1136 2472; x_wconf 84' lang='lat' dir='ltr'>ad</span> <span class='ocrx_word' id='word_1_186' title='bbox 1158 2437 1324 2473; x_wconf 78' lang='lat' dir='ltr'>secreta</span> 
     </span>
    </p>
   </div>
   <div class='ocr_carea' id='block_1_34' title="bbox 1017 2543 1588 2599">
    <p class='ocr_par' dir='ltr' id='par_1_55' title="bbox 1017 2543 1588 2599">
     <span class='ocr_line' id='line_1_79' title="bbox 1017 2543 1588 2599; baseline -0.002 -13"><span class='ocrx_word' id='word_1_187' title='bbox 1017 2543 1118 2587; x_wconf 81' lang='lat' dir='ltr'>GAP.</span> <span class='ocrx_word' id='word_1_188' title='bbox 1146 2546 1215 2585; x_wconf 77' lang='lat'>45.</span> <span class='ocrx_word' id='word_1_189' title='bbox 1243 2544 1376 2599; x_wconf 86' lang='lat' dir='ltr'>(nullo</span> <span class='ocrx_word' id='word_1_190' title='bbox 1398 2547 1588 2598; x_wconf 87' lang='lat' dir='ltr'>auctore)</span> 
     </span>
    </p>
   </div>
   <div class='ocr_carea' id='block_1_35' title="bbox 1016 2633 1649 2810">
    <p class='ocr_par' dir='ltr' id='par_1_56' title="bbox 1016 2633 1649 2810">
     <span class='ocr_line' id='line_1_80' title="bbox 1018 2633 1279 2676; baseline 0.008 -3"><span class='ocrx_word' id='word_1_191' title='bbox 1018 2633 1136 2674; x_wconf 84' lang='lat' dir='ltr'>nobis</span> <span class='ocrx_word' id='word_1_192' title='bbox 1159 2633 1279 2676; x_wconf 86' lang='lat' dir='ltr'>dona.</span> 
     </span>
     <span class='ocr_line' id='line_1_81' title="bbox 1019 2699 1649 2753; baseline 0.002 -13"><span class='ocrx_word' id='word_1_193' title='bbox 1019 2699 1165 2753; x_wconf 90' lang='lat' dir='ltr'>Neque</span> <span class='ocrx_word' id='word_1_194' title='bbox 1191 2699 1511 2740; x_wconf 74' lang='lat' dir='ltr'>caritate-non</span> <span class='ocrx_word' id='word_1_195' title='bbox 1533 2700 1649 2741; x_wconf 89' lang='lat' dir='ltr'>novit</span> 
     </span>
     <span class='ocr_line' id='line_1_82' title="bbox 1016 2766 1647 2810; baseline 0.003 -3"><span class='ocrx_word' id='word_1_196' title='bbox 1016 2767 1104 2807; x_wconf 83' lang='lat' dir='ltr'>haec</span> <span class='ocrx_word' id='word_1_197' title='bbox 1135 2781 1217 2807; x_wconf 89' lang='lat' dir='ltr'>non</span> <span class='ocrx_word' id='word_1_198' title='bbox 1248 2766 1455 2807; x_wconf 85' lang='lat' dir='ltr'>habentur</span> <span class='ocrx_word' id='word_1_199' title='bbox 1485 2766 1526 2807; x_wconf 90' lang='lat' dir='ltr'>in</span> <span class='ocrx_word' id='word_1_200' title='bbox 1556 2767 1647 2810; x_wconf 83' lang='lat' dir='ltr'>cod.</span> 
     </span>
    </p>
   </div>
   <div class='ocr_carea' id='block_1_36' title="bbox 1018 2832 1634 2954">
    <p class='ocr_par' dir='ltr' id='par_1_57' title="bbox 1018 2832 1634 2954">
     <span class='ocr_line' id='line_1_83' title="bbox 1054 2832 1191 2874; baseline 0.007 -1"><span class='ocrx_word' id='word_1_201' title='bbox 1054 2832 1191 2874; x_wconf 88' lang='lat' dir='ltr'>Wint.</span> 
     </span>
     <span class='ocr_line' id='line_1_84' title="bbox 1018 2899 1634 2954; baseline 0.005 -15"><span class='ocrx_word' id='word_1_202' title='bbox 1018 2914 1142 2953; x_wconf 80' lang='lat' dir='ltr'>quam</span> <span class='ocrx_word' id='word_1_203' title='bbox 1164 2899 1398 2954; x_wconf 89' lang='lat' dir='ltr'>opponebat</span> <span class='ocrx_word' id='word_1_204' title='bbox 1424 2899 1634 2942; x_wconf 84' lang='lat' dir='ltr'>videretur</span> 
     </span>
    </p>
   </div>
  </div>
 </body>
</html>
