1839 3186
193 158 247 202 96
720 168 952 201 LIBELLUS
988 169 1051 200 DE
1087 169 1201 201 VITA

192 273 424 324 inhaereret,
462 273 583 314 citius
619 289 736 315 mens
773 278 952 329 pertaesa
983 289 1056 315 suo
1094 277 1245 314 conatu
1279 272 1481 315 reliditur.
1543 273 1727 315 Proinde

193 340 254 382 vir
283 340 452 380 Domini
489 340 640 382 mentis
681 340 866 382 studium
905 340 1077 382 diversis
1118 339 1326 381 exercitiis
1369 340 1612 395 occupabat,
1655 340 1728 381 sed

191 412 332 447 tamen
349 422 440 447 raro
462 406 647 448 animum
668 407 721 448 ab
746 407 930 448 oratione
951 406 1200 461 suspendere
1222 412 1408 447 noverat,
1471 406 1728 461 Exstirpatis

192 472 367 527 denique
403 473 445 514 in
485 473 674 528 proximo
716 472 907 528 virgultis
943 472 1208 514 infructuosis
1250 487 1480 524 nemorum,
1529 473 1651 528 coepit
1685 473 1727 513 in

191 539 348 580 truncis
368 540 677 581 remanentibus
716 539 916 594 quosdam
950 538 1156 580 1inserere
1189 538 1372 580 surculos
1393 539 1600 589 arborum,
1626 554 1729 594 quos

191 605 243 646 de
276 606 599 647 adventantibus
646 605 723 647 sibi
764 605 886 646 multi
931 603 1094 646 artificii
1131 604 1269 646 studio
1309 605 1543 660 collegerat,
1590 610 1632 646 et
1675 606 1726 646 de

192 672 340 725 quibus
380 672 525 713 hortus
561 671 778 727 cujusdam
811 676 929 726 septa
969 671 1046 712 sibi
1090 671 1336 712 confecerat.
1419 672 1593 713 AEstivo
1631 687 1727 727 ergo

192 743 390 793 tempore,
416 738 516 778 dum
542 743 686 779 tenera
706 737 980 792 virgultorum
1013 752 1182 791 quaeque
1219 741 1425 792 coeperant
1455 738 1731 780 viridantibus

191 804 298 845 foliis
339 804 593 855 reviviscere,
647 818 802 859 coepere
845 808 887 844 et
928 803 1081 845 surculi
1127 804 1322 845 arborum
1370 804 1528 846 truncis
1571 804 1726 855 inserti,

191 870 357 912 frondes
405 870 571 925 fragiles
615 875 657 911 et
697 870 796 911 folia
835 874 979 911 tenera
1029 869 1201 924 sparsim
1257 869 1487 924 sensimque
1539 871 1728 912 dilatare.

193 936 380 988 Quorum
403 942 550 991 gustus
572 936 788 977 dulcedine
818 936 1022 977 indomita
1052 936 1248 978 silvarum
1270 936 1465 978 animalia
1491 943 1728 992 provocata,

192 1018 349 1057 coepere
370 1003 441 1043 illa
461 1002 560 1058 ipsis
579 1002 743 1044 insueta
763 1002 922 1044 virecta
943 1003 1104 1044 avidius
1128 1017 1307 1058 carpere,
1331 1008 1373 1043 et
1401 1003 1654 1058 frequentius
1674 1004 1730 1045 ad

193 1069 289 1110 talis
317 1074 460 1124 pastus
491 1069 728 1110 alimoniam
759 1069 989 1111 convenire.
1061 1069 1187 1110 Unde
1210 1069 1375 1111 frondes
1397 1070 1518 1111 simul
1540 1086 1634 1111 cum
1657 1086 1729 1126 po-

191 1151 354 1177 morum
378 1135 581 1177 fructibus
612 1136 911 1191 discerpebant,
941 1140 1165 1190 tenuesque
1191 1135 1391 1177 corticum
1411 1136 1730 1178 medullantium

192 1202 394 1257 virgultas
415 1202 579 1257 ungulis
615 1202 737 1244 simul
760 1207 801 1243 et
824 1202 1018 1243 dentibus
1049 1201 1309 1243 corrodentia
1331 1201 1614 1258 dissipabant3
1653 1218 1729 1244 nec

192 1269 330 1323 aliqua
351 1269 543 1309 arborum
557 1283 709 1323 genera
725 1284 814 1323 quae
838 1269 998 1310 diutino
1020 1268 1160 1309 labore
1180 1268 1365 1318 inseruit,
1389 1268 1568 1310 ferarum
1590 1269 1728 1312 silves-

194 1335 320 1376 trium
342 1335 546 1376 indomita
566 1335 699 1377 rabies
714 1335 768 1376 ad
790 1340 961 1376 aetatem
982 1339 1187 1376 maturam
1211 1334 1424 1389 pervenire
1442 1334 1457 1356 2
1469 1336 1670 1390 permisit.

254 1402 276 1456 ᾗ
296 1403 364 1443 86.
403 1401 557 1455 Aliquo
575 1401 723 1442 deinde
745 1407 931 1457 tempore
949 1401 1000 1442 de
1021 1401 1214 1442 Oratorio
1228 1416 1301 1442 suo
1324 1417 1576 1457 progressus,
1595 1402 1610 1423 ³
1625 1403 1729 1445 vidit

194 1466 385 1509 4cervum
421 1468 651 1509 silvestrem
687 1468 817 1509 feram
856 1473 1020 1509 teneras
1053 1469 1246 1509 arborum
1275 1482 1441 1509 suarum
1461 1468 1628 1511 frondes
1658 1485 1729 1511 ex-

194 1549 370 1588 cerpere,
393 1549 441 1575 ac
463 1539 552 1575 toto
574 1535 787 1575 conamine
810 1534 1046 1589 dissipando
1069 1534 1332 1589 disperdere;
1367 1535 1646 1590 accedensque
1674 1536 1729 1577 ad

194 1601 383 1650 bestiam,
402 1600 482 1641 leni
501 1600 723 1655 digitorum
748 1599 902 1641 inflexu
923 1600 1119 1656 praecepit
1132 1616 1183 1642 ne
1205 1601 1258 1642 ab
1275 1600 1343 1641 illo
1360 1601 1449 1642 1000
1467 1602 1696 1644 discederet
1714 1620 1724 1650 ;

194 1667 266 1708 sed
297 1667 355 1707 nil
384 1667 548 1721 penitus
572 1672 687 1708 mota
711 1666 797 1723 ejus
819 1667 956 1722 potius
987 1667 1214 1709 adventum
1246 1672 1520 1722 exspectaret.
1583 1668 1620 1709 O
1642 1673 1730 1710 stu-

192 1733 337 1788 pendae
370 1733 570 1775 novitatis
604 1734 830 1789 prodigiale
864 1736 1093 1775 secretum!
1167 1730 1183 1755 5
1202 1733 1370 1784 Cervus,
1394 1734 1482 1776 fera
1516 1734 1727 1786 silvestris,

194 1815 284 1853 quae
310 1800 368 1840 nil
397 1799 654 1841 discretionis
685 1800 835 1855 sapuit,
868 1799 945 1841 viri
985 1799 1065 1840 Dei
1096 1800 1200 1841 velle
1236 1804 1277 1840 et
1309 1800 1527 1854 imperium
1558 1816 1611 1843 ex
1643 1800 1730 1857 ejus

193 1867 289 1907 solis
313 1866 482 1907 nutibus
503 1866 724 1908 intellexit.
787 1866 913 1907 Unde
945 1881 1044 1907 mox
1075 1866 1302 1908 subsistens
1332 1871 1423 1907 tota
1461 1869 1724 1918 contremuit,

193 1932 289 1987 quia
312 1933 417 1973 forte
440 1933 549 1986 quod
570 1933 676 1975 servi
702 1932 781 1973 Dei
805 1933 991 1973 animum
1019 1931 1270 1982 offendisset,
1294 1932 1490 1975 advertit.
1556 1934 1639 1974 Sed
1660 1934 1727 1975 ille

194 1999 381 2053 protinus
412 1998 499 2054 ejus
529 1999 637 2040 tanti
669 1999 858 2040 tremoris
893 2003 934 2039 et
966 1998 1126 2039 timoris
1156 1998 1388 2047 miseratus,
1424 2000 1551 2040 animi
1591 2006 1730 2042 motus

193 2065 386 2114 coercuit,
411 2069 452 2105 et
470 2064 600 2120 flagra
623 2066 854 2115 verberum,
893 2080 982 2118 quae
1015 2064 1160 2105 bestiae
1182 2064 1395 2119 proposuit
1416 2066 1614 2117 intulisse,
1640 2082 1728 2108 sus-

194 2131 365 2186 pendit3
401 2146 490 2184 quae
522 2130 781 2172 advenientis
802 2130 977 2185 pedibus
1009 2131 1240 2185 provoluta,
1265 2130 1412 2184 quibus
1436 2132 1570 2174 modis
1590 2134 1727 2187 potuit

194 2197 310 2251 quasi
341 2197 569 2238 temerariae
614 2196 949 2251 transgressionis
985 2196 1148 2238 veniam
1184 2196 1424 2252 postulavit.
1494 2199 1615 2251 Quod
1655 2199 1727 2240 ad-

195 2267 359 2305 vertens
380 2262 447 2304 ille
469 2262 679 2318 cingulum
702 2279 781 2317 quo
805 2263 1016 2305 accinctus
1047 2268 1136 2304 erat
1169 2263 1359 2314 exsolvit,
1393 2270 1434 2307 et
1462 2265 1564 2306 collo
1586 2265 1729 2307 bestiae

242 2395 251 2412 ¹
273 2393 423 2427 Inserere
446 2392 619 2438 sarculos]
649 2392 862 2436 Concerning
878 2391 936 2425 the
954 2391 1136 2436 ingrafting
1153 2391 1192 2424 of
1212 2391 1269 2424 the
1296 2390 1428 2425 Middle
1452 2391 1544 2435 Ages
1567 2402 1623 2424 see
1642 2390 1728 2424 Vin-

194 2446 282 2474 cent.
302 2439 477 2473 Bellovac.
495 2440 581 2484 Spcc
612 2439 712 2471 Doct.
726 2438 770 2471 vi.
798 2439 852 2480 72,
878 2449 911 2482 p.
930 2440 1009 2481 512,
1027 2437 1094 2471 and
1111 2438 1208 2482 Spec.
1229 2438 1313 2471 Nat.
1330 2449 1365 2471 x.
1385 2440 1423 2479 23
1450 2437 1483 2470 in
1502 2436 1612 2470 which
1629 2436 1729 2471 latter

194 2498 336 2532 passage
365 2486 393 2518 is
423 2497 466 2518 an
492 2490 624 2518 extract
656 2484 740 2517 from
767 2484 815 2517 St.
838 2484 860 2517 J
863 2495 986 2526 eromc,
1017 2484 1051 2517 in
1077 2483 1190 2517 which
1218 2484 1261 2517 he
1290 2482 1524 2518 recommends
1554 2483 1581 2516 it
1609 2488 1644 2516 to
1671 2483 1729 2517 the

194 2532 386 2566 anchorites
404 2532 441 2564 of
453 2531 506 2565 his
524 2531 589 2576 day
606 2542 643 2563 as
660 2542 679 2563 a
696 2530 807 2563 useful
824 2530 1036 2575 occupation.

242 2580 254 2599 2
276 2578 444 2612 Permisit.
494 2579 522 2605 -“
540 2577 709 2610 Godricus
742 2576 960 2609 infructuosis
993 2576 1169 2610 arboribus
1206 2576 1391 2621 extirpans,
1431 2580 1468 2608 ut
1501 2575 1535 2608 in
1569 2575 1727 2620 proximo

194 2625 396 2671 pomoerium
415 2624 442 2657 si
469 2624 479 2657 i
497 2624 632 2666 faceret,
651 2622 802 2655 surculos
821 2622 940 2655 diversi
958 2622 1090 2667 generis
1108 2623 1210 2668 coepit
1228 2623 1384 2656 inserere.
1422 2620 1558 2654 AEstivo
1577 2627 1728 2667 tempore

196 2672 413 2705 vehementes
430 2671 510 2704 ferae
528 2670 720 2715 sylvestres,
738 2668 882 2713 virgulta
907 2668 980 2702 haec
999 2674 1114 2702 tenera
1136 2669 1260 2714 saepius
1278 2667 1538 2712 decerpebant.''
1588 2668 1730 2714 Anony-

197 2729 295 2751 mous
314 2717 463 2761 Legend-

244 2765 256 2783 ³
282 2764 312 2797 V
311 2762 400 2808 idm]
429 2762 527 2796 Vidit
545 2762 732 2795 silvestrem
750 2761 866 2803 feram,
889 2761 936 2795 H.

244 2811 257 2830 ⁴
279 2808 449 2855 Cervam]
478 2807 688 2854 Apparently
705 2819 725 2840 a
741 2807 831 2852 gloss
849 2805 1047 2840 introduced
1061 2806 1146 2839 from
1164 2805 1222 2839 the
1239 2805 1370 2850 margin
1388 2805 1459 2840 into
1477 2805 1534 2839 the
1552 2811 1636 2840 text.

243 2857 254 2875 ⁵
276 2855 429 2901 cervus]
459 2855 532 2888 The
550 2854 641 2887 word
658 2858 679 2874 “
692 2853 833 2887 cervus’'
852 2853 880 2886 is
899 2852 1041 2885 omitted
1059 2852 1093 2885 in
1114 2852 1163 2885 H.
