1839 3186
529 217 587 248 ET
622 215 889 248 MIRAcULrs
927 215 960 246 s.
995 215 1212 247 Goomcr.
1562 201 1644 245 337

97 434 186 460 CAP.
208 435 249 459 II·
285 436 389 465 QUOT
416 437 592 462 SPIRITUS
621 437 922 462 PHANTASTICOS
956 437 1070 462 CIRCA
1107 437 1277 462 HORTUM
1303 437 1521 462 CONSIDERE
1541 436 1634 461 CON-

156 501 362 538 SPEXERIT,
400 504 448 529 ET
476 503 668 533 QUOMODO
699 504 904 529 FAMULUM
933 504 1003 532 QUI
1032 504 1075 528 [N
1112 504 1246 529 VIRUM
1274 504 1341 528 DEI
1366 503 1632 537 DELIQUERAT,

158 567 268 594 DIRIS
291 570 511 596 DAEMONUM
535 570 700 595 FLAGRIS
719 571 964 596 EXCRUCIARI
987 553 1247 596 PERSPEXIT.l

168 654 189 708 ξ
210 655 306 695 320.
341 654 503 696 MEMOR
525 653 763 696 adolescens
785 654 968 695 omnium
1012 669 1102 707 quae
1125 669 1177 694 ex
1202 652 1282 693 Dei
1308 652 1395 694 Viro
1430 652 1633 702 audierat,

98 719 273 761 libenter
294 719 380 776 ejus
411 721 625 776 imperatis
646 721 909 762 obaudiebat.
981 720 1098 761 Tunc
1123 725 1289 761 sanctus
1319 719 1373 760 ad
1396 734 1489 760 eum
1512 719 1632 768 dixit,

100 791 125 809 ‘⁶
143 787 256 840 Quid
284 787 399 830 vides
419 787 555 839 modo,
579 788 644 829 vel
676 787 774 842 quid
811 787 946 828 dehis
974 802 1063 841 quae
1096 786 1172 828 tibi
1202 786 1439 827 revelantur
1467 786 1633 840 proprio

100 853 307 896 contueris
339 854 519 896 08111οὲ”
589 854 651 895 Α1
683 854 750 895 1118
781 853 824 894 111
857 854 1047 895 omnibus
1084 853 1242 908 sepium
1277 853 1385 894 illius
1420 853 1524 908 palis
1560 868 1633 907 per

99 920 317 962 circuitum
338 921 520 975 undique
552 921 662 962 horti
693 921 820 975 ipsius
841 921 986 976 positis
1012 935 1108 961 aves
1132 919 1411 975 permaximas
1433 925 1473 960 et
1501 920 1635 974 niger-

100 986 238 1037 rimas,
261 988 392 1029 instar
429 1003 658 1038 corvorum,
708 987 884 1029 residere
920 986 1148 1042 conspexit,
1195 1002 1296 1041 quas
1340 986 1441 1028 satis
1484 986 1632 1027 misero

98 1053 286 1095 stridoris
307 1070 456 1110 genere
479 1054 676 1095 crocitare
698 1053 873 1108 audivit,
899 1058 940 1094 et
963 1069 1015 1094 ex
1053 1053 1201 1094 auditu
1235 1052 1390 1094 crudeli
1412 1053 1631 1094 inhorruit.

101 1119 228 1161 Unde
249 1121 516 1163 tremefactus
535 1120 715 1176 expavit,
740 1126 781 1161 et
803 1135 926 1175 supra
948 1135 1068 1174 (1118111
1094 1120 1174 1160 (1181
1196 1124 1334 1174 potest
1369 1135 1456 1173 prae
1486 1120 1635 1161 timore

100 1188 366 1229 vehementer
397 1193 512 1229 totus
544 1187 770 1229 infremuit.
824 1187 977 1228 Omnia
1010 1186 1177 1241 quidem
1200 1202 1292 1228 ossa
1323 1185 1450 1240 ipsius
1484 1202 1587 1241 pene
1610 1201 1635 1227 a

99 1255 341 1309 compagine
375 1254 506 1296 solida
534 1254 876 1304 dissolvebantur,
912 1254 1008 1308 quia
1044 1253 1155 1294 corvi
1187 1253 1246 1294 illi
1282 1253 1339 1293 nil
1374 1252 1489 1293 aliud
1510 1268 1634 1306 quam

101 1321 271 1376 maligni
304 1321 472 1377 spiritus
493 1337 579 1363 esse
602 1321 878 1369 videbantur3
914 1335 1035 1375 quem
1071 1324 1238 1361 sanctus
1272 1319 1352 1360 Dei
1386 1319 1634 1361 consolando

99 1388 335 1430 confortans
370 1389 440 1439 ait,
478 1393 502 1410 “
525 1387 808 1442 Animaequior
844 1392 943 1438 esto,
977 1392 1018 1428 et
1049 1387 1244 1428 robustus
1280 1386 1401 1427 corde
1434 1385 1555 1427 simul
1595 1391 1637 1428 et

99 1455 252 1504 animo,
276 1456 371 1509 quia
392 1471 467 1510 ego
492 1454 522 1495 J
527 1455 709 1496 ohannes
738 1470 871 1509 praeco
907 1453 1062 1495 Christi
1091 1453 1152 1495 tui
1174 1458 1384 1508 protector
1405 1457 1446 1494 et
1471 1452 1639 1508 adjutor

100 1522 141 1562 in
163 1521 352 1563 omnibus
374 1522 561 1563 assisto.”
607 1521 766 1574 Quibus
787 1520 955 1562 monitis
979 1521 1187 1561 animatus
1208 1520 1417 1561 robustius
1438 1520 1636 1570 substitit,

100 1594 142 1629 et
164 1594 302 1629 mente
323 1589 527 1644 respirans
548 1588 675 1629 animi
691 1588 798 1630 vires
812 1587 1040 1643 reparando
1054 1586 1295 1642 resumpsit;
1331 1586 1636 1642 perductusque

99 1670 125 1696 a
145 1661 288 1697 sancto
310 1655 363 1696 ad
384 1656 495 1697 horti
527 1655 635 1697 illius
656 1655 857 1696 australes
881 1654 1039 1695 medias
1062 1654 1263 1709 regiones,
1285 1654 1328 1695 in
1352 1653 1489 1694 medio
1510 1653 1638 1708 ipsius

99 1737 194 1763 eum
218 1722 446 1773 constituit,
471 1727 512 1763 et
533 1737 674 1763 versus
706 1721 948 1771 Ecclesiam,
971 1736 1061 1775 quae
1086 1721 1127 1762 in
1159 1720 1346 1775 proximo
1369 1725 1458 1761 erat
1489 1720 1637 1775 posita,

99 1788 215 1830 illum
238 1788 349 1830 visus
371 1789 606 1843 intorquere
628 1788 895 1831 commonuit.
958 1787 1260 1842 Aspiciensque
1294 1801 1436 1829 versus
1471 1801 1635 1828 monas-

100 1856 263 1906 terium,
295 1856 400 1898 vidit
436 1860 599 1910 portam
621 1861 849 1910 patentem,
876 1870 965 1909 quae
993 1853 1106 1909 apud
1125 1854 1294 1894 hortum
1315 1853 1424 1894 illius
1445 1853 1634 1908 pomiferi

101 1922 355 1977 praeminuit,
404 1937 528 1977 supra
564 1921 680 1978 cujus
719 1920 1043 1977 supraliminaris
1086 1935 1298 1975 supremas
1337 1921 1513 1962 vertices
1554 1926 1638 1962 tres

101 1989 272 2044 spiritus
316 1989 519 2044 malignos
555 1988 733 2029 residere
778 1987 1008 2043 conspexit.
1072 1987 1206 2027 Erant
1247 2001 1394 2041 nempe
1438 1987 1513 2041 ipsi
1549 2002 1636 2042 prae

100 2056 247 2097 ceteris
269 2056 438 2105 cunctis,
463 2070 564 2110 quos
591 2055 704 2110 prius
725 2055 902 2103 viderat,
926 2053 1059 2109 magis
1083 2053 1238 2094 feroces
1260 2058 1300 2094 et
1331 2048 1560 2104 horribiles,
1594 2059 1635 2095 et

101 2167 214 2201 avium
233 2167 364 2200 volatus
382 2166 515 2199 vincere
533 2166 712 2199 videretur.
764 2165 920 2210 Denique
945 2170 1094 2198 montem
1122 2164 1306 2207 excelsum,
1326 2171 1486 2210 tanquam
1504 2165 1538 2198 in
1565 2165 1636 2198 ictu

100 2214 201 2257 oculi,
219 2213 291 2247 sine
308 2213 505 2246 difficultate
528 2212 772 2246 conscendunt.
823 2212 920 2245 Tunc
946 2211 1106 2257 praecepit
1131 2211 1188 2244 1118
1205 2211 1254 2244 vir
1281 2211 1487 2245 adolescenti
1506 2212 1634 2256 aperire

101 2260 228 2303 oculos,
247 2266 279 2294 et
297 2259 408 2293 dicere
433 2259 514 2304 quid
532 2259 671 2292 videret.
722 2258 788 2301 Qui
805 2270 811 2292 :
839 2260 847 2276 ‘
860 2258 1018 2301 Domne,'
1036 2259 1093 2301 ait,
1113 2259 1121 2275 ‘
1133 2269 1229 2302 agros
1248 2257 1362 2291 domni
1380 2258 1447 2291 mei
1466 2265 1499 2291 et
1517 2258 1635 2291 domos

100 2307 209 2350 video,
228 2313 261 2340 et
279 2306 392 2339 onmia
414 2306 471 2339 1118
498 2306 638 2339 inferius
662 2305 772 2351 posita
797 2305 1023 2349 recognosco!
1076 2304 1204 2338 Iterum
1237 2305 1341 2348 jussit
1367 2316 1444 2338 eum
1474 2304 1635 2338 accedere

99 2354 247 2400 propius,
267 2361 300 2386 et
328 2353 485 2385 dextrum
503 2352 624 2397 pedem
653 2363 777 2397 ponere
795 2352 857 2385 sub
885 2351 999 2396 planta
1023 2351 1120 2396 pedis
1138 2351 1256 2396 ipsius,
1285 2357 1317 2384 et
1335 2351 1382 2385 ait
1399 2363 1405 2385 :
1442 2353 1450 2369 ‘
1464 2350 1635 2397 Deinceps

101 2400 263 2445 quamdiu
280 2399 523 2432 ministraveris
541 2410 636 2432 servo
654 2410 741 2441 meo,
769 2398 899 2431 videbis
916 2410 955 2431 ea
972 2409 1047 2443 quae
1064 2398 1146 2430 fient
1164 2397 1382 2443 spiritualiter
1400 2398 1488 2431 circa
1512 2398 1638 2443 ipsum.

101 2447 285 2492 Postquam
305 2458 381 2479 vero
399 2446 440 2479 ab
454 2445 624 2490 obsequiis
642 2445 747 2490 ipsius
765 2444 979 2487 abscesseris,
991 2444 1083 2477 aliud
1101 2456 1201 2489 quam
1220 2445 1332 2477 caeteri
1349 2444 1505 2478 homines
1523 2444 1636 2477 videre

101 2505 168 2527 11011
186 2493 323 2539 poteris.
374 2492 518 2525 Videbis
543 2498 655 2525 autem
682 2491 789 2525 oculis
815 2491 917 2524 etiam
943 2491 1090 2536 corporis
1116 2502 1192 2535 quae
1221 2491 1264 2524 ad
1287 2492 1360 2535 ejus
1380 2491 1559 2524 commoda
1584 2490 1636 2523 vel

103 2540 318 2574 incommoda
334 2539 560 2585 pertinebunt,
582 2545 614 2571 et
633 2550 732 2582 (1118111
756 2550 873 2583 graves
891 2537 1151 2583 temptationum
1171 2537 1318 2582 patiatur
1335 2537 1481 2571 insultus
1499 2551 1506 2578 ;
1540 2543 1577 2570 ut
1596 2537 1636 2570 de

100 2587 153 2620 his
172 2586 328 2620 omnibus
353 2585 568 2631 postmodum
587 2584 748 2618 indubius
765 2584 862 2618 testis
880 2585 1021 2617 existas.
1048 2584 1146 2617 Istud
1172 2584 1288 2628 gratiae
1314 2596 1438 2617 munus
1465 2583 1541 2616 ideo
1571 2583 1633 2616 tibi

101 2641 162 2676 est,
176 2633 248 2666 Deo
262 2633 414 2677 jubente,
434 2632 606 2676 collatum,
618 2631 697 2676 quia
713 2643 808 2664 servo
826 2631 890 2664 Dei
904 2631 1068 2664 hactenus
1086 2630 1230 2664 fideliter
1245 2637 1277 2663 et
1295 2630 1414 2663 devote
1431 2631 1464 2663 in
1479 2629 1636 2663 omnibus

101 2679 325 2714 ministrasti?
403 2678 548 2712 Ferebat
574 2678 710 2723 quidem
737 2679 786 2711 vir
811 2677 879 2721 ille,
906 2689 1038 2723 semper
1064 2689 1107 2710 ex
1133 2689 1198 2721 quo
1232 2677 1386 2722 apparuit
1416 2676 1636 2717 adolescenti,

101 2726 255 2760 libellum
274 2726 307 2759 in
325 2738 440 2769 manu,
466 2725 631 2771 opertorio
656 2724 797 2758 rubente
823 2730 1028 2766 contectum,
1054 2730 1087 2757 et
1113 2723 1204 2757 illius
1229 2724 1310 2756 folia
1333 2734 1421 2768 saepe
1445 2722 1559 2766 digitis
1585 2735 1636 2755 re-

103 2773 267 2806 volvebat.
318 2772 409 2805 Illud
427 2783 503 2805 vero
522 2771 745 2816 Evangelium
765 2771 897 2804 dicebat
921 2770 1065 2813 assidue,
1093 2772 1101 2788 ⁶
1118 2770 1157 2803 In
1183 2769 1347 2814 principio
1374 2775 1442 2802 erat
1461 2768 1638 2811 Verbum,’

104 2826 137 2853 et
154 2826 285 2863 caetera,
304 2830 411 2864 usque
428 2818 470 2852 ad
495 2818 611 2861 finem,
631 2824 662 2851 et
681 2818 803 2852 iterum
831 2818 878 2851 ita
903 2817 1112 2863 frequentius
1139 2815 1354 2849 inchoabat.'’
1404 2816 1514 2848 Anon.
1542 2815 1639 2850 Harl.

105 2866 252 2911 Legend.

151 2913 161 2933 ¹
192 2913 230 2946 In
250 2912 306 2946 the
326 2912 422 2946 Harl.
442 2912 517 2946 MS.
537 2911 674 2956 chapter
694 2910 868 2945 CXVIII.
