1839 3186
547 174 605 204 ET
641 172 905 204 MIRAcULIs
941 173 978 219 s.
1006 171 1221 204 GODRICI.
1576 164 1656 204 329

116 281 302 337 quamvis
324 293 471 334 corpus
506 283 739 319 emortuum
766 281 897 317 ¹'antea
918 276 1149 317 diutissime
1182 276 1486 331 1refrigidatum
1517 277 1656 320 fuerit.

118 349 226 389 Nam
268 347 424 388 oriente
466 344 645 385 diluculo
680 343 729 384 de
772 343 907 384 seculo
958 343 1224 398 migraverat,
1277 343 1356 384 hoc
1414 359 1511 384 vero
1556 359 1658 399 opus

117 414 298 456 audaciae
326 412 418 469 jam
453 412 518 452 die
555 411 597 451 in
632 410 825 451 tenebras
856 414 1052 464 vergente
1092 425 1218 464 prope
1255 410 1481 450 admodum
1518 411 1559 451 in
1587 411 1657 452 illo

116 486 327 537 patratum
351 485 427 520 est.
460 479 602 531 Atque
621 476 770 517 deinde
791 491 913 517 mane
938 475 1062 525 facto,
1096 476 1204 517 circa
1224 477 1369 517 horam
1401 476 1481 517 diei
1503 492 1656 519 nonam

116 563 196 602 qua
224 547 383 588 tumulo
416 544 577 599 sepeliri
608 543 670 584 vir
702 542 782 584 Dei
815 543 970 593 debuit,
1004 542 1141 583 adhuc
1172 548 1295 598 gutta
1330 543 1535 584 recentior
1566 559 1656 585 san-

113 614 249 670 guinis
266 614 308 654 in
323 613 413 654 loco
431 611 563 667 pridie
578 608 784 652 vulnerati
805 609 922 665 pedis
939 609 1103 650 articuli
1121 615 1294 651 cruenta
1314 609 1481 651 resedit.
1534 610 1656 663 Quod

114 681 303 722 videntes
325 685 491 734 stupore
511 677 632 720 simul
654 692 702 718 ac
724 676 872 718 timore
893 675 1021 717 nimio
1041 676 1194 731 perfusi
1216 682 1325 727 sunt,
1363 677 1460 731 quia
1479 677 1654 718 miracu-

114 748 199 788 lum
220 747 284 788 Vel
306 746 385 787 Dei
399 744 606 801 judicium
623 744 665 784 in
686 744 764 784 hoc
786 759 907 798 opere
925 743 1162 798 apparuisse
1185 743 1386 799 comperti
1409 749 1520 786 sunt.

185 815 205 869 ᾗ
225 816 300 855 31]
315 846 322 854 .
348 812 535 853 2Interea
557 810 726 865 quidam
743 810 920 851 fratrum
941 810 1009 864 qui
1027 810 1298 860 advenerant,
1316 811 1366 851 de
1379 826 1452 852 sua
1469 811 1655 853 conscius

116 880 360 936 aegritudine
383 878 592 929 continua,
619 892 742 932 quam
765 893 837 932 per
859 892 986 918 annos
1014 877 1150 932 plures
1175 877 1441 928 sustinuerat,
1464 878 1654 933 proprius

115 947 300 997 accessit,
325 951 366 987 et
398 945 451 987 ad
476 944 652 999 vestigia
677 942 763 999 ejus
787 944 999 984 denudata
1022 959 1063 985 se
1086 945 1275 985 contulit.
1340 944 1425 985 Hic
1456 951 1656 1000 anatrope

114 1015 258 1055 morbo
282 1013 443 1054 diutino
474 1017 659 1066 tempore
692 1010 967 1059 laboraverat,
990 1010 1040 1050 de
1067 1026 1146 1064 quo
1178 1011 1330 1053 nullius
1358 1011 1572 1052 medicinae
1596 1012 1656 1052 in-

116 1080 275 1122 dustria
316 1080 381 1120 vel
425 1078 575 1133 peritia
609 1077 831 1118 sanitatem
872 1077 1045 1131 adipisci
1088 1078 1355 1132 praevalebat.
1438 1078 1655 1133 Anatrope

116 1147 310 1188 ‘morbus
327 1161 487 1188 sursum
510 1143 714 1186 evomens'
738 1150 800 1184 est
825 1149 1046 1191 evocatus3
1078 1159 1239 1199 nempe,
1262 1144 1360 1185 dum
1384 1159 1429 1185 os
1451 1145 1654 1186 stomachi

113 1214 280 1255 viscosis
314 1212 556 1254 humoribus
577 1209 818 1260 obstruitur,
853 1225 973 1251 omne
996 1210 1106 1264 quod
1138 1210 1179 1251 in
1205 1211 1343 1251 cibum
1365 1212 1542 1252 sumitur
1563 1217 1655 1266 post

112 1280 263 1321 modici
284 1279 481 1334 temporis
501 1279 659 1327 horam,
679 1276 921 1331 indignante
940 1277 1166 1326 stomacho,
1187 1277 1240 1317 ad
1255 1277 1466 1332 superiora
1481 1277 1653 1333 ejicitur,

113 1352 154 1388 et
172 1363 245 1402 per
269 1347 472 1388 vomitum
495 1360 563 1385 ore
588 1343 857 1398 producitur;
893 1344 1002 1384 unde
1024 1358 1105 1384 ana
1131 1348 1140 1365 ⁶
1155 1344 1330 1385 sursum'
1353 1344 1517 1394 dicitur,
1537 1351 1655 1400 trope

114 1429 209 1454 vero
235 1412 453 1454 ‘vomitus'
476 1410 735 1465 intelligitur.
800 1410 881 1462 Qui
908 1415 1075 1464 guttam
1104 1410 1315 1465 sanguinis
1339 1411 1483 1452 videns
1513 1412 1564 1452 de
1592 1427 1655 1453 ar-

112 1480 248 1522 ticulis
270 1479 423 1535 pedum
436 1479 513 1520 viri
529 1477 609 1518 Dei
627 1475 803 1526 effluere,
819 1477 918 1531 ipsis
940 1491 1034 1517 cum
1056 1477 1237 1518 lacrimis
1255 1478 1439 1519 osculum
1462 1478 1655 1533 plurimae

114 1546 345 1589 devotionis
376 1545 498 1600 coepit
530 1544 786 1598 imprimere,
830 1543 902 1584 sed
935 1543 1035 1584 dum
1067 1544 1252 1585 osculum
1295 1544 1516 1599 impressit,
1550 1546 1655 1587 forte

112 1619 236 1669 gutta
277 1628 418 1654 recens
461 1611 666 1653 distillans
707 1610 819 1651 labia
855 1609 1133 1652 deosculantis
1178 1611 1370 1652 irroravit
1390 1626 1399 1664 ;
1454 1612 1522 1666 qui
1555 1627 1655 1654 mox

113 1681 337 1722 sanitatem
357 1679 554 1734 percepit,
582 1682 622 1718 et
644 1692 669 1717 a
691 1676 757 1718 die
782 1677 852 1717 illa
874 1682 915 1717 et
938 1677 1132 1732 deinceps
1152 1692 1365 1732 nunquam
1387 1685 1531 1734 postea
1552 1695 1653 1735 prae-

115 1747 236 1788 dictae
261 1747 389 1801 pestis
410 1744 715 1800 ³aegritudinem
738 1743 878 1784 sensit.

171 1814 188 1866 ᾗ
211 1815 309 1855 312.
345 1813 492 1866 Itaque
514 1810 727 1852 monachis
749 1815 790 1851 et
810 1809 966 1851 clericis
986 1810 1106 1851 simul
1129 1811 1230 1852 satis
1250 1810 1473 1853 honorifice
1495 1812 1656 1868 vigilias

111 1885 335 1921 nocturnas
357 1879 590 1934 agentibus,
613 1882 706 1918 tota
726 1892 810 1917 11οΧ
832 1876 902 1917 11111
924 1891 1017 1917 cum
1042 1877 1292 1931 praecedenti
1325 1883 1365 1919 et
1388 1879 1654 1933 subsequenti

114 1946 179 1988 die
204 1948 246 1988 in
265 1947 409 1987 horam
424 1960 576 1987 nonam
591 1945 632 1985 in
655 1943 735 1984 Dei
757 1942 974 1984 41111111111115
996 1958 1178 1998 expensa
1200 1949 1278 1993 est,
1296 1960 1345 1985 ac
1367 1948 1656 1988 sacro-sanctis

165 2051 171 2069 ¹
193 2050 476 2097 Refrigiffltumff
505 2049 765 2095 Refrigeratum,
788 2049 836 2082 H.

160 2095 172 2113 ²
188 2096 352 2142 Interea]
379 2097 452 2130 The
470 2097 579 2130 whole
598 2097 636 2130 of
648 2096 716 2129 this
734 2096 864 2129 section
882 2095 910 2128 is
928 2095 1071 2129 omitted
1089 2095 1135 2141 by
1153 2095 1210 2129 the
1228 2096 1431 2130 transcriber
1450 2097 1488 2130 of
1503 2097 1550 2131 H.

158 2144 431 2188 ³AEgritudinem
448 2142 575 2189 sensit]
616 2141 956 2176 “CommendatIOne
981 2142 1082 2186 facta,
1100 2143 1219 2176 fratres
1249 2143 1445 2178 extulerunt
1471 2156 1591 2190 corpus
1615 2145 1657 2179 ab

112 2190 279 2233 Ecclesia,
298 2196 331 2223 et
349 2190 528 2235 diligenter
545 2190 699 2233 abluunt,
718 2189 902 2222 induerunt
919 2189 1074 2232 stamina,
1095 2189 1219 2230 cilicio,
1232 2195 1265 2222 et
1279 2190 1424 2224 cuculla.
1452 2191 1562 2225 Pedes
1579 2192 1657 2225 reli-

115 2242 260 2281 querunt
284 2236 404 2279 nudos,
420 2243 457 2270 ut
482 2242 620 2282 possent
638 2248 656 2269 a
674 2236 783 2269 turbis
809 2235 1062 2269 confluentibus
1089 2235 1245 2279 osculari,
1272 2237 1329 2281 (101
1356 2237 1476 2271 molles
1510 2245 1605 2271 erant
1623 2245 1656 2272 et

112 2284 218 2316 teneri
238 2283 279 2316 ad
305 2283 566 2316 similitudinem
592 2282 687 2328 pueri
712 2282 871 2326 junioris.
922 2283 1116 2315 Accurrunt
1141 2282 1291 2327 undique
1315 2283 1424 2318 clerus
1443 2290 1476 2318 ct
1500 2285 1657 2330 populus,

112 2335 253 2374 uterque
272 2341 374 2363 sexus
393 2336 426 2363 et
444 2330 554 2363 omnis
573 2335 665 2372 aetas,
684 2335 721 2362 ut
748 2329 838 2362 illius
857 2329 1037 2373 exsequias
1065 2328 1283 2372 celebrarent,
1302 2330 1359 2375 (1111
1377 2331 1486 2365 fuerat
1504 2333 1657 2365 omnium

112 2376 301 2409 consolator
319 2383 350 2409 et
369 2382 474 2420 pater.
526 2375 711 2409 Nobilibus
729 2387 806 2408 vero
833 2375 1035 2420 quibusdam
1062 2376 1226 2409 instanter
1247 2377 1462 2421 exigentibus
1482 2378 1522 2411 de
1541 2385 1657 2412 saneto

114 2434 250 2468 corpore
280 2434 499 2467 quascunque
524 2422 694 2467 reliquias,
721 2422 829 2455 coacti
856 2422 975 2454 fratres
1002 2423 1167 2466 unguium
1198 2429 1417 2457 excrementa
1447 2424 1487 2458 de
1512 2425 1656 2470 pedibus

114 2469 353 2514 praeciderunt.
408 2469 500 2502 Dum
517 2475 631 2502 autem
648 2468 712 2502 hoe
736 2469 885 2501 facerent
904 2469 1017 2501 minus
1035 2475 1145 2512 caute,
1164 2470 1273 2502 carnis
1292 2481 1426 2515 quoque
1456 2472 1656 2516 particulam

112 2522 304 2559 secuerunt,
323 2523 356 2550 et
371 2516 486 2550 statim
505 2515 641 2560 sanguis
660 2515 801 2558 effluxit,
817 2515 873 2560 qui
892 2526 1031 2548 manum
1049 2516 1197 2549 secantis
1215 2515 1408 2551 madefecit.
1437 2517 1522 2550 Cum
1543 2525 1655 2551 tamen

110 2562 174 2595 hoc
193 2568 281 2596 esset
300 2563 334 2596 in
353 2574 503 2608 vespera,
521 2574 659 2607 corpore
681 2563 753 2606 jam
772 2561 905 2606 frigido,
924 2562 1003 2606 quia
1017 2562 1089 2607 ipse
1101 2562 1291 2596 decesserat
1305 2568 1456 2608 tempore
1475 2564 1654 2608 matutino,

112 2609 146 2642 in
165 2609 311 2642 crastino
330 2610 419 2643 cirea
436 2621 560 2642 nonam
579 2621 657 2642 cum
680 2608 817 2642 deberet
845 2608 989 2651 humari,
1007 2608 1117 2642 adhue
1142 2621 1258 2642 1000115
1284 2616 1381 2654 gutta
1397 2611 1570 2655 sanguinis
1585 2617 1655 2645 erat

113 2656 146 2688 in
166 2655 313 2689 vulnere.
364 2657 482 2690 Frater
508 2655 645 2701 quidem
671 2667 759 2688 unus
782 2655 974 2698 advenerat,
993 2655 1049 2700 qui
1074 2655 1175 2700 longo
1193 2661 1344 2700 tempore
1361 2656 1478 2689 morbo
1496 2663 1657 2703 anatrope

112 2701 332 2746 laboraverat,
350 2715 412 2736 nec
431 2714 507 2736 eum
527 2702 596 2735 ulla
618 2702 729 2747 potuit
752 2701 923 2735 medicina
941 2713 1069 2736 sanare.
1121 2702 1188 2736 Hic
1208 2702 1288 2735 dum
1306 2702 1410 2747 pedes
1436 2704 1654 2748 oscularetur,

114 2748 171 2781 illo
191 2750 353 2793 sanguine
379 2750 469 2783 labia
492 2749 713 2792 humectavit,
741 2754 774 2781 et
800 2748 959 2793 deinceps
984 2748 1083 2793 plene
1109 2748 1173 2782 fuit
1199 2762 1218 2782 a
1243 2754 1311 2781 tam
1336 2749 1429 2793 gravi
1455 2751 1656 2795 aegritudine

114 2794 475 2829 libc1·atus.⁷'—Anon.
496 2795 591 2829 Harl.
609 2794 756 2840 Legend.

161 2842 172 2860 ⁴
193 2841 361 2876 Laudibus
377 2841 545 2888 expensa]
577 2842 649 2875 The
667 2841 784 2887 period
811 2841 962 2875 between
978 2841 1034 2874 the
1061 2841 1161 2874 death
1180 2841 1246 2874 and
1263 2841 1320 2875 the
1339 2841 1447 2876 burial
1465 2843 1535 2877 osa
1552 2846 1655 2878 monk

115 2899 183 2921 was
209 2889 372 2934 occupied
398 2889 432 2922 in
447 2889 503 2922 the
529 2888 691 2933 chanting
717 2888 755 2921 of
775 2888 901 2933 psalms
920 2887 1048 2921 around
1067 2887 1124 2921 the
1151 2887 1241 2934 body
1255 2888 1293 2921 of
1315 2887 1371 2922 the
1390 2889 1578 2933 deceased3
1608 2892 1658 2925 for
