1839 3186
160 147 213 187 10
735 158 1098 193 ARGUMENTUM.

1484 236 1679 259 CAPITULUM

155 268 220 310 De
247 274 390 312 sancto
415 270 445 311 J
448 269 609 312 ohanne
633 271 838 327 Baptista,
875 273 944 328 qui
976 289 1069 315 cum
1104 275 1276 317 coetibus
1299 276 1484 331 supernis

210 336 397 386 advenit3
424 342 465 379 et
486 337 602 393 signo
626 345 857 392 resonante,
881 340 1026 383 choros
1047 342 1229 385 coelestes
1249 342 1318 383 illo
1343 342 1480 392 duxit,

208 403 356 457 quibus
379 404 442 446 vir
466 404 546 446 Dei
569 405 757 448 interfuit
828 439 838 449 .
1041 439 1050 448 .
1254 441 1264 451 .
1470 433 1488 450 .-
1555 409 1680 466 xcvij.

154 468 218 511 Ut
239 470 366 512 frater
387 471 555 526 quidam
579 472 638 514 1111
661 473 812 516 Missas
832 474 1042 516 celebrans
1058 489 1352 530 campanarum
1373 474 1478 518 soni-

206 541 274 579 tus
295 538 467 590 audivit,
491 554 664 594 quarum
686 540 826 582 dulces
846 541 1033 583 modulos
1064 556 1137 596 pro
1166 542 1313 596 spiritu
1344 540 1477 598 cujus-

207 603 304 646 dam
317 603 423 661 justi
444 605 634 648 obeuntis
654 606 777 650 fuisse
798 607 860 649 vir
876 607 957 649 Dei
979 607 1100 658 dixit,
1115 623 1237 662 quem
1257 608 1315 650 ibi
1337 624 1476 651 coram

204 672 398 714 transisse
419 672 634 728 conspexit
822 706 831 715 .
1037 706 1045 715 .
1250 707 1258 716 .
1465 709 1474 718 .
1535 676 1673 733 xcviij.

149 737 336 790 Qualiter
369 739 545 781 Missam
575 754 601 780 a
635 739 814 793 quodam
843 744 1079 782 sanctorum
1105 741 1186 783 Dei
1212 741 1399 791 audivit;
1435 748 1476 784 et

204 804 526 857 Eucharistiam,
565 805 675 847 facta
716 807 986 859 absolutione,
1030 807 1081 849 de
1119 823 1246 849 manu
1284 807 1372 864 ejus
1411 824 1477 850 ac-

211 872 365 927 ceperit
389 905 398 913 .
604 905 613 914 .
818 907 827 915 .
1032 906 1041 915 .
1247 908 1256 916 .
1461 908 1470 917 .
1560 876 1671 918 xcix.

146 938 211 980 De
232 943 346 980 statu
369 944 411 982 et
432 939 564 982 forma
587 939 672 982 sive
695 939 841 982 habitu
873 940 994 991 illius,
1021 945 1145 996 atque
1173 939 1318 998 figura,
1341 942 1473 997 qualis

200 1005 324 1047 fuerit
394 1039 403 1048 .
609 1039 617 1047 .
822 1040 831 1049 .
1037 1040 1046 1051 .
1251 1041 1259 1050 .
1636 1026 1670 1051 c.

146 1072 334 1126 Qualiter
356 1073 521 1115 cuidam
547 1073 665 1115 fratri
690 1074 960 1129 praedixeiit·
951 1107 962 1123 ‚
1002 1079 1044 1116 et
1067 1075 1272 1130 quomodo
1294 1091 1397 1117 zona
1417 1077 1471 1118 ad

200 1140 466 1195 languentem
488 1140 658 1191 dilecta,
686 1156 711 1182 a
731 1140 930 1183 lienteriae
957 1142 1101 1183 morbo
1128 1157 1222 1183 eum
1246 1144 1467 1194 0011ον01ῃ11

200 1206 272 1248 sed
292 1206 558 1262 postmodum
582 1208 653 1248 diu
675 1208 850 1262 quaesita
872 1223 1074 1262 nusquam
1096 1209 1263 1264 reperiri
1285 1210 1467 1264 potuerit
1617 1209 1667 1266 (,1.

144 1272 332 1325 Qualiter
352 1274 504 1315 famem
535 1275 719 1322 futuram
740 1275 992 1330 praedixerit,
1015 1280 1056 1316 et
1079 1276 1283 1330 quomodo
1305 1276 1382 1317 hoc
1410 1277 1469 1319 illi

194 1341 423 1382 revelatum
444 1341 820 1383 fuerit..
1027 1374 1036 1383 .
1242 1375 1251 1384 .
1604 1342 1667 1399 cij,

141 1405 206 1448 Ut
228 1406 348 1449 diviti
369 1407 423 1449 ad
444 1423 486 1450 se
506 1408 688 1450 venienti
709 1408 869 1450 obitum
886 1423 1006 1450 suum
1028 1409 1283 1464 praedixerit,
1307 1415 1347 1451 et
1369 1376 1469 1465 quid

195 1475 418 1529 aegrotanti
440 1474 700 1516 mandaverit
812 1508 821 1517 .
1026 1507 1035 1517 .
1241 1507 1250 1517 .
1455 1508 1465 1518 .
1588 1474 1668 1532 ciij.

141 1540 357 1594 Quomodo
381 1557 454 1597 per
474 1542 684 1598 cingulum
712 1539 799 1598 ejus
829 1541 978 1583 mulier
1008 1557 1033 1583 a
1061 1542 1222 1584 diutina
1249 1543 1468 1585 sterilitate

195 1607 370 1650 liberata
390 1608 443 1650 sit
600 1641 608 1650 .
814 1641 823 1650 .
1242 1642 1252 1651 .
1459 1642 1468 1652 .
1588 1610 1665 1651 civ.

140 1674 204 1715 De
226 1675 404 1730 episcopi
428 1675 545 1717 obitu
573 1690 695 1730 quem
722 1674 927 1731 p1aevidit‚
966 1680 1008 1717 et
1038 1675 1089 1716 (10
1125 1674 1253 1718 divite
1288 1676 1467 1732 episcopi

196 1747 456 1796 persecutore
477 1757 599 1797 quem
619 1742 867 1784 moriturum
890 1742 979 1784 dira
1000 1747 1109 1784 sorte
1130 1742 1326 1797 praedixit
1455 1776 1463 1785 .
1600 1758 1663 1785 cv.

140 1808 204 1851 De
225 1809 369 1850 arbore
391 1824 512 1863 quem
533 1808 640 1850 infra
657 1808 868 1851 Oanonem
887 1808 1028 1850 Missae
1049 1823 1165 1851 secus
1186 1808 1334 1851 Altare
1355 1814 1468 1851 stan-

198 1880 284 1917 tem
317 1876 433 1927 Vidit,
460 1876 502 1918 111
529 1891 610 1931 qua
641 1876 729 1918 avis
758 1875 940 1921 residens
970 1875 1090 1917 coelos
1123 1876 1385 1930 penetravit3
1424 1881 1466 1917 et

198 1942 402 1997 quomodo
424 1943 574 1998 saepius
597 1942 780 1984 Puerum
807 1942 849 1983 in
878 1942 1012 1998 specie
1039 1942 1222 1983 humana
1249 1942 1468 1984 Altaribus

194 2009 411 2064 praesidere
433 2009 692 2064 conspexerit
811 2041 820 2050 .
1025 2040 1036 2049 .
1239 2040 1247 2050 .
1451 2042 1460 2050 .
1583 2009 1662 2064 cvj.

140 2075 328 2129 Qualiter
353 2075 574 2130 quemdam
604 2080 807 2117 nocturna
833 2074 988 2117 visione
1015 2073 1070 2115 ad
1097 2089 1140 2117 se
1167 2089 1242 2130 per
1265 2072 1464 2130 juvenem

193 2141 332 2184 venire
352 2142 569 2197 praecepit3
595 2146 636 2183 et
657 2140 875 2197 quomodo,
900 2156 1023 2183 mane
1044 2140 1168 2192 facto,
1193 2141 1337 2183 eadem
1359 2156 1465 2196 prae-

193 2208 302 2250 dixit
323 2213 365 2249 et
387 2208 547 2250 detexit
600 2240 609 2249 .
814 2239 823 2249 .
1025 2239 1033 2247 .
1243 2239 1251 2248 .
1456 2240 1466 2249 .
1568 2206 1662 2263 cvij.

138 2275 313 2328 Quando
338 2275 402 2316 vel
433 2290 512 2329 quo
547 2274 598 2316 de
628 2274 717 2315 loco
747 2272 1087 2329 peregrinationis
1114 2288 1197 2316 suae
1229 2278 1368 2316 motus
1398 2273 1463 2326 sit,

193 2342 258 2383 vel
282 2356 371 2395 quae
393 2356 516 2383 causa
535 2340 659 2382 fuerit
813 2372 822 2381 .
1025 2372 1034 2381 .
1239 2373 1248 2381 .
1454 2375 1464 2384 .
1553 2339 1660 2396 cviij.

137 2408 352 2462 Quomodo
370 2407 619 2449 monachum
640 2407 698 2448 illi
722 2406 897 2448 Missam
921 2405 1129 2448 dicturum
1149 2406 1398 2462 praeviderit,
1422 2412 1464 2449 et

194 2474 370 2530 qualiter
388 2473 540 2516 laicum
561 2489 602 2516 se
625 2472 848 2529 fingentem
871 2472 1083 2514 literatum
1105 2488 1191 2515 esse
1217 2473 1422 2514 detexerit
1455 2505 1463 2514 .
1582 2473 1662 2514 cix.

137 2540 353 2594 Quomodo
374 2541 601 2596 postulanti
622 2540 739 2581 fratri
761 2543 907 2594 quarto
930 2538 994 2580 die
1015 2544 1112 2580 ante
1133 2538 1220 2595 ejus
1241 2539 1399 2581 obitum
1421 2555 1463 2581 se

191 2623 264 2663 pro
286 2623 333 2649 eo
360 2607 581 2649 missurum
605 2606 805 2662 promisit,
837 2610 961 2660 atque
991 2609 1039 2646 ut
1074 2605 1312 2661 praedixerit
1341 2621 1461 2660 opere

192 2679 234 2715 01
257 2674 455 2715 mandato
477 2673 742 2729 compleverit
804 2704 812 2712 .
1019 2703 1028 2712 .
1234 2705 1241 2713 .
1366 2695 1367 2698 =
1448 2705 1456 2713 .
1593 2688 1658 2713 cx.

137 2741 272 2793 Quam
305 2740 371 2795 pie
405 2740 448 2781 in
482 2756 524 2782 se
562 2738 887 2794 delinquentium
927 2737 1080 2779 delicta
1113 2738 1366 2788 sustinuerit,
1398 2739 1462 2779 vel

192 2806 367 2860 qualiter
387 2806 519 2848 furem
542 2821 660 2848 suum
684 2805 1026 2861 comprehensum
1055 2805 1165 2861 pisce
1187 2805 1324 2846 furato
1346 2820 1461 2846 oner-

192 2872 339 2924 averit,
361 2877 403 2914 et
424 2873 536 2915 abire
558 2871 742 2914 docuerit
804 2905 813 2914 .
1020 2903 1027 2911 .
1233 2904 1241 2912 .
1448 2904 1456 2913 .
1579 2870 1659 2926 cxj.
