1839 3186
179 167 232 213 37
237 171 261 210 2
694 176 926 207 LIBELLUS
963 175 1027 206 DE
1063 175 1178 206 VITA

182 284 355 324 choatur
376 286 417 322 et
448 281 639 336 primitus
673 286 895 336 operatur;
931 295 1071 322 servus
1102 295 1199 322 vero
1230 278 1316 335 ejus
1348 280 1476 335 ipsius
1508 278 1715 321 beneficiis

182 348 437 404 cooperando
460 348 693 389 deserviens
714 348 954 402 opitulatur.
1018 347 1160 401 Atque
1191 346 1232 387 in
1255 347 1455 387 virtutum
1483 347 1715 401 patratione

183 416 327 458 volunt
351 429 436 456 esse
458 420 677 465 consortes,
700 415 768 468 qui
788 414 995 468 quondam
1016 414 1058 454 in
1073 413 1229 454 heremi
1251 413 1432 454 incolatu
1454 418 1494 453 et
1516 428 1600 461 esu,
1624 428 1718 453 con-

184 482 415 524 versatione
451 482 516 522 vel
557 481 715 531 habitu,
746 481 939 522 studuere
974 480 1098 521 fuisse
1135 479 1378 521 consimiles.
1442 478 1719 533 Quaecumque

185 549 313 603 igitur
350 547 406 589 ibi
443 547 647 588 Dominus
685 548 727 588 in
764 546 1053 587 miraculorum
1096 546 1319 587 virtutibus
1361 551 1567 601 operatur7
1610 546 1719 586 solus

188 616 372 656 omnium
403 614 657 655 occultorum
687 613 887 654 discretor
913 618 955 653 et
986 612 1140 654 arbiter
1171 613 1300 661 novit,
1332 614 1450 668 cujus
1481 616 1719 653 sanctorum

187 681 345 722 meritis
366 680 568 735 praecipue
590 680 879 734 ¹deputentur.

253 1056 574 1099 INCIPIUNT
609 1053 937 1096 MIRAGULA
981 1052 1058 1092 DE
1097 1052 1329 1094 SANOTO
1364 1052 1644 1094 GODRICO.

764 1170 791 1194 1.
829 1167 880 1193 DE
910 1150 1179 1192 ΕΡΙΙᾸΜΤΙΟΑ.ρ

254 1256 391 1310 ἓ353.
426 1256 634 1297 INsrANTE
667 1254 837 1310 3vigilia
872 1253 1015 1294 Sancti
1050 1251 1259 1292 Johannis
1295 1250 1511 1304 Baptistae,
1550 1266 1725 1307 praecur-

195 1322 296 1364 soris
318 1323 503 1372 Domini,
526 1320 759 1363 confluxere
782 1320 823 1360 in
847 1318 1047 1359 Finchale
1070 1318 1189 1360 solito
1220 1317 1396 1372 amplius
1433 1318 1582 1359 diversi
1604 1333 1730 1359 sexus

194 1389 258 1430 vel
286 1389 421 1430 aetatis
451 1390 677 1430 multorum
708 1386 861 1442 populi,
884 1386 1020 1426 locum
1053 1389 1242 1426 sanctum
1276 1384 1391 1424 illum
1426 1384 1638 1426 studentes
1668 1385 1728 1425 in-

194 1456 338 1506 visere,
363 1461 403 1496 et
440 1470 482 1497 se
518 1459 754 1497 sanctorum
776 1453 857 1494 Dei
877 1451 1115 1507 patrociniis
1140 1450 1352 1506 cupientes
1382 1450 1584 1493 attentius
1619 1466 1728 1493 com-

196 1522 406 1563 mendare.
468 1521 599 1577 Apud
624 1521 777 1562 multos
801 1519 967 1574 quidem
998 1519 1212 1559 hominum
1234 1517 1285 1558 de
1307 1518 1527 1558 sanctitate
1549 1518 1625 1559 viri
1648 1518 1729 1559 Dei

197 1588 366 1629 Godrici
388 1588 557 1644 grandis
587 1587 819 1628 habebatur
840 1585 989 1640 opinio,
1013 1600 1061 1626 ac
1091 1583 1210 1625 firma
1232 1583 1282 1625 de
1313 1583 1440 1638 ipsius
1469 1584 1728 1626 beatitudine

197 1655 417 1696 certitudo.
480 1654 640 1709 Nempe
671 1658 827 1695 sanctae
865 1650 1186 1693 conversationis
1216 1649 1303 1705 ejus
1338 1650 1492 1691 famam
1514 1651 1578 1692 vel
1598 1651 1730 1693 vitam

198 1721 380 1776 plerique
414 1737 467 1762 ex
488 1721 635 1762 auditu
667 1724 879 1769 noverant,
907 1733 1029 1772 quam
1064 1717 1218 1758 Christi
1248 1716 1510 1757 clementiam
1549 1717 1731 1771 quando-

198 1803 372 1842 cumque
389 1787 543 1828 mundo
557 1786 858 1828 declaraturam
875 1800 947 1839 per
962 1784 1252 1825 miraculorum
1265 1782 1439 1837 gloriam
1456 1781 1732 1825 confidebant.

200 1854 316 1894 Inter
339 1869 439 1908 quos
460 1853 652 1908 quaedam
675 1857 866 1894 matrona
887 1851 937 1891 de
958 1850 974 1872 4
989 1850 1210 1891 Uffertune
1233 1849 1473 1898 advenerat,
1496 1865 1584 1904 quae
1605 1849 1733 1891 filiam

199 1935 317 1961 suam
338 1921 460 1961 unius
481 1920 576 1961 anni
598 1924 639 1960 et
670 1919 797 1960 trium
818 1918 1021 1959 mensium
1043 1916 1190 1966 aetatis,
1213 1915 1451 1971 puellulam,
1477 1916 1592 1971 gravi
1618 1922 1732 1971 peste

197 1986 408 2042 languoris
438 1986 731 2042 depereuntem
754 1984 1009 2039 deplorabat.
1081 1983 1186 2024 Haec
1207 1981 1318 2023 omni
1341 1982 1406 2022 die
1441 1997 1465 2022 a
1489 1998 1563 2023 sua
1586 1984 1735 2025 nativi-

200 2058 289 2094 tate
314 2068 365 2094 ex
387 2053 625 2108 epilempsia
653 2057 716 2092 ter
739 2056 829 2092 tota
860 2050 1029 2105 explosa
1064 2048 1272 2097 decubuit,
1303 2052 1343 2088 et
1372 2048 1486 2101 quasi
1507 2049 1735 2090 inanimata

202 2134 274 2173 per
294 2120 415 2160 horas
439 2119 607 2173 aliquot,
632 2118 745 2159 velut
768 2117 893 2157 etiam
908 2115 996 2171 jam
1014 2114 1185 2170 jamque
1213 2114 1463 2168 expiratura,
1491 2114 1736 2157 decumbere

251 2215 259 2235 ¹
286 2212 522 2260 θεραπηίην]
544 2214 584 2247 In
602 2213 658 2247 the
677 2224 775 2246 anon.
791 2211 886 2245 Harl.
898 2210 1020 2255 legend
1037 2210 1094 2244 the
1111 2209 1266 2243 miracles
1284 2221 1339 2243 are
1355 2209 1434 2243 thus
1451 2209 1649 2243 introduced
1666 2222 1673 2244 ι

567 2279 726 2310 “INCIPIT
752 2286 922 2309 PROLOGUS
948 2286 985 2307 1N
1012 2285 1189 2307 MIRACULA
1214 2284 1382 2307 EJUSDEM.

254 2335 274 2352 ‘⁶
288 2333 464 2367 Hactenus
494 2334 535 2367 de
559 2333 718 2379 capitulis
741 2332 897 2366 omnibus
920 2331 1034 2376 magni
1061 2330 1241 2364 voluminis
1271 2329 1373 2373 illius,
1396 2334 1559 2374 quantum
1583 2328 1735 2362 sufficere

207 2380 394 2423 videbatur,
412 2381 590 2425 assumpsi.
634 2380 686 2413 De
709 2379 762 2412 his
783 2390 860 2412 vero
879 2389 953 2423 quae
970 2384 1065 2422 gesta
1082 2382 1160 2410 sunt
1176 2382 1253 2422 post
1271 2375 1401 2409 obitum
1416 2375 1524 2409 sancti
1542 2375 1615 2418 viri,
1634 2375 1735 2408 etiam

206 2427 255 2460 sic
273 2427 428 2460 universa
445 2426 577 2471 collegi.
627 2426 720 2459 Nam
739 2425 780 2458 dc
798 2424 953 2458 ducentis
971 2424 1089 2469 viginti
1113 2429 1188 2457 octo
1206 2422 1379 2456 miraculis
1397 2433 1472 2467 quae
1488 2420 1615 2454 ibidem
1633 2421 1737 2466 scrip-

206 2480 241 2506 ta
274 2478 517 2518 consequenter
552 2473 676 2516 inveni,
703 2477 835 2505 tantuin
872 2470 1091 2515 quadraginta
1122 2469 1291 2503 annotavi.
1351 2469 1437 2502 Haec
1470 2473 1584 2500 tamen
1613 2468 1737 2511 omnia,

207 2520 320 2553 studio
337 2519 522 2560 brevitatis,
539 2519 648 2564 primo
662 2518 841 2551 consilium
858 2517 923 2550 fuit
941 2517 1107 2550 omittere.
1144 2515 1211 2548 Sed
1228 2520 1346 2560 postea
1359 2514 1511 2560 cogitans
1528 2525 1587 2559 per
1604 2525 1643 2547 ea
1660 2525 1737 2559 quae

207 2572 283 2612 post
300 2572 443 2599 mortem
471 2566 595 2599 fuerint
621 2570 707 2608 acta,
726 2563 864 2597 cuilibet
882 2563 1095 2596 sanctitatem
1112 2562 1299 2595 certissime
1323 2560 1544 2606 comprobari,
1563 2559 1603 2592 de
1620 2560 1737 2593 multis

207 2624 316 2658 pauca
333 2612 473 2656 subjeci.
524 2612 558 2645 Si
577 2612 651 2657 quis
669 2623 746 2644 vero
763 2621 830 2643 non
847 2610 948 2643 fuerit
965 2609 1028 2642 hac
1044 2609 1215 2654 paucitate
1233 2613 1423 2651 contentus,
1442 2606 1484 2639 ad
1503 2605 1560 2639 illa
1577 2612 1737 2648 recurrat,

209 2658 265 2692 ubi
285 2659 386 2692 modo
403 2663 584 2703 potuerunt
601 2669 670 2691 non
687 2657 795 2691 solum
814 2655 882 2700 illa,
902 2667 1016 2689 vorum
1042 2655 1144 2688 etiam
1169 2654 1279 2699 plura,
1302 2653 1442 2687 forsitan
1461 2652 1608 2697 reperiri,
1625 2653 1737 2686 muni-

208 2705 345 2738 ficentia
363 2704 484 2737 divinae
500 2704 665 2749 largitatis
682 2702 862 2737 adaucta.’'

255 2751 268 2771 2
293 2752 321 2784 A
343 2762 498 2784 common
517 2751 599 2783 form
619 2751 653 2783 in
672 2748 855 2786 writersof
868 2748 935 2781 this
953 2759 1037 2791 age3
1062 2759 1118 2780 see
1136 2746 1192 2779 Du
1208 2746 1335 2790 Gange,
1354 2745 1467 2779 Gloss.
1486 2744 1532 2778 iii.
1551 2744 1608 2786 97,
1626 2747 1681 2779 98.

255 2797 268 2816 ³
302 2797 424 2841 vigilia.
442 2797 557 2830 Sancti
569 2796 731 2830 Johannis
751 2793 939 2840 Raptis-tea]
967 2794 1056 2827 June
1076 2796 1129 2827 23.

256 2843 267 2862 ⁴
301 2842 502 2889 Uffbrtune]
532 2843 746 2885 Huffertune,
768 2842 815 2875 H.
851 2841 1014 2883 Offci·ton‚
1033 2840 1067 2873 in
1085 2839 1142 2872 the
1160 2838 1271 2884 parisli
1290 2839 1327 2871 of
1342 2836 1737 2882 Houghton-le-Spring3

209 2901 265 2923 sec
283 2889 431 2930 Surtccs,
450 2890 472 2922 i.
490 2891 565 2923 192.
