1839 3186
507 209 565 240 ET
602 209 869 242 MIRAcULls
906 210 941 241 s.
976 209 1194 241 GODRICI.
1536 201 1619 242 349

83 421 171 446 CAP.
194 422 251 447 [x.
297 422 488 451 QUOMODO
524 422 680 448 SPIRITU
717 423 760 448 IN
798 422 1057 448 NORWAGIAM
1088 421 1212 454 IERIT,
1256 421 1303 446 ET
1336 422 1460 448 FILIOS
1498 423 1619 448 MULI-

379 489 466 514 ERIS
496 490 705 514 CUJUSDAM
738 489 1006 514 DESPERANTIS
1038 488 1094 513 IBI
1126 472 1322 513 VIDERI'I'.1

144 573 165 627 ἓ
188 574 283 614 330.
319 572 515 624 QUAEDAM
546 579 679 614 mater
700 574 877 614 familias
905 587 1105 628 pauperes
1134 571 1238 613 filios
1264 571 1424 621 habuit,
1448 570 1499 611 de
1522 587 1619 625 quo-

82 654 174 680 rum
198 654 368 679 numero
400 655 505 681 unus
535 656 619 681 una
654 656 747 681 cum
779 645 910 695 patre,
937 655 1034 680 casu
1068 639 1258 688 ducente,
1282 638 1323 678 in
1343 637 1620 694 2N01-pagiam

82 706 304 760 processit3
343 706 448 747 alius
485 722 579 747 vero
614 707 893 762 postmodum,
929 706 1026 746 licet
1066 706 1227 747 diutino
1260 703 1477 760 interjecto
1514 710 1619 745 tem-

82 788 192 827 pore,
235 773 275 813 in
317 773 511 827 praefatas
550 774 737 829 regiones
780 774 870 814 illos
914 772 1159 827 quaesiturus
1199 771 1406 814 successit.
1483 771 1620 813 Annis

81 839 208 894 igitur
229 839 432 894 aliquibus
458 840 644 890 evolutis,
670 845 802 881 matre
831 839 1046 881 sollicitius
1068 844 1276 893 quaerente
1299 837 1430 892 qualis
1453 837 1620 879 fortuna

81 906 336 960 provenisset
358 907 399 947 in
421 911 531 947 terra
550 907 682 948 aliena
703 906 1060 962 peregrinantibus
1084 905 1178 947 filiis
1203 905 1298 955 suis,
1315 919 1407 946 ecce
1429 908 1436 945 !
1472 905 1620 959 saepius

81 967 203 1027 ³quid
228 973 278 1014 de
306 973 369 1014 his
400 974 586 1028 partibus
616 974 883 1023 advenerant,
910 973 1110 1014 seniorem
1141 971 1272 1013 filium
1299 972 1423 1013 fuisse
1453 971 1619 1013 defunc-

81 1043 172 1081 tum
203 1040 239 1080 ei
275 1039 595 1081 denunciabant.
670 1040 901 1081 Novissime
926 1055 1035 1090 verO,
1064 1039 1207 1080 eadem
1242 1038 1342 1080 satis
1375 1037 1434 1079 illi
1464 1038 1619 1080 sinistri

81 1107 256 1148 rumoris
296 1106 463 1147 oracula
503 1107 651 1161 saepius
693 1106 942 1147 denunciata
978 1111 1074 1147 sunt
1119 1106 1246 1146 etiam
1293 1110 1335 1146 et
1371 1104 1422 1145 de
1453 1103 1618 1161 juniore

82 1173 288 1222 secundo;
323 1173 432 1214 unde
463 1173 534 1214 illa
570 1173 647 1215 diri
669 1174 850 1215 vulneris
880 1187 989 1214 nova
1027 1172 1255 1213 acerbitate
1277 1177 1535 1226 exasperata,
1558 1173 1618 1213 in-

82 1240 268 1281 credibili
304 1246 366 1281 est
401 1240 552 1281 doloris
585 1241 777 1296 angustia
816 1238 1002 1281 acriter4
1023 1240 1107 1293 [et]
1151 1238 1383 1280 diutissime
1426 1239 1620 1283 cruciata.

84 1306 204 1349 Solus
221 1307 387 1362 quidem
406 1322 523 1348 nosse
545 1308 681 1362 potuit
702 1307 854 1348 molem
876 1305 983 1348 tanti
1006 1305 1267 1347 desolaminis
1286 1303 1478 1359 5quisque
1495 1306 1620 1347 semel

83 1373 294 1415 deflevisse
331 1373 467 1428 potuit
513 1374 665 1428 proprii
705 1373 1072 1429 inrecuperabilem
1109 1373 1371 1414 amissionem
1402 1362 1620 1427 6pignoris.

84 1440 192 1493 Quia
223 1442 350 1496 igitur
373 1441 414 1482 in
436 1441 625 1495 proximo
664 1456 780 1482 secus
815 1440 1080 1482 solitudinem
1117 1455 1240 1494 quam
1264 1439 1325 1480 vir
1345 1438 1426 1479 Dei
1462 1439 1621 1480 inhabi-

83 1508 204 1558 tavit,
230 1508 365 1563 posita
389 1507 482 1555 fuit,
507 1508 646 1548 dolore
669 1507 796 1549 nimio
825 1507 1111 1562 compellente,
1138 1506 1247 1547 illius
1272 1505 1496 1560 quaesitura
1523 1521 1621 1547 con-

83 1575 219 1617 silium
251 1575 346 1616 illuc
384 1574 541 1615 concite
573 1576 822 1630 properavit.
886 1574 964 1615 Illa
985 1574 1124 1628 itaque
1147 1588 1311 1614 omnem
1332 1573 1506 1614 miseriae
1535 1588 1621 1614 suae

83 1642 229 1684 seriem
252 1641 288 1682 ei
314 1657 408 1682 cum
434 1641 613 1683 lacrimis
645 1647 890 1696 exponente,
915 1640 1036 1696 coepit
1058 1645 1100 1681 et
1123 1640 1189 1681 ille
1221 1639 1373 1681 talibus
1398 1645 1622 1682 eventuum

84 1709 246 1751 casibus
278 1723 516 1764 compassus
550 1708 698 1759 dicere,
724 1713 751 1732 ‘⁶
771 1709 925 1759 Mater,
947 1707 1219 1762 animaequior
1240 1711 1342 1755 esto,
1366 1706 1462 1761 quia
1491 1706 1622 1748 dolori

83 1781 157 1817 tuo
181 1776 265 1817 cito
286 1775 537 1817 iliaestimata
568 1775 782 1830 proveniet
805 1771 1069 1817 consolatio.”
1140 1774 1248 1814 Tum
1279 1773 1350 1814 illa
1380 1774 1515 1828 ipsum
1550 1789 1622 1815 aun

85 1843 204 1884 dacia
237 1842 428 1884 foeminea
460 1842 672 1883 obsecrare
712 1842 846 1897 coepit,
882 1847 929 1882 ut
965 1841 1000 1881 ei
1038 1841 1192 1881 diceret
1223 1844 1364 1881 utrum
1395 1838 1502 1881 filius
1534 1839 1622 1895 ejus

82 1910 329 1951 novissimus
369 1914 558 1951 mortuus
600 1909 755 1959 fuisset,
799 1924 853 1950 an
890 1909 1060 1950 viveret.
1132 1906 1399 1962 Oompatiens
1436 1907 1504 1947 ille
1536 1905 1623 1962 ejus

85 1976 227 2027 dolori,
253 1976 375 2032 paulo
408 1976 569 2031 longius
605 1975 707 2016 nihil
731 1975 913 2030 loquens,
938 1975 1009 2016 sed
1041 1974 1232 2015 deorsum
1263 1974 1401 2028 potius
1425 1988 1497 2014 ora
1521 1973 1622 2015 defi-

84 2059 198 2099 gens,
222 2044 278 2085 sic
311 2043 477 2083 demum
510 2043 631 2097 coepit
654 2042 784 2091 effari,
809 2048 833 2064 ‘⁰
856 2042 1010 2092 Mater,
1034 2040 1221 2095 nunquid
1258 2040 1395 2081 adhuc
1425 2040 1492 2081 hic
1524 2055 1565 2082 es
1581 2041 1622 2082 Γ

86 2110 164 2153 Oui
197 2110 281 2159 illa,
307 2114 331 2134 “
349 2109 504 2160 Etiam,
527 2109 719 2150 domne.''
782 2108 858 2150 Ait
896 2109 975 2159 ille,
1008 2112 1032 2130 “
1052 2108 1285 2157 Consolare,
1321 2107 1544 2157 consolare,
1579 2113 1621 2149 et

85 2178 168 2219 noli
193 2176 369 2232 amplius
393 2175 484 2232 jam
520 2177 693 2231 plorare,
727 2176 823 2231 quia
852 2180 1024 2230 uterque
1055 2174 1162 2216 filius
1195 2179 1292 2215 tuus
1332 2173 1373 2214 in
1400 2173 1624 2230 Norwaiga

85 2245 190 2286 vivit
219 2250 259 2285 et
281 2258 404 2285 sanus
435 2243 592 2284 existit.
655 2243 765 2284 Nam
786 2258 881 2284 vere
919 2242 1010 2283 dico
1049 2242 1126 2283 tibi
1163 2241 1274 2296 quod
1311 2255 1421 2281 nunc
1454 2240 1495 2281 in
1518 2241 1623 2282 Nor-

86 2311 221 2366 wagia
258 2310 329 2360 fui,
353 2315 394 2351 et
422 2315 643 2364 utrumque
675 2310 837 2350 illorum
874 2309 1001 2350 oculis
1032 2309 1166 2350 cordis
1197 2308 1278 2349 mei
1310 2308 1367 2348 ibi
1400 2322 1545 2349 sanum
1575 2323 1624 2349 ac

86 2378 295 2419 viventem
333 2377 540 2432 conspexi,
564 2382 604 2417 et
637 2377 705 2417 ille
722 2375 864 2432 junior
894 2376 1080 2431 pluribus
1113 2376 1170 2416 ibi
1205 2373 1324 2415 bonis
1354 2374 1552 2425 abundat,
1582 2380 1623 2416 et

86 2445 218 2486 multo
249 2444 396 2485 melius
425 2443 589 2498 utrique
611 2448 773 2484 constat
795 2443 837 2484 in
862 2443 931 2483 illa
953 2448 1064 2484 terra
1088 2443 1235 2492 aliena,
1268 2456 1391 2495 quam
1423 2441 1624 2483 hactenus

87 2512 146 2552 eis
176 2511 311 2552 fuerat
342 2511 384 2551 in
419 2510 584 2566 regione
614 2510 793 2565 propria.
856 2509 982 2550 Unde
1004 2509 1109 2551 vade
1141 2514 1182 2550 et
1204 2507 1380 2562 reliquos
1405 2506 1510 2549 filios
1531 2513 1624 2549 tuos

88 2578 309 2629 consolare,
339 2576 477 2619 dicens
508 2577 565 2618 eis
597 2577 693 2631 quia
722 2576 871 2618 fratres
902 2591 1043 2617 eorum
1079 2575 1167 2618 sani
1192 2579 1288 2617 sunt
1321 2589 1369 2615 ac
1400 2574 1558 2625 vivunt,
1583 2580 1624 2616 et

135 2666 146 2686 ¹
173 2665 214 2698 In
231 2665 288 2698 the
307 2664 403 2698 Harl.
422 2664 498 2697 MS.
516 2664 654 2709 chapter
672 2663 862 2697 LXXXV.
997 2663 1010 2683 ²
1038 2662 1276 2708 Norpagiam]
1301 2661 1530 2706 Norwegiam,
1553 2661 1601 2695 H.

137 2713 150 2732 ³
178 2711 297 2757 Quam
325 2712 380 2753 B.;
399 2710 547 2756 quidam,
566 2711 627 2752 H.;
646 2710 702 2756 qui
729 2710 773 2755 (7)

135 2759 147 2778 ⁴
174 2758 251 2804 ΕΛ]
277 2758 360 2792 This
378 2757 481 2801 word,
498 2758 648 2803 wanting
672 2757 705 2790 in
732 2757 815 2790 both
841 2756 955 2798 MSS„
980 2756 1041 2789 has
1066 2756 1151 2789 been
1178 2754 1288 2788 added
1313 2760 1348 2787 to
1374 2754 1541 2799 complete
1567 2754 1625 2788 the

89 2817 197 2839 sense.
721 2804 734 2822 ⁵
762 2804 905 2847 Quisque
920 2801 1044 2848 semel]
1072 2802 1236 2846 Quisquis
1254 2801 1368 2841 simul,
1390 2801 1437 2833 H.

135 2853 148 2873 ⁶
174 2850 363 2896 Pignoris]
392 2850 498 2896 Many
516 2851 685 2884 instances
704 2850 741 2883 of
754 2850 811 2884 the
829 2862 888 2883 use
907 2850 944 2883 of
958 2849 1086 2893 Pignus
1112 2848 1161 2881 for
1178 2860 1197 2881 a
1216 2847 1307 2881 child
1325 2859 1380 2881 are
1398 2847 1562 2881 collected
1579 2847 1626 2893 by

91 2899 200 2932 Faber
217 2898 250 2931 in
268 2898 321 2931 his
341 2897 545 2931 Thesaurus.
