1839 3186
192 176 277 216 260
722 185 956 218 LIBELLUs
993 186 1056 217 DE
1091 186 1208 218 VITA

193 389 280 415 CAP.
303 389 475 416 CXXXIV.
545 387 736 419 QUOMODO
771 385 1135 412 SANCTIMONIALEM
1160 385 1410 412 CONSOLATUs
1436 386 1510 423 S1T,
1547 387 1597 413 ΕΤ
1625 386 1726 412 PAN—

361 456 454 482 NUM
490 456 543 481 AB
573 454 624 481 ΕΑ
656 454 864 479 PERDITUM
895 454 934 478 EI
969 452 1287 478 RESTITUENDUM
1322 438 1560 479 PRAEDIXIT.¹

256 553 278 607 ξ
304 551 401 597 247.
435 552 565 593 INTER
591 553 672 594 alia
694 568 783 607 quae
814 552 1138 593 sanctimonialis
1168 552 1238 593 illa
1259 552 1346 594 viro
1372 552 1452 593 Dei
1475 552 1651 603 dixerat,
1675 552 1726 592 de

196 619 376 673 quodam
396 619 652 674 operimento
675 620 866 673 equestri,
894 619 1003 673 quod
1030 618 1292 660 qubsellium
1313 623 1488 677 vocant,
1511 634 1536 660 a
1567 619 1651 660 suis
1681 619 1724 659 in

196 685 405 727 Dunelmo
441 686 615 741 perdito,
650 685 873 740 plurimum
906 685 1077 739 querula
1117 689 1158 725 et
1193 685 1319 726 anxia
1348 684 1515 734 fuerat;
1554 700 1651 726 nam
1683 690 1724 726 et

196 752 298 793 illud
329 752 497 806 quidam
534 753 761 793 amicorum
785 751 913 806 ipsius
943 751 1002 791 illi
1038 751 1424 793 accommodaverat
1452 751 1616 806 quando
1646 752 1727 793 iter

194 819 439 873 praedictum
460 833 652 873 aggressa
675 818 824 859 fuerat.
886 817 1012 858 Unde
1034 818 1121 859 viro
1144 818 1224 858 Dei
1249 818 1369 867 dixit,
1397 822 1421 840 “
1438 817 1644 868 Domne,''
1665 818 1726 858 in-

196 886 298 939 quit,
332 891 357 908 ‘⁶
372 900 478 934 ecce,
505 900 628 938 quam
649 883 786 939 gravis
813 884 914 925 mihi
929 883 1096 939 jactura
1116 885 1193 925 hoc
1212 885 1253 925 in
1273 883 1419 925 itinere
1440 884 1605 936 accidit,
1629 885 1726 938 quia

195 951 373 993 famulus
408 966 524 992 meus
551 951 789 1002 subsellium
810 951 912 992 mihi
942 950 1176 1005 praestitum
1198 951 1240 991 in
1261 950 1329 992 via
1350 950 1542 1005 perdidit,
1566 951 1632 992 vel
1653 951 1726 992 ali-

197 1018 287 1071 quis
312 1018 371 1059 illi
404 1018 483 1059 hoe
510 1018 646 1073 ipsum
678 1017 830 1058 furtive
861 1017 1086 1072 surripuit3
1122 1022 1163 1058 et
1195 1017 1291 1071 quia
1323 1017 1600 1072 peroptimum
1631 1017 1723 1068 fuit,

194 1099 288 1125 mea
315 1089 538 1139 paupertas
569 1084 677 1125 tanti
713 1084 833 1139 pretii
866 1084 1104 1125 stratorium
1123 1083 1304 1125 reddere
1337 1083 1395 1124 illi
1425 1099 1508 1124 non
1536 1083 1726 1125 sufficit.”

197 1151 314 1191 Tunc
345 1151 412 1192 ille
436 1151 572 1192 verbis
604 1151 641 1191 ei
676 1151 875 1200 alludens,
906 1155 947 1191 et
976 1150 1085 1204 quod
1115 1150 1302 1191 futurum
1330 1150 1467 1191 fuerat
1499 1151 1541 1191 in
1574 1150 1722 1205 spiritu

194 1232 468 1271 praenoscens,
492 1217 567 1265 ait,
603 1221 630 1242 ‘⁶
649 1217 747 1272 Ipsa
768 1217 834 1257 die
856 1232 936 1271 qua
960 1216 1063 1257 illud
1085 1217 1359 1258 coarctaberis
1384 1216 1516 1258 amico
1536 1216 1722 1265 reddere,

193 1284 296 1324 hora
315 1283 399 1325 fere
421 1284 496 1325 sub
518 1283 607 1339 ipsa
626 1283 729 1324 illud
751 1284 793 1324 in
814 1283 898 1324 tuis
918 1281 1068 1324 finibus
1090 1283 1214 1324 debes
1235 1282 1457 1324 invenire.''
1516 1283 1726 1325 Redeunti

192 1350 320 1405 igitur
351 1350 651 1391 sanctimoniali
674 1350 739 1390 die
774 1350 900 1391 tertia
928 1354 1023 1404 post
1053 1350 1210 1391 amicus
1243 1349 1433 1400 occurrit,
1457 1354 1498 1390 et
1524 1365 1598 1405 pro
1632 1350 1725 1391 sub-

195 1416 309 1458 sellio
330 1417 399 1457 illo
423 1416 634 1458 reddendo
665 1416 702 1457 ei
725 1416 948 1471 plurimum
972 1416 1170 1457 molestus
1192 1420 1234 1457 et
1263 1416 1525 1471 importunus
1545 1416 1721 1458 exstitit.

196 1482 343 1537 Itaque
366 1498 459 1524 cum
482 1483 571 1538 ipsa
591 1483 649 1524 rei
674 1483 893 1524 veritatem
916 1482 1071 1524 diutius
1096 1482 1227 1523 celare
1248 1497 1330 1523 non
1351 1482 1566 1537 potuisset,
1587 1483 1726 1524 omnia

196 1550 232 1590 ei
255 1550 464 1605 detegens,
488 1549 608 1604 petiit
629 1554 676 1590 ut
701 1548 788 1604 ejus
819 1549 980 1590 miserae
1002 1549 1177 1590 fortunae
1199 1548 1429 1590 misericors
1450 1553 1491 1589 et
1519 1549 1723 1604 propitius

195 1621 332 1664 esset;
373 1621 414 1657 et
450 1631 555 1666 ecce,
584 1616 692 1657 inter
726 1616 830 1665 haec,
860 1615 1028 1670 quidam
1060 1615 1097 1655 ei
1128 1615 1398 1657 convicaneus
1432 1630 1484 1656 ex
1516 1615 1725 1670 insperato

195 1683 384 1733 occurrit,
414 1687 455 1723 et
482 1682 585 1723 illud
614 1682 727 1723 idem
761 1682 854 1736 equi
885 1681 1184 1737 operimentum
1212 1681 1255 1722 in
1285 1681 1470 1722 medium
1498 1682 1719 1737 proferens,

196 1749 271 1797 ait,
295 1754 320 1771 “
341 1749 408 1789 En
429 1749 542 1790 istud
565 1748 605 1789 in
629 1748 750 1789 domo
771 1763 865 1789 mea
885 1763 1009 1802 penes
1029 1763 1095 1789 me
1122 1747 1298 1803 repperi,
1325 1748 1397 1789 sed
1428 1747 1544 1804 eujus
1568 1748 1633 1800 sit,
1657 1748 1723 1790 vel

197 1815 402 1869 quomodo
423 1815 492 1856 illo
514 1815 739 1865 devenerit,
761 1829 962 1869 nusquam
985 1814 1100 1856 valeo
1122 1813 1353 1863 reminisci,
1388 1830 1464 1856 nec
1494 1814 1597 1855 illud
1625 1819 1723 1855 ante

196 1881 442 1923 hodiernum
464 1882 572 1923 diem
596 1896 778 1936 unquam
801 1881 899 1930 vidi,
923 1881 996 1923 sed
1016 1896 1147 1935 neque
1175 1879 1290 1936 cujus
1310 1880 1447 1930 fuerit,
1472 1896 1543 1922 seu
1565 1881 1654 1935 quis
1680 1880 1723 1921 in

199 1947 368 1989 domum
398 1963 535 1989 meam
563 1947 770 1997 detulerit,
808 1947 925 1989 valeo
960 1945 1234 2002 percontari.’'
1303 1947 1425 1999 Quod
1460 1947 1723 1989 sanctimoni-

195 2014 270 2055 alis
300 2015 371 2055 illa
391 2030 490 2055 mox
512 2019 559 2055 ut
581 2014 698 2064 vidit,
721 2013 902 2068 agnovit,
928 2018 970 2054 et
991 2028 1085 2054 cum
1114 2013 1265 2068 gaudio
1290 2018 1502 2069 receptum
1530 2013 1723 2054 creditori

196 2095 269 2121 suo
299 2081 511 2128 restituit,
547 2080 684 2134 sicque
718 2080 911 2135 cognovit
939 2080 1082 2134 quanti
1106 2079 1166 2121 vir
1197 2079 1277 2120 Dei
1308 2079 1443 2120 meriti
1476 2095 1614 2120 coram
1636 2080 1722 2120 Do-

194 2146 307 2187 mino
343 2146 434 2197 fuit,
470 2146 538 2200 qui
576 2151 616 2187 et
652 2146 796 2186 horam
827 2160 908 2199 qua
943 2145 1243 2200 operimentum
1280 2145 1538 2187 reddendum
1572 2146 1720 2196 fuerat,

193 2213 423 2267 praenovit,
457 2217 581 2266 atque
612 2211 667 2262 id,
693 2211 802 2266 quod
833 2211 940 2252 circa
964 2211 1218 2252 Dunelmum
1244 2211 1301 2252 illi
1324 2211 1547 2264 deciderat,
1570 2213 1723 2266 absque

195 2321 250 2355 Illi
269 2322 358 2367 quod
367 2323 514 2366 jusserat
531 2322 752 2367 perfecerunt,
768 2328 811 2365 et,
826 2333 915 2365 ecce,
934 2333 1011 2355 cum
1030 2327 1159 2367 septem
1178 2321 1360 2355 comitibus
1378 2322 1436 2355 illa
1453 2320 1721 2355 sanctimonialis

194 2368 342 2402 advenit.
392 2369 483 2402 Dum
511 2368 780 2413 colloquerentur
805 2368 1021 2412 interrogavit
1047 2380 1121 2401 eam
1146 2374 1259 2401 utrum
1284 2373 1500 2413 cognosceret
1523 2367 1720 2412 episcopum

194 2426 264 2448 suae
281 2415 410 2460 patriae,
430 2415 671 2448 Christianum.
722 2414 785 2447 Illa
810 2426 910 2459 super
933 2414 997 2448 hoc
1015 2414 1190 2457 admirata,
1209 2415 1364 2459 quaesivit
1381 2414 1470 2447 unde
1490 2414 1645 2447 notitiam
1662 2413 1723 2446 ha-

194 2461 288 2495 beret
308 2461 400 2495 illius
423 2461 582 2506 episcopi.
645 2461 741 2494 Tunc
764 2461 857 2505 ipse:
884 2463 892 2478 4
909 2461 948 2493 In
975 2460 1092 2503 curia,⁷
1110 2461 1230 2505 inquit,
1250 2462 1258 2478 ‘
1272 2460 1335 2494 Dei
1359 2461 1482 2505 saepius
1511 2460 1608 2493 illum
1627 2460 1694 2493 vidi
1713 2472 1721 2501 ;

194 2514 227 2541 et
244 2520 323 2553 rogo
341 2514 378 2541 ut
395 2508 491 2541 illum
510 2519 552 2541 ex
570 2519 646 2540 mea
662 2513 755 2552 parte
774 2518 988 2540 commoneas
1006 2508 1171 2551 patienter
1188 2507 1273 2540 ferre
1291 2507 1464 2540 molestias
1481 2506 1522 2539 ab
1541 2506 1599 2539 illo
1618 2506 1721 2539 divite

195 2554 366 2598 irrogatas,
386 2554 441 2599 qui
461 2566 537 2587 eum
558 2554 629 2597 jam
652 2553 752 2597 longo
773 2559 923 2598 tempore
945 2553 1100 2598 persequi
1126 2564 1193 2586 non
1217 2553 1360 2596 desistit,
1379 2553 1537 2598 quoniam
1561 2552 1618 2586 ille
1643 2558 1722 2585 ante

192 2600 329 2647 fine[m]
359 2601 437 2634 anni
467 2600 508 2633 de
537 2599 651 2633 seculo
674 2599 935 2643 transmigrabit.
984 2599 1066 2632 Post
1092 2610 1203 2632 meam
1233 2610 1310 2632 vero
1338 2598 1582 2644 depositionem
1612 2598 1722 2631 veniet

193 2648 281 2680 idem
301 2648 478 2692 opiscopus
496 2646 538 2680 ad
557 2646 630 2679 liaec
648 2645 745 2679 loca?
795 2645 921 2678 Mulier
938 2645 972 2678 in
990 2645 1132 2690 patriam
1150 2656 1293 2688 reversa,
1311 2645 1507 2678 mandatum
1527 2645 1588 2678 viri
1614 2645 1723 2678 sancti

192 2694 349 2739 episcopo
368 2693 548 2736 intimavit,
566 2699 598 2725 et
616 2704 673 2737 per
697 2691 761 2725 hoc
780 2692 885 2736 ipsius
903 2692 1053 2724 animum
1072 2691 1113 2724 ad
1131 2691 1329 2736 patientiam
1355 2691 1566 2725 confortavit.
1617 2691 1721 2724 Dives

191 2747 303 2773 autem
336 2740 391 2773 ille
421 2740 506 2772 infra
533 2739 677 2772 eundem
705 2750 831 2771 annum
858 2738 891 2770 in
914 2738 982 2771 fata
1009 2737 1201 2779 concessit3
1228 2743 1261 2770 et
1286 2737 1463 2783 episcopus
1488 2743 1565 2782 post
1590 2737 1719 2770 obitum

193 2786 391 2819 venerabilis
410 2785 549 2819 Godrici
569 2785 659 2818 venit
676 2785 709 2818 in
728 2784 928 2827 Fincaliam,
947 2789 979 2817 et
997 2783 1094 2816 nobis
1112 2783 1176 2816 ista
1193 2783 1376 2816 narravit.'’

243 2836 248 2854 ¹
276 2833 349 2865 The
370 2832 462 2865 Harl.
482 2831 556 2865 MS.
576 2831 656 2864 does
674 2837 732 2864 not
749 2830 883 2864 contain
902 2830 969 2864 this
987 2830 1135 2874 chapter.

233 2879 246 2899 2
261 2877 483 2923 Sultsellc'um]
511 2878 585 2911 MS.
604 2877 816 2910 subcellium.
