1839 3186
533 198 592 229 ET
627 195 898 229 MIRACULIS
929 196 964 228 S.
985 195 1205 228 GODRICI.
1553 187 1637 226 180

97 400 184 427 CAP.
209 400 370 425 LXXXII.
445 400 650 429 QUALITER
701 398 849 425 CORPUS
892 398 936 422 IN
979 397 1167 422 TEMPORE
1217 398 1500 423 INFIRMITATIS
1551 398 1638 423 SUAE

151 467 404 502 AFFLIXERIT,
438 467 572 496 ATQUE
613 466 790 491 HIANTIA
835 464 1080 490 CICATRICUM
1113 463 1307 490 VULNERA
1352 465 1449 490 SALE
1492 464 1633 490 SUPER-

154 534 298 559 INFUso
328 533 610 559 CONTRIVERIT.
619 513 631 534 ¹

151 633 292 690 §lm
328 635 487 676 MULTA
521 639 562 676 et
595 632 801 675 mirabilia
824 636 920 674 sunt
956 646 1082 687 opera
1117 629 1305 679 Domini,
1339 644 1429 684 quae
1469 628 1630 670 diverso

92 701 235 743 ordine
267 702 513 756 quandoque
535 701 577 742 in
600 716 683 742 uno
719 700 945 741 electorum
978 713 1145 740 suorum
1176 697 1264 739 sola
1286 695 1447 752 perficit
1478 695 1633 736 miseri-

91 768 226 809 cordis
245 768 466 810 clementia
488 767 670 815 Christi3
705 767 877 807 innovat
900 765 1009 807 enim
1032 764 1218 819 quotidie
1251 779 1359 805 nova
1386 778 1459 818 per
1493 777 1631 804 servos

92 849 187 876 suos
208 836 336 890 signa,
363 840 405 876 et
426 850 534 876 nova
554 834 711 875 mundo
732 833 889 874 revelat
911 832 1205 888 mysteriorum
1226 831 1446 872 mirabilia.
1509 828 1631 881 Quod

91 901 133 942 in
154 901 241 942 viro
272 902 352 943 isto
374 902 475 944 satis
505 916 623 943 nosse
654 900 894 956 poterimus,
931 900 964 941 si
1001 897 1088 954 ejus
1110 899 1237 940 verba
1270 902 1312 938 et
1345 912 1471 953 opera
1507 896 1630 951 digne

90 968 338 1023 perscrutari
358 969 608 1010 noverimus.

159 1035 313 1076 Incidit
348 1034 476 1089 igitur
496 1035 559 1076 vir
579 1034 657 1075 iste
678 1032 900 1087 aliquando
930 1032 972 1073 in
1003 1031 1120 1087 gravi
1152 1030 1361 1086 languoris
1383 1029 1629 1085 aegritudine

91 1101 152 1142 ita
188 1106 235 1142 ut
266 1101 443 1156 pustulis
477 1100 645 1150 obortis,
680 1105 771 1141 tota
802 1099 985 1154 corporis
1016 1096 1250 1153 superficies
1284 1112 1430 1152 aspera
1466 1101 1507 1137 et
1541 1095 1632 1138 2sa-

88 1168 218 1209 nienti
240 1168 402 1209 foeteret
434 1167 687 1218 scabredine,
720 1171 920 1220 tantaque
942 1166 1005 1207 vis
1039 1164 1246 1206 mordacis
1279 1164 1448 1205 insaniae
1474 1163 1628 1204 discur-

90 1235 209 1276 rebat
230 1250 303 1289 per
325 1240 441 1277 artus
465 1233 552 1290 ejus
574 1234 756 1289 singulos
776 1232 817 1274 in
839 1233 987 1273 intima
1009 1232 1142 1273 carnis
1164 1232 1291 1286 ipsius
1311 1230 1497 1280 mollitie,
1521 1230 1631 1284 quod

89 1316 193 1356 pene
214 1301 424 1343 videretur
451 1302 559 1343 vires
590 1301 792 1342 humanas
824 1299 1038 1340 excedere.
1102 1298 1171 1338 Ex
1205 1297 1466 1339 cicatricibus
1503 1297 1630 1351 igitur

90 1368 296 1410 mordacis
322 1369 492 1409 insaniae
514 1366 747 1423 profluebat
770 1367 904 1408 sanies
925 1366 1047 1420 plena
1068 1365 1299 1420 putredine.
1373 1363 1629 1405 Vulneribus

91 1434 218 1489 igitur
234 1439 324 1476 toto
347 1450 515 1490 corpore
537 1434 770 1490 patefactis,
788 1434 928 1474 hiatus
949 1433 1131 1487 ipsorum
1155 1432 1337 1473 distento
1359 1446 1428 1472 ore
1449 1430 1626 1485 rigabat,

90 1506 132 1542 et
166 1517 260 1542 caro
298 1503 519 1557 purulenta
561 1501 677 1542 edaci
719 1500 907 1542 incendio
939 1499 1206 1541 desaeviebat.
1269 1498 1357 1539 Nec
1392 1503 1534 1538 tamen
1571 1498 1628 1539 515

91 1569 224 1610 carnis
245 1567 407 1610 infirma
428 1568 558 1611 voluit
580 1583 653 1623 per
675 1567 914 1608 deliciarum
936 1566 1077 1607 mollia
1099 1567 1295 1617 refovere,
1322 1565 1394 1606 sed
1417 1564 1627 1606 doloribus

89 1650 161 1689 per
183 1634 269 1677 dies
289 1635 544 1686 inveteratis,
574 1649 682 1676 nova
711 1634 775 1676 his
806 1633 1064 1675 cruciatuum
1095 1648 1248 1687 genera
1278 1631 1400 1687 coepit
1436 1629 1629 1686 adjicere.

89 1701 267 1743 Dicebat
289 1702 398 1743 5111111
423 1702 493 1752 515,
530 1705 553 1724 “
578 1701 622 1743 Si
655 1701 770 1742 Deus
799 1701 919 1755 punit
953 1700 995 1740 in
1026 1715 1093 1740 me
1125 1699 1235 1753 quod
1265 1699 1373 1740 male
1404 1698 1624 1753 promerui,

88 1768 258 1822 puniam
290 1773 332 1809 et
368 1783 444 1823 ego
475 1768 562 1823 ipse
592 1767 634 1808 in
665 1783 731 1808 me
765 1767 853 1822 ipso
882 1767 993 1821 quod
1025 1766 1190 1820 deliqui,
1223 1772 1271 1806 ut
1303 1765 1413 1819 quod
1444 1765 1629 1806 minatur

88 1834 277 1885 evadam,
301 1835 401 1876 dum
421 1834 464 1875 id
485 1835 608 1876 modo
632 1834 742 1889 quod
766 1833 991 1875 commerui
1014 1833 1140 1887 digna
1160 1832 1301 1873 luendi
1333 1846 1452 1887 poena
1473 1832 1625 1886 persol-

87 1915 196 1943 vam.
266 1901 391 1942 ³Non
421 1901 531 1942 enim
553 1901 669 1942 Deus
698 1901 761 1942 bis
792 1901 911 1956 punit
938 1900 980 1940 in
1001 1899 1045 1940 id
1066 1899 1214 1954 ipsum,
1249 1899 1282 1940 si
1312 1913 1387 1940 nos
1417 1898 1495 1953 ipsi
1531 1913 1624 1940 1105ω

87 1973 200 2009 trum
222 1968 526 2023 expiaverimus
548 1966 788 2008 delictum.”

154 2035 172 2087 ᾗ
196 2034 292 2079 175.
325 2034 550 2076 Advocans
571 2034 697 2089 igitur
710 2033 958 2083 ministrum,
975 2030 1101 2088 jussit
1119 2047 1260 2074 01111155
1274 2036 1465 2087 patentes
1484 2031 1623 2073 hiatus

87 2101 303 2142 vulnerum
331 2102 414 2143 sale
438 2101 643 2157 perfundi,
679 2106 720 2142 et
753 2101 809 2142 sic
840 2100 1019 2155 repletos
1050 2099 1205 2140 intorto
1236 2098 1383 2154 grandi
1415 2098 1626 2140 straminis

86 2167 296 2223 manipulo
324 2168 462 2209 fricari
481 2186 491 2217 ς
526 2183 602 2209 1155
623 2167 719 2209 sivit
752 2183 846 2208 emn
868 2183 893 2208 a
917 2167 990 2207 tali
1013 2166 1146 2221 operis
1174 2165 1390 2206 exactione
1413 2165 1623 2215 desistere,

86 2249 296 2288 quousque
323 2240 415 2276 tota
443 2234 550 2276 cutis
583 2234 799 2276 exterioris
830 2232 1064 2289 superficies
1096 2232 1225 2273 effuso
1257 2232 1461 2287 rigaretur
1499 2238 1625 2286 atque

87 2299 350 2342 4111111151451111·
372 2301 569 2356 sanguine
589 2319 600 2350 ;
635 2301 696 2342 ita
715 2306 763 2342 ut
783 2301 910 2342 etiam
931 2300 1135 2355 fatigante
1149 2297 1240 2354 jam
1262 2299 1464 2349 ministro,
1488 2299 1624 2340 adhuc

84 2367 169 2421 ipse
190 2372 390 2409 tortorem
413 2383 533 2409 suum
555 2368 610 2409 ad
630 2367 817 2408 fricanda
844 2367 1083 2408 cicatricum
1104 2366 1275 2407 vulnera
1297 2371 1552 2420 provocaret,
1579 2370 1621 2406 et

84 2432 186 2474 flatu
216 2440 472 2490 recuperato,
504 2435 777 2489 respirantem
810 2434 961 2474 iterum
999 2433 1054 2474 ad
1086 2438 1174 2473 tam
1211 2432 1375 2473 crudele
1409 2433 1622 2487 negotium

83 2500 359 2555 compelleret,
398 2516 471 2542 seu
498 2502 729 2541 animatum
753 2500 944 2555 precibus
975 2499 1030 2541 ad
1060 2498 1163 2540 illud
1193 2497 1436 2540 inflecteret.
1498 2498 1620 2551 Quod

82 2566 116 2607 si
137 2566 325 2608 minister
354 2567 541 2622 precanti
568 2582 650 2608 non
673 2567 853 2616 cederet,
887 2572 928 2608 et
959 2581 1043 2621 prae
1074 2566 1243 2606 horrore
1273 2565 1480 2620 refugiens
1515 2570 1619 2605 tem-

83 2633 295 2687 perantius
316 2634 618 2688 aliquantulum
647 2638 802 2689 ageret,
825 2633 892 2674 ille
921 2638 1094 2687 accepta
1114 2637 1289 2683 tortura,
1312 2631 1486 2687 propriae
1509 2629 1620 2672 carni

130 2730 138 2751 ¹
160 2730 201 2763 In
218 2731 276 2764 the
295 2731 390 2766 Harl.
410 2732 486 2766 MS.
505 2732 643 2777 chapter
661 2732 739 2766 XC.

130 2778 143 2795 ²
158 2777 480 2825 Sanientisoeteret.]
507 2779 619 2812 saniei
638 2779 773 2822 faceret,
795 2778 843 2812 H.

130 2824 142 2842 ³
162 2823 242 2857 Non
259 2824 374 2870 enim]
404 2825 477 2858 The
503 2837 595 2858 same
621 2825 804 2858 sentiment
822 2825 851 2858 is
869 2823 974 2857 found
992 2824 1026 2857 in
1044 2823 1101 2856 the
1127 2834 1220 2855 same
1238 2821 1347 2855 words
1366 2821 1399 2855 in
1419 2821 1476 2855 the
1495 2821 1569 2855 Life
1587 2822 1625 2855 of

82 2869 131 2902 St.
146 2869 295 2903 Thomas
313 2870 456 2911 Beckct,
474 2883 506 2917 p.
525 2874 585 2914 45,
601 2871 682 2905 edit.
702 2871 831 2917 Lupus.
857 2873 926 2904 4t0.
944 2871 1053 2904 Brux.
1069 2871 1170 2903 1682.

127 2915 138 2935 ⁴
161 2916 385 2962 llffaderetur]
433 2918 603 2960 Maderet,
624 2918 670 2951 H.
