1839 3186
530 227 588 258 ET
624 227 889 260 MIRACULIS
926 228 959 259 s.
993 228 1205 260 GODRICI.
1578 215 1629 258 37

102 431 188 456 oAP.
219 431 289 455 V11.
353 431 556 460 QUALITER
576 432 733 458 ITERUM
756 433 997 459 SANCTORUM
1031 434 1128 459 LOCA
1160 434 1376 470 INVISEmT,
1400 435 1449 460 ET
1470 435 1633 464 QUANTO

266 498 504 524 DEVOTIONIS
527 499 685 525 ARDORE
706 501 847 526 MATER
863 501 993 526 ILLIUs
1015 501 1209 527 SUCCENSA
1234 502 1468 528 EFFERBUIT.
1485 485 1498 506 1

163 602 184 655 ᾖ
209 602 275 641 22.
310 601 492 642 REDIENs
511 601 658 644 deinde
682 602 732 644 de
755 603 1083 658 peregrinatione
1100 618 1223 658 quam
1240 602 1387 643 Romae
1402 608 1633 657 peregerat,

104 682 241 710 rursus
262 667 304 708 in
329 667 450 709 domo
472 674 646 724 paterna
677 685 770 711 cum
802 670 1042 725 parentibus
1063 670 1238 725 propriis
1259 669 1498 724 aliquandiu
1526 684 1634 710 com-

103 734 312 775 manebat.
374 734 436 775 At
473 741 612 777 tamen
644 752 696 778 ex
732 752 779 777 eo
817 742 1002 792 tempore
1038 752 1198 793 semper
1233 736 1403 778 Domini
1437 735 1638 777 mandata

105 801 270 843 sedulus
294 817 432 843 secum
458 802 498 843 in
525 808 690 857 pectore
722 803 945 854 deferebat,
969 809 1009 845 et
1031 819 1106 845 nec
1139 804 1283 845 diebus
1307 808 1379 844 aut
1401 803 1591 844 noctibus
1611 819 1637 845 a

105 867 316 921 colloquiis
347 868 496 910 divinis
529 874 569 910 et
606 871 790 912 oratione
816 871 1005 912 vacabat.
1071 870 1257 925 Cumque
1297 870 1354 912 sic
1397 869 1637 924 aliquandiu

106 934 217 975 domi
249 940 526 977 commoratus
549 936 705 987 fuisset,
737 952 789 978 ex
817 937 968 979 211imia
997 937 1215 979 devotione
1248 937 1304 992 pii
1336 937 1513 992 pectoris
1544 952 1638 977 con-

105 1001 213 1055 cepit
238 1001 375 1041 animo
396 1007 443 1043 ut
465 1003 752 1057 peregrinandi
774 1004 1069 1045 consuetudine
1092 1005 1319 1046 Beatorum
1338 1003 1639 1058 Apostolorum

108 1067 224 1108 Petri
246 1072 287 1108 et
310 1067 432 1108 Pauli
453 1084 593 1110 rursus
620 1070 764 1111 limina
794 1070 907 1111 adire
933 1070 1154 1112 debuisset.
1225 1070 1385 1125 Nempe
1406 1071 1484 1111 hoc
1506 1070 1640 1111 cordis

106 1134 314 1188 proposito
355 1133 432 1176 3ab
483 1135 592 1190 ipsis,
643 1136 790 1190 quibus
829 1137 964 1179 claves
1005 1138 1198 1179 coelorum
1237 1136 1324 1178 dati
1364 1136 1541 1186 fuerant,
1580 1137 1639 1177 in-

106 1201 306 1242 tendebat
347 1207 556 1256 expetere,
599 1203 792 1257 quatinus
827 1203 886 1245 illi
924 1203 1062 1245 animo
1106 1203 1371 1245 infunderent
1408 1202 1638 1259 cujusmodi

108 1267 416 1309 conversatione
447 1269 649 1323 potuisset
678 1270 860 1311 Domino
887 1270 1108 1326 gratiosius
1139 1271 1408 1326 complacere.
1480 1269 1543 1310 At
1576 1276 1638 1311 ta-

107 1348 202 1374 men
237 1334 288 1374 de
321 1335 648 1390 peregrinatione
679 1336 770 1387 ista,
807 1352 931 1391 quam
965 1341 1247 1393 proposuerat,
1281 1336 1523 1391 parentibus
1558 1336 1640 1377 suis

108 1401 387 1455 obtegendum
420 1416 501 1442 non
539 1403 764 1456 credebat3
797 1404 945 1458 quibus
986 1404 1171 1459 pandens
1205 1402 1331 1444 animi
1367 1403 1640 1458 propositum,

108 1466 289 1522 ipsorum
323 1482 444 1522 super
472 1468 536 1510 his
563 1469 772 1511 licentiam
804 1470 924 1525 petiit
946 1476 1070 1524 atque
1095 1470 1323 1511 consilium.
1387 1470 1496 1522 Quia
1516 1469 1643 1525 igitur

109 1533 272 1587 utrique
297 1533 407 1576 illius
438 1540 630 1590 parentes
652 1534 759 1592 justi
782 1542 898 1578 erant
921 1542 961 1578 et
984 1537 1070 1579 sine
1092 1537 1269 1591 querela,
1294 1536 1475 1577 Domino
1499 1541 1539 1577 et
1564 1536 1641 1591 ipsi

110 1600 364 1655 complacere
392 1601 738 1653 desideraverant,
772 1603 872 1644 nihil
905 1603 955 1644 de
987 1604 1155 1659 pietatis
1191 1603 1318 1658 ipsius
1349 1602 1487 1644 studio
1523 1602 1641 1643 dimi-

110 1682 234 1707 nuere
255 1668 572 1721 praesumebant,
606 1670 704 1724 quin
725 1670 851 1711 immo
872 1675 919 1711 ut
941 1670 1078 1726 potius
1108 1684 1269 1725 semper
1291 1669 1469 1724 amplius
1493 1669 1535 1710 in
1557 1669 1642 1710 Do—

109 1732 221 1773 mino
253 1732 468 1787 proficeret
489 1735 597 1776 votis
618 1740 658 1776 et
680 1736 848 1777 vocibus
880 1737 1171 1778 exhortabant.
1236 1740 1262 1758 “
1286 1735 1552 1786 Consilium?
1583 1736 1643 1776 in-

112 1799 270 1853 quiunt,
307 1804 540 1841 “nostrum
570 1806 644 1852 est,
676 1807 724 1843 ut
756 1803 836 1843 Dei
872 1803 1015 1853 amori,
1042 1817 1120 1856 quo
1143 1802 1209 1857 pio
1234 1807 1399 1857 pectore
1424 1807 1641 1852 exaestuas,

113 1865 213 1906 nihil
235 1866 482 1908 omnimodis
509 1873 748 1922 anteponas,
782 1874 823 1910 et
862 1885 886 1911 a
913 1869 1030 1911 nobis
1051 1869 1092 1909 in
1115 1869 1192 1910 hoc
1213 1869 1291 1909 tibi
1313 1868 1489 1910 facultas
1515 1868 1644 1909 libera

113 1937 238 1985 atque
270 1932 436 1973 licentia
465 1934 651 1988 gratuita
681 1936 953 1992 promittitur,
988 1940 1034 1976 ut
1058 1935 1135 1977 Oui
1172 1940 1215 1976 te
1250 1940 1347 1976 ante
1380 1933 1644 1976 4devovimus

115 2013 238 2053 quam
278 1998 508 2053 genuimus,
550 2001 699 2043 amodo
740 2007 781 2043 et
822 2017 950 2057 usque
982 2002 1022 2042 in
1054 2001 1350 2056 sempiternum
1392 2001 1645 2056 complacere

114 2064 377 2120 pl‘aevaleas.''
438 2066 530 2118 Quo
571 2068 730 2119 audito,
756 2068 875 2110 solito
914 2068 1082 2109 hilarior
1114 2067 1300 2117 efficitur,
1339 2067 1435 2121 quia
1464 2067 1573 2122 patri
1604 2072 1646 2108 et

113 2131 237 2172 matri
259 2131 643 2186 obtemperandum,
667 2139 773 2176 teste
795 2150 911 2176 sacra
933 2134 1160 2190 Scriptura,
1184 2134 1432 2189 praecipitur.
1487 2131 1536 2156 ⁵⁴⁶
1555 2134 1644 2174 Ho-

114 2197 255 2247 nora,”
286 2197 431 2252 inquit,
458 2203 482 2220 ‘⁶
504 2204 666 2253 patrem
689 2205 730 2242 et
751 2206 929 2243 matrem
960 2206 1091 2251 tuam,
1119 2205 1167 2241 ut
1199 2200 1253 2242 sis
1282 2200 1493 2255 longaevus
1525 2216 1647 2256 super

115 2262 308 2305 terram.⁷⁷

176 2331 197 2384 ξ
223 2333 290 2372 23.
324 2330 386 2371 At
417 2338 551 2374 mater
585 2333 713 2388 ipsius
734 2334 903 2375 monitis
924 2334 1138 2384 instructa,
1169 2337 1210 2374 et
1236 2333 1425 2388 exemplo
1448 2332 1646 2374 bonitatis

118 2396 224 2437 illius
267 2404 503 2450 provocata,
537 2398 720 2455 ejusdem
761 2401 848 2442 voti
884 2400 1005 2455 coepit
1048 2399 1252 2454 suspirare
1295 2400 1564 2454 propositum,
1606 2404 1647 2440 et

119 2462 257 2503 dilecti
301 2461 373 2503 filii
417 2465 479 2505 sui
520 2466 641 2521 coepit
678 2467 719 2507 in
759 2472 878 2507 tanto
915 2467 1061 2507 itinere
1118 2464 1342 2520 efflagitare
1383 2466 1646 2506 consortium,

119 2527 246 2583 Cujus
270 2528 437 2583 pietatis
469 2531 716 2574 desiderium
746 2533 845 2573 dum
876 2533 961 2587 ipse
993 2533 1045 2573 ab
1082 2547 1130 2573 ea
1158 2536 1326 2586 petente
1363 2532 1566 2587 cognovit,
1607 2536 1648 2572 et

167 2668 174 2686 ¹
203 2667 243 2700 In
261 2667 318 2700 the
338 2666 434 2699 Harl.
454 2664 530 2697 Ms.
549 2662 617 2696 this
634 2661 737 2693 forms
755 2659 813 2692 the
830 2658 969 2692 seventh
988 2658 1137 2703 chapter.

163 2713 176 2731 ²
195 2714 311 2747 Nimia
327 2709 524 2756 devotione]
552 2706 717 2752 Reginald
728 2717 829 2738 never
842 2705 994 2750 employs
1007 2703 1195 2747 “nimius,'’
1212 2701 1376 2745 “iiimis,’'
1390 2713 1426 2734 or
1439 2702 1459 2718 “
1472 2699 1649 2744 nimium,‘’

120 2765 153 2791 to
172 2760 297 2804 signify
315 2760 336 2778 “
350 2765 406 2791 too
424 2757 525 2790 much
543 2755 576 2796 3³³
602 2753 684 2786 with
710 2753 781 2785 him
808 2751 889 2796 they
907 2751 1032 2796 always
1059 2762 1158 2784 mean
1184 2748 1309 2793 simply
1327 2749 1347 2766 ‘⁶
1360 2746 1490 2792 g1·eat,’'
1508 2747 1650 2780 without

120 2806 308 2849 conveving
326 2816 391 2846 any
409 2800 681 2848 approximation
700 2805 734 2831 to
752 2809 904 2831 censure.
1464 2839 1469 2845 .

167 2852 180 2872 3
198 2844 250 2884 A'b
268 2852 344 2895 ipsis
361 2843 503 2894 quibus]
533 2848 565 2881 It
590 2846 619 2879 is
644 2845 775 2889 worthy
794 2844 831 2877 os
852 2843 995 2886 remark,
1014 2843 1086 2876 that
1104 2842 1161 2874 the
1187 2842 1270 2885 keys
1296 2840 1334 2872 of
1355 2839 1412 2872 the
1437 2839 1599 2883 kingdom
1618 2840 1657 2873 of

124 2897 263 2929 Hcaven
281 2909 335 2929 arc
353 2897 431 2929 here.
449 2895 521 2928 said
539 2900 573 2926 to
590 2893 673 2926 have
692 2891 775 2925 bccn
795 2890 968 2924 entrusted
986 2896 1019 2922 to
1038 2890 1086 2922 St.
1107 2887 1190 2921 Paul
1209 2898 1245 2919 as
1263 2886 1338 2919 well
1356 2897 1392 2919 as
1418 2886 1467 2920 St.
1482 2885 1593 2919 Peter.

165 2944 176 2963 ‘³
204 2941 427 2987 Devovimus]
454 2942 516 2974 see
536 2937 553 2984 ᾗ
573 2942 604 2973 9.
692 2947 696 2950 ·
934 2937 946 2956 ⁵
976 2933 1144 2979 Honor-cu]
1174 2932 1284 2966 Exod.
1302 2944 1363 2967 xx.
1387 2934 1441 2966 12.
