1839 3186
179 188 263 229 354
691 190 922 223 LIBELLUS
958 190 1022 221 DE
1058 189 1175 221 VITA

236 299 401 341 Horum
433 297 495 338 vir
516 295 719 338 veridicus
756 293 875 336 testis
911 293 1081 344 assistit,
1103 293 1172 349 qui
1207 293 1271 335 his
1307 293 1358 334 ab
1392 307 1439 333 eo
1471 291 1711 348 protestatis

182 366 194 388 ¹
205 365 407 407 interfuit.

183 611 270 637 CAP.
297 609 383 635 XIV.
436 607 627 637 QUOMODO
658 607 701 631 IN
737 605 929 631 MULIERIS
965 606 1095 630 SPECIE
1126 605 1280 630 DAEMON
1312 605 1526 641 APPARUIT,
1564 605 1612 630 ET
1647 605 1714 630 DE-

634 673 757 698 TECTA
788 673 880 697 EJUs
911 672 1130 697 SIMULATIO
1161 655 1286 697 FUIT.¹²

245 761 267 814 ἓ
293 761 391 801 335.
427 757 616 798 SEDENTE
637 756 724 798 viro
747 756 827 797 Dei
848 755 1068 810 aliquando
1093 771 1247 804 secum,
1274 771 1366 796 ecce
1389 755 1576 810 quaedam
1598 771 1720 810 super

188 841 329 868 omnes
366 823 469 865 filias
505 823 720 864 hominum
765 823 947 877 speciosa
982 823 1163 873 advenit,
1198 838 1287 877 quae
1327 823 1441 877 quasi
1477 838 1563 877 prae
1594 822 1721 863 nimia

188 891 479 934 teneritudinis
523 890 696 931 mollitie
733 890 804 932 vix
841 890 957 944 pedis
992 890 1168 944 vestigia
1208 890 1291 930 solo
1325 894 1445 930 tenus
1484 888 1717 944 impressit3

191 975 280 1013 quae
316 958 486 999 tandem
519 972 560 998 se
595 956 762 1012 propius
797 956 977 1011 ingessit,
1002 961 1043 997 et
1065 957 1203 997 oculos
1222 955 1375 997 blando
1396 954 1553 997 reflexu
1578 956 1725 1011 saepius

190 1027 234 1067 in
255 1026 372 1066 illum
394 1023 609 1078 defigendo
632 1038 768 1064 coram
791 1038 837 1063 eo
859 1023 1026 1064 resedit.
1101 1022 1257 1064 Silente
1280 1023 1434 1064 diutius
1455 1023 1536 1073 illo,
1557 1023 1725 1063 demum

192 1093 263 1133 illa
298 1092 355 1133 sic
389 1090 608 1131 exordiens
632 1090 703 1139 ait,
739 1095 764 1112 ‘⁶
785 1089 907 1139 Ecce,
930 1089 988 1130 mi
1014 1089 1202 1140 Godrice,
1226 1105 1278 1130 ex
1300 1105 1379 1143 quo
1412 1089 1462 1130 de
1495 1094 1569 1131 tua
1598 1088 1726 1130 nimia

196 1159 412 1200 dulcedine
435 1162 475 1197 et
498 1156 802 1212 pulchritudine
830 1157 1022 1211 comperi,
1046 1161 1134 1197 tam
1156 1171 1299 1211 regum
1321 1171 1444 1210 quam
1465 1156 1662 1197 comitum
1685 1160 1726 1196 et

195 1225 592 1280 elegantissimorum
620 1222 822 1278 juvenum
855 1222 1108 1264 infinitorum
1130 1222 1335 1264 consortia
1361 1222 1524 1277 respui;
1564 1227 1605 1263 et
1639 1237 1725 1263 om-

196 1293 317 1333 nibus
350 1297 390 1332 10
435 1290 666 1345 praeferens,
700 1296 793 1330 tuos
831 1290 1046 1344 amplexus
1079 1305 1161 1344 prae
1198 1289 1387 1331 omnibus
1425 1289 1570 1330 ceteris
1607 1288 1723 1343 elegi,

197 1357 442 1406 desideravi,
465 1362 588 1411 atque
611 1357 693 1398 tuis
726 1356 804 1396 frui
837 1356 984 1397 osculis
1020 1362 1061 1397 et
1098 1355 1461 1397 commixtionibus
1499 1355 1726 1410 concupivi.

199 1426 308 1466 Nam
341 1439 551 1478 nunquam
576 1423 849 1463 delectatione
881 1423 1036 1472 satiari,
1068 1428 1172 1464 aestu
1206 1422 1448 1477 refrigerari,
1480 1437 1555 1463 nec
1590 1436 1728 1462 amore

198 1491 401 1533 infraenari
444 1495 597 1545 potero,
651 1504 860 1543 quousque
913 1490 995 1530 tuis
1037 1489 1296 1544 amplexibus
1342 1487 1729 1530 desiderantissimis

201 1559 335 1613 potita
359 1556 515 1598 fuero.”
577 1556 735 1608 Quibus
760 1556 842 1606 ille,
874 1561 898 1578 ‘⁶
918 1556 1002 1606 Ho,
1033 1556 1131 1597 Ho!
1206 1555 1249 1596 Si
1272 1555 1314 1595 in
1336 1555 1511 1597 veritate
1532 1561 1617 1596 tam
1641 1555 1731 1609 pul-

202 1626 300 1666 chra
320 1625 476 1673 fuisses,
499 1623 629 1677 qualis
651 1623 832 1663 exterius
854 1637 1039 1677 appares,
1062 1637 1271 1675 nunquam
1297 1626 1513 1676 potentum
1535 1621 1599 1663 vel
1613 1620 1732 1676 juve-

200 1707 300 1733 num
340 1689 724 1731 delicatissimorum
766 1690 970 1729 consortia
1018 1689 1242 1738 abnuisses,
1283 1693 1323 1728 01
1361 1688 1529 1729 Godrici
1576 1688 1731 1736 rustici,

208 1757 405 1812 decrepiti
439 1762 480 1796 et
516 1755 759 1805 stercorarii,
783 1761 1024 1810 conspectus
1046 1755 1109 1796 vel
1150 1754 1388 1809 complexus
1423 1755 1632 1808 quaesisses
1665 1769 1736 1795 seu

204 1825 490 1865 desiderasses
561 1823 823 1877 Quapropter
844 1827 886 1863 te
907 1823 947 1862 in
968 1821 1144 1862 Nomine
1162 1820 1330 1861 Domini
1352 1821 1433 1862 mei
1454 1821 1485 1861 J
1489 1836 1559 1862 esu
1582 1820 1735 1862 Christi

203 1889 360 1946 adjuro,
393 1905 443 1929 ne
476 1889 577 1929 mihi
607 1889 778 1930 ulterius
816 1888 975 1938 illudas,
1015 1888 1086 1929 sed
1124 1888 1246 1929 citius
1285 1887 1508 1929 abscedens
1550 1902 1638 1942 quae
1683 1888 1736 1928 sis

204 1962 395 2012 patenter
428 1954 661 1996 ostendas.”
723 1955 907 2007 Quorum
948 1955 1143 1996 virtutem
1188 1954 1404 1995 verborum
1453 1955 1608 1996 diutius
1654 1968 1736 1994 non

207 2023 430 2068 sustinuit3
466 2022 537 2062 sed
559 2022 609 2062 de
637 2021 814 2062 formosa
839 2021 1087 2076 turpissima,
1116 2021 1166 2061 de
1188 2020 1303 2061 suavi
1333 2020 1590 2062 foetidissima
1610 2035 1738 2075 appa-

207 2090 290 2130 ruit
307 2107 316 2138 ;
353 2095 393 2130 01
416 2088 523 2129 foeda
544 2093 635 2142 post
653 2103 694 2128 se
715 2088 948 2141 relinquens
970 2087 1155 2141 vestigia,
1176 2086 1191 2107 ³
1206 2087 1421 2141 disparuit.

257 2197 468 2245 ¹Int67fzcit]
484 2200 505 2217 ‘⁶
519 2198 581 2230 Vir
596 2197 659 2230 Dei
674 2196 843 2242 operarios
856 2196 975 2229 habuit
994 2197 1049 2241 qui
1068 2208 1187 2230 nemus
1206 2197 1449 2242 exstirpabant,
1461 2197 1502 2230 ad
1516 2209 1599 2242 quos
1616 2196 1736 2231 baculo

213 2246 380 2280 subnixus
398 2245 515 2287 exivit,
528 2250 560 2277 01
578 2243 640 2276 sub
658 2244 774 2276 arbore
792 2243 922 2286 sedens,
941 2243 1180 2276 maturioribus
1198 2243 1378 2287 advocatis,
1392 2244 1438 2276 ita
1456 2243 1589 2277 dicebat
1605 2257 1611 2278 :
1633 2243 1738 2286 ‘Qui-

212 2293 289 2326 dam
308 2292 475 2326 solitarius
492 2291 592 2335 longo
609 2296 759 2334 tempore
777 2290 862 2322 vixit
881 2290 913 2322 in
931 2289 1078 2332 heremo,
1098 2290 1150 2322 cui
1165 2289 1258 2333 jugis
1270 2296 1340 2323 erat
1357 2290 1534 2323 conflictus
1552 2302 1629 2324 cum
1647 2291 1739 2336 prin-

212 2340 286 2384 cipe
304 2339 421 2372 mundi
439 2338 552 2380 hujus,
573 2342 606 2369 et
623 2348 659 2369 se
677 2337 787 2381 ipsum
805 2336 976 2369 laboribus
1002 2342 1033 2369 et
1056 2336 1261 2369 abstinentia
1281 2336 1510 2382 perdomabat.
1564 2337 1631 2370 Hic
1655 2349 1740 2383 prae-

212 2386 317 2420 sentis
330 2385 407 2418 vitae
421 2384 521 2418 taedio
535 2394 724 2428 percussus,
737 2382 920 2415 orationem
932 2382 1126 2426 hujusmodi
1145 2394 1233 2428 saepe
1250 2383 1431 2416 fundebat:
1452 2385 1461 2401 ζ
1471 2383 1628 2427 Domine,
1637 2384 1740 2418 taedet

213 2433 361 2466 animam
379 2443 489 2464 meam
504 2431 580 2463 vitae
594 2440 680 2462 meac
695 2442 702 2470 ;
721 2429 858 2462 obsecro
873 2429 952 2462 tolle
970 2429 1073 2473 illam,
1089 2429 1167 2474 quia
1183 2429 1301 2463 melior
1319 2430 1401 2462 mihi
1420 2429 1551 2463 videtur
1566 2442 1656 2463 mors
1669 2443 1742 2464 esse

214 2491 315 2524 quam
334 2478 425 2511 vitas
474 2477 561 2510 Cum
578 2476 769 2520 frequenter
795 2475 859 2508 ista
885 2475 1038 2519 dixisset,
1065 2476 1119 2509 die
1145 2475 1288 2520 quadam
1315 2476 1464 2509 insonuit
1489 2476 1530 2509 de
1555 2476 1650 2510 coelis
1676 2489 1741 2510 vox

217 2524 412 2570 hujusmodi
440 2535 539 2569 super
568 2534 668 2556 eum:
696 2521 840 2555 ‘Adbuc
867 2521 1000 2555 modico
1030 2528 1180 2567 tempore
1209 2523 1402 2566 sustinebis,
1433 2528 1466 2555 01
1492 2523 1645 2567 quamvis
1674 2523 1740 2557 hnc

218 2584 324 2617 usque
354 2572 436 2604 dura
462 2569 647 2616 pertuleris,
676 2574 788 2601 tamen
816 2568 925 2601 adhuc
951 2581 1010 2614 pro
1030 2569 1164 2602 Christo
1189 2569 1296 2613 magis
1320 2581 1436 2614 aspera
1458 2569 1606 2614 patieris.
1654 2570 1740 2603 Sede

219 2619 321 2663 igitur
337 2618 392 2650 hic
422 2623 455 2650 01
482 2623 559 2649 tene
577 2615 689 2648 locum
717 2621 813 2647 tuum
833 2614 937 2647 donec
967 2615 1028 2648 tibi
1051 2615 1197 2648 coelestis
1228 2627 1348 2648 corona
1372 2615 1522 2659 donetur,
1542 2621 1574 2648 et
1597 2615 1654 2649 ille
1676 2616 1742 2650 11110

221 2664 347 2698 νο1101·11
377 2664 433 2709 qui
463 2663 524 2696 tibi
553 2673 725 2696 successor
743 2661 910 2694 Dominus
940 2661 1146 2695 destinabit!
1207 2661 1271 2695 His
1301 2662 1357 2695 ille
1382 2662 1585 2704 consolatus,
1613 2663 1744 2708 accepit

220 2712 260 2745 de
288 2710 412 2744 Christi
434 2710 559 2755 pietate
585 2708 756 2750 fiduciam,
787 2708 900 2741 omnia
922 2720 997 2753 quae
1017 2708 1110 2741 Deus
1133 2707 1330 2741 immitteret
1359 2708 1543 2741 toleranda.
1593 2710 1602 2727 ‘
1617 2709 1743 2751 Quam-

219 2757 358 2800 01110111,θ
377 2757 434 2800 ait,
452 2760 461 2776 ‘
476 2755 614 2801 expedit
631 2767 685 2788 me
698 2766 814 2799 graves
831 2754 886 2787 1110
909 2755 1073 2787 sustinere
1096 2754 1279 2798 molestias,
1302 2760 1340 2787 ut
1357 2754 1399 2787 ad
1422 2755 1620 2800 promissam
1637 2755 1744 2788 beati-

219 2805 372 2838 tudinem
390 2802 562 2848 pervenire
580 2801 826 2846 contingam.'”
876 2801 988 2834 Anon.
1009 2801 1104 2834 Harl.
1122 2800 1270 2844 Legend.
1428 2820 1431 2824 ·

266 2851 279 2869 2
304 2849 387 2883 This
405 2849 542 2894 chapter
559 2849 587 2881 is
605 2853 663 2880 not
681 2847 860 2880 contained
878 2848 912 2880 in
930 2847 986 2880 the
1007 2847 1101 2880 Harl.
1123 2847 1198 2880 MS.

266 2897 278 2916 ³
305 2894 512 2942 Disparait]
541 2897 561 2913 ‘⁴
576 2894 721 2928 Sedente
741 2894 808 2927 viro
827 2894 889 2927 Dei
909 2893 990 2938 solo,
1006 2894 1102 2927 affuit
1128 2893 1249 2927 mulier
1274 2905 1374 2938 super
1393 2905 1511 2927 omnes
1529 2893 1617 2927 filias
1635 2894 1744 2927 homi—
