1839 3186
207 153 290 197 278
721 166 954 199 LIBELLUS
990 167 1054 199 DE
1089 167 1206 199 VITA

208 366 295 393 CAP.
329 366 478 392 CXLVII.
540 366 744 396 QUALITER
783 367 1029 393 PROPHETICO
1068 366 1225 392 SPIRITU
1267 367 1526 392 PRAEDIXERIT
1566 367 1664 397 QUID
1698 367 1738 393 EI

282 433 530 459 TRANSMITTI
559 433 718 469 DEBUIT,
742 433 819 459 VEL
850 433 942 462 QUAE
978 433 1098 459 ULTIO
1127 433 1375 459 DETINENTES
1405 418 1695 460 OPPRESSERIT.l

282 532 304 586 ξ
330 533 426 574 263.
460 531 603 572 FACTA
628 531 709 572 Dei
746 530 953 572 mirabilia
986 531 1178 572 humanae
1213 531 1420 573 excedunt
1455 532 1740 587 possibilitatis

213 598 398 652 eloquia;
431 613 527 639 nam
555 602 709 652 quanto
730 597 935 652 profusius
956 597 1243 639 contendimus
1265 598 1466 640 miracula
1486 599 1625 641 divina
1647 614 1742 639 con-

214 669 369 715 texere,
401 663 728 718 ²tantoperosius
778 662 1051 717 comperimus
1088 678 1137 704 ea
1164 664 1335 705 modum
1368 679 1443 706 sua
1473 665 1740 706 multitudine

215 746 420 786 superare.
482 731 588 771 Erat
609 729 776 784 quidem
797 729 860 771 vir
879 744 986 770 unus
1005 728 1208 780 militaris,
1241 730 1342 772 satis
1371 730 1621 781 notissimus,
1653 731 1741 772 viro

216 797 297 838 Dei
333 796 557 847 familiaris,
579 800 727 850 utpote
767 795 995 837 communis
1027 795 1219 837 amicitiae
1246 796 1305 837 illi
1333 796 1483 838 foedere
1513 797 1739 852 copulatus.

217 864 325 916 Quia
345 863 471 918 igitur
485 862 658 917 ingratae
679 861 902 903 occasionis
915 861 1136 903 necessitas
1157 877 1252 903 eum
1273 863 1487 918 compulit,
1503 863 1658 919 negotii
1679 862 1742 905 sui

217 944 383 971 causam
398 928 651 970 orationibus
667 928 772 970 servi
787 927 867 969 Dei
885 927 1175 970 commissurus
1190 928 1373 971 advenit.
1406 929 1743 984 Conquerebatur

216 995 327 1037 enim
354 995 629 1050 3aquilonales
650 995 804 1036 incolas
824 999 977 1035 terram
1002 995 1209 1048 quandam
1231 995 1308 1037 sibi
1328 995 1528 1038 violenter
1547 996 1742 1046 ablatam,

217 1077 341 1116 quam
346 1059 505 1116 judicio
512 1060 687 1117 justitiae
701 1059 863 1102 4debito
877 1061 953 1102 sibi
966 1061 1128 1102 restitui
1142 1062 1436 1116 postulaverat,
1454 1062 1747 1116 quaestionibus

217 1128 464 1170 absolutam.
526 1127 777 1169 Decidendae
800 1126 926 1182 igitur
946 1132 1214 1181 utrorumque
1241 1125 1480 1169 ⁵calumniae
1508 1128 1595 1170 dies
1621 1128 1744 1170 alter-

217 1195 323 1236 utris
346 1193 539 1250 praefixus
560 1198 622 1235 est
641 1210 652 1241 3
679 1198 720 1235 et
741 1193 833 1234 ideo
856 1193 965 1235 diem
986 1193 1255 1248 praeveniens,
1273 1194 1379 1236 servi
1395 1194 1476 1236 Dei
1492 1195 1746 1236 orationibus

219 1275 261 1303 se
282 1261 484 1302 attentius
516 1260 804 1302 commendare
833 1260 1067 1315 compulsus
1099 1265 1173 1301 est.
1236 1260 1420 1301 Domum
1450 1276 1546 1303 vero
1572 1260 1747 1311 rediens,

220 1327 292 1369 sed
315 1328 458 1368 statim
480 1327 659 1368 diluculo
688 1325 959 1381 proficiscens,
988 1331 1111 1367 nocte
1143 1326 1287 1367 eadem
1318 1327 1360 1368 in
1388 1331 1544 1368 secreto
1573 1327 1747 1368 thalami

221 1393 408 1435 cubiculo
428 1393 549 1434 uxori
572 1408 654 1435 suae
674 1397 939 1447 praeceperat,
972 1396 1020 1433 ut
1048 1407 1090 1434 se
1118 1392 1315 1447 profecto,
1348 1393 1492 1435 statim
1521 1408 1637 1435 servo
1668 1393 1748 1434 Dei

222 1460 325 1502 duos
358 1459 508 1501 solidos
538 1460 735 1509 mitteret,
774 1459 966 1512 quatinus
998 1474 1071 1513 pro
1102 1457 1189 1513 ejus
1220 1459 1386 1514 negotio
1409 1464 1527 1501 tanto
1559 1459 1748 1501 devotius

222 1531 413 1567 exoraret
431 1542 442 1573 ς
478 1541 578 1579 quos
605 1525 676 1566 illa
696 1525 889 1579 suscepit,
913 1529 1037 1578 atque
1059 1540 1151 1578 quae
1166 1523 1284 1580 jussa
1303 1525 1438 1567 fuerat
1459 1520 1686 1567 6facturam
1707 1540 1750 1567 56

221 1597 436 1647 gratanter
473 1591 709 1646 spopondit.
794 1589 1088 1632 Proficiscente
1131 1591 1214 1641 illo,
1252 1590 1404 1646 conjux
1440 1592 1522 1643 illa,
1566 1591 1750 1633 avaritiae

223 1658 373 1699 ancilla
393 1663 435 1699 et
456 1658 599 1713 ignota
622 1657 807 1698 caritatis
827 1656 972 1707 amica,
999 1657 1150 1698 solidos
1170 1658 1280 1712 ipsos
1301 1657 1391 1708 sibi,
1421 1659 1508 1699 viro
1530 1656 1617 1714 ejus
1637 1658 1752 1712 igno-

223 1729 355 1774 rante,
390 1724 576 1774 retinuit,
608 1739 657 1765 ac
689 1723 862 1778 privatis
897 1723 1038 1764 usibus
1070 1723 1308 1765 reservavit.
1371 1724 1548 1776 Querela
1577 1724 1751 1778 denique

227 1790 485 1832 defendentis
520 1805 569 1831 ac
599 1789 888 1831 calumniantis
919 1789 1037 1830 annis
1073 1789 1232 1831 duobus
1263 1789 1434 1844 integris
1468 1790 1639 1831 diducta
1674 1795 1749 1840 est,

224 1872 356 1911 neque
391 1855 498 1897 finiri
527 1856 691 1911 potuit:
726 1855 833 1910 quia,
870 1855 975 1896 sicut
1006 1870 1144 1896 rerum
1176 1855 1313 1897 exitus
1348 1855 1525 1908 edocuit,
1560 1856 1753 1898 effectum

226 1923 358 1978 operis
378 1928 595 1978 peccatum
616 1920 800 1977 conjugis
823 1921 1054 1976 impedivit.

299 1990 439 2043 §264.
478 1989 655 2030 Mittens
676 1988 851 2042 denique
873 1988 927 2029 ad
955 1987 1072 2028 illum
1099 2002 1262 2029 servum
1293 2003 1425 2039 suum,
1455 1989 1576 2043 coepit
1610 2003 1753 2043 rogare

230 2069 393 2097 servum
429 2055 510 2096 Dei
535 2060 582 2095 ut
612 2069 686 2109 pro
716 2055 882 2108 negotio
912 2068 985 2095 5110
1014 2054 1095 2095 Dei
1125 2054 1386 2095 clementiam
1416 2055 1673 2109 postularet3
1712 2061 1754 2095 et

230 2126 474 2162 excusatum
494 2121 609 2162 illum
630 2121 817 2169 haberet,
852 2135 899 2160 eo
931 2119 1042 2173 quod
1074 2119 1320 2173 quibusdam
1350 2120 1658 2175 impedimentis
1684 2136 1752 2161 ne-

231 2187 415 2229 cessariis
444 2187 681 2242 implicitus,
710 2186 796 2241 ipse
828 2185 967 2227 venire
999 2201 1081 2226 non
1117 2186 1333 2240 potuisset.
1394 2187 1467 2228 Ad
1503 2202 1592 2241 quae
1623 2187 1754 2228 subri-

232 2253 333 2295 dens
353 2253 416 2295 vir
436 2253 533 2302 Dei,
567 2253 642 2301 ait,
678 2256 702 2273 ‘⁶
720 2252 837 2293 Duos
858 2252 1009 2293 solidos
1030 2267 1129 2305 quos
1147 2252 1310 2293 biennio
1339 2253 1476 2308 elapso
1509 2254 1660 2294 Sancto
1682 2253 1712 2294 J
1716 2268 1757 2293 0-

230 2319 357 2360 hanni
387 2319 592 2374 Baptistae
612 2323 653 2359 et
673 2318 775 2359 mihi
807 2318 848 2358 in
881 2318 1003 2359 cubili
1036 2333 1108 2358 suo
1140 2318 1318 2369 devovit,
1355 2318 1526 2374 conjuge
1558 2334 1632 2361 sua
1666 2319 1756 2360 illos

234 2386 340 2426 clam
380 2401 428 2427 ac
470 2385 614 2427 furtim
649 2384 896 2434 occultante,
937 2384 1073 2424 adhuc
1107 2384 1225 2426 nobis
1259 2384 1461 2433 detinuit;
1499 2390 1540 2426 et
1573 2400 1640 2426 me
1672 2400 1756 2426 non

233 2456 394 2507 pacato,
416 2466 489 2506 per
517 2466 584 2492 me
616 2450 842 2491 Dominum
875 2465 1022 2504 pacare
1055 2450 1200 2505 cupit?
1259 2450 1353 2491 Non
1382 2456 1523 2492 tamen
1554 2451 1647 2492 ideo
1676 2451 1756 2492 ista

236 2518 328 2559 dico
364 2517 479 2572 quasi
500 2517 579 2559 11115
601 2517 821 2571 indigeam,
845 2531 916 2557 5611
937 2531 1085 2557 avarus
1109 2517 1447 2571 concupiscentiae
1471 2517 1662 2558 adulator
1687 2532 1759 2557 ex-

232 2584 390 2626 sistam.
459 2584 619 2638 Nempe
640 2583 674 2625 si
697 2582 849 2624 Sancto
871 2582 901 2623 J
905 2582 1056 2623 ohanni
1079 2582 1279 2637 Baptistae
1300 2583 1418 2624 solidi
1446 2583 1524 2638 ipsi
1553 2583 1667 2625 missi
1693 2583 1758 2624 fu-

278 2709 288 2730 ¹
316 2709 463 2753 Chapter
481 2707 693 2742 CXXVIII.
708 2707 742 2740 in
753 2706 809 2740 the
828 2705 924 2740 Harl.
937 2705 1011 2740 MS.

278 2755 291 2773 ²
313 2753 593 2800 Tantoperosius]
622 2754 731 2787 Tanto
749 2753 932 2798 operosius,
953 2753 1000 2785 Η.
1007 2765 1016 2795 ;
1041 2758 1135 2786 tanto
1152 2752 1314 2798 perosius,
1337 2753 1378 2786 B.

277 2801 291 2822 ³
307 2800 545 2846 Aquilonales]
570 2800 671 2845 Apud
689 2799 875 2844 aquilonas,
896 2799 943 2832 H.
1124 2800 1135 2818 ⁴¹
1156 2798 1309 2844 Debita]
1334 2798 1457 2831 Debito
1468 2798 1556 2841 juris
1574 2797 1649 2840 sibi,
1666 2796 1713 2830 H.

280 2848 292 2866 ⁵
313 2847 523 2893 Calzmmiae]
550 2847 612 2880 See
631 2845 649 2891 ᾧ
670 2848 747 2880 124.
1124 2845 1136 2864 ⁰
1157 2844 1367 2889 Facturum]
1395 2845 1592 2887 Facturum,
1609 2843 1683 2877 MS.
