1839 3186
544 243 602 273 ΕΤ
638 241 905 274 MIRACULIS
942 241 976 273 s.
1004 241 1223 272 eonium.
1569 228 1649 269 199

111 445 196 470 CAP.
219 444 299 471 XCI.
360 443 686 473 QUEMADMODUM
718 443 912 469 DIABOLUS
961 442 1115 468 FURENS
1158 441 1242 466 CUM
1291 440 1458 465 FRAMEA
1505 440 1645 465 IGNITA

169 511 303 536 VIRUM
334 511 402 535 DEI
433 509 672 546 IMPET1V1T;
706 511 754 535 ET
786 510 874 535 ILLE
906 509 1041 535 NUDUs
1063 507 1220 534 CONTRA
1250 507 1378 532 ILLUM
1401 505 1642 541 PROSILIENS,

167 578 237 603 DIU
268 578 371 603 ERGA
407 577 531 603 IPSUM
562 576 776 603 CONFLIXIT
808 576 941 606 ATQUE
970 558 1240 603 CONTENDIT.l

169 679 310 732 §isa
348 678 437 720 Nnc
467 678 523 720 sic
563 693 589 720 a
619 693 693 720 sua
738 676 922 732 nequitia
961 676 1157 732 pestifera
1200 675 1377 725 destitit,
1418 673 1491 716 sed
1535 687 1643 713 nova

107 760 267 800 semper
304 744 503 800 figmenta
545 745 741 786 adversus
771 745 906 786 virum
940 743 1020 785 Dei
1059 743 1305 785 construxit.
1376 741 1482 783 Cum
1514 740 1642 795 igitur

109 817 202 866 post
224 812 362 853 omnia
384 812 568 853 enervari
583 812 689 853 vires
711 826 805 853 suas
826 811 1038 865 conspicit,
1059 810 1240 864 quadam
1261 810 1327 851 die
1346 808 1446 849 dum
1467 807 1576 849 solus
1599 806 1642 847 in

109 879 282 933 grabato
305 878 580 928 decubuisset,
611 879 798 920 diabolus
819 893 860 919 se
882 882 997 919 totus
1027 876 1273 918 furibundus
1294 877 1337 917 in
1360 875 1477 917 illum
1508 874 1641 928 inges-

110 945 177 986 sit.
245 945 311 986 De
350 946 487 987 medio
524 960 620 1001 ergo
661 945 800 1000 anguli
843 944 1001 1000 pariete
1038 943 1264 999 prosiliens,
1309 956 1448 984 coram
1488 940 1640 982 lectulo

109 1011 235 1066 ipsius
261 1012 412 1053 acriter
432 1012 690 1067 proclamans
722 1011 924 1059 constitit,
948 1016 989 1052 et
1016 1026 1103 1065 prae
1134 1010 1325 1051 manibus
1355 1009 1543 1050 2frameae
1575 1023 1638 1048 ar-

108 1078 243 1120 dentis
267 1079 503 1120 macheram
533 1078 575 1119 in
611 1083 736 1133 caput
760 1078 866 1119 servi
893 1077 974 1118 Dei
996 1077 1156 1118 vibrare
1178 1076 1405 1117 contendit.
1476 1075 1546 1115 Ex
1570 1089 1639 1115 ore

108 1145 234 1199 ipsius
277 1145 424 1186 fornax
459 1145 747 1187 voracissimus
794 1144 1093 1200 egrediebatur,
1131 1148 1172 1184 et
1216 1143 1427 1184 oculorum
1459 1141 1639 1183 latitudo

107 1211 282 1252 duorum
308 1212 543 1253 cubitorum
572 1226 807 1253 mensuram
841 1210 1080 1266 supergredi
1105 1210 1363 1251 credebatur.
1436 1213 1461 1231 ‘⁶
1488 1207 1640 1257 Ecce,''

107 1277 306 1332 inquiens,
349 1283 374 1301 ‘⁶
399 1278 435 1319 O
454 1278 645 1328 Godrice,
678 1293 753 1333 ego
785 1278 1019 1319 daemonum
1050 1277 1252 1332 princeps,
1284 1281 1326 1317 te
1352 1291 1423 1331 per
1455 1275 1639 1316 medium

106 1350 291 1387 secturus
318 1345 505 1396 advenio,
532 1350 573 1386 et
595 1345 718 1386 modo
740 1345 931 1399 spiritum
954 1349 1075 1385 tuum
1105 1359 1269 1385 mecum
1290 1343 1345 1384 ad
1365 1347 1525 1384 tartara
1547 1357 1639 1396 rap-

106 1416 224 1453 turus
244 1412 431 1454 assisto.''
503 1411 828 1466 Macheramque
851 1426 967 1453 suam
989 1412 1030 1452 in
1052 1410 1206 1452 vertice
1221 1409 1400 1466 jacentis
1419 1424 1522 1464 pene
1544 1424 1638 1450 con-

104 1479 236 1528 torsit,
274 1483 315 1520 et
347 1494 416 1520 ore
447 1479 592 1521 rabido
623 1493 717 1520 cum
753 1478 972 1533 praeacutis
1003 1478 1210 1533 unguibus
1246 1477 1361 1531 quasi
1387 1475 1477 1532 jam
1502 1476 1638 1530 ipsum

104 1545 371 1600 absorpturus
402 1544 613 1601 3irruguit.
677 1544 829 1586 Servus
851 1560 946 1587 vero
979 1544 1073 1594 Dei,
1112 1545 1181 1599 qui
1212 1543 1488 1598 quinquennio
1526 1543 1639 1597 prius

105 1617 253 1653 exacto
274 1612 352 1654 nisi
374 1612 544 1654 alterius
574 1612 873 1654 sustentamine
904 1611 955 1653 de
990 1611 1141 1653 lectulo
1178 1626 1250 1652 suo
1278 1626 1361 1651 non
1388 1614 1636 1659 surrexerat,

104 1679 214 1720 solus
253 1684 422 1734 repente
465 1694 626 1721 sursum
671 1679 868 1720 adversus
916 1694 1011 1720 eum
1056 1683 1315 1733 pugnaturus
1356 1676 1601 1718 4assistebat
1628 1691 1638 1728 ;

105 1750 273 1799 eratque
294 1746 429 1787 nudus
453 1751 542 1787 toto
564 1761 747 1800 corpore,
768 1746 864 1799 quia
885 1761 968 1800 pree
1000 1745 1149 1786 diutini
1167 1744 1376 1799 languoris
1395 1743 1638 1798 intemperie

106 1812 258 1854 nullius
280 1817 379 1853 tunc
406 1813 651 1868 operimenti
682 1812 927 1853 indumenta
948 1816 1112 1867 poterat
1135 1811 1349 1852 sustinere.
1420 1810 1501 1863 Qui
1525 1810 1638 1851 velut

106 1879 267 1919 athleta
299 1879 546 1921 fortissimus
579 1879 715 1921 nudus
751 1894 845 1919 cum
881 1879 992 1919 nudo
1027 1878 1163 1919 dirum
1199 1883 1408 1918 certamen
1436 1876 1556 1928 iniit;
1595 1881 1637 1917 et

108 1945 250 1987 Crucis
290 1946 405 2001 signo
436 1947 549 2001 prius
576 1945 830 2000 interposito,
856 1945 913 1987 sic
938 1945 1199 1986 reclamando
1235 1944 1307 1996 ait,
1343 1948 1368 1966 “
1392 1943 1428 1984 Ο
1447 1944 1637 1998 princeps

103 2012 264 2053 funeste
286 2012 532 2063 daemonum,
559 2012 711 2054 frustra
731 2013 773 2053 in
793 2027 859 2053 me
882 2012 1063 2063 desaevis,
1088 2013 1183 2066 quia
1206 2011 1476 2052 Defensorem
1496 2025 1635 2052 meum

102 2079 233 2120 habeo
256 2079 483 2120 Dominum
500 2080 530 2120 J
534 2095 648 2121 esum
671 2078 925 2121 Christum.'’

164 2146 306 2200 §190
339 2146 549 2188 Clamores
586 2146 714 2201 igitur
749 2146 800 2186 de
840 2146 949 2187 intro
993 2144 1243 2186 certantium
1283 2144 1366 2185 late
1410 2143 1635 2185 forinsecus

104 2212 237 2253 audiri
258 2217 480 2267 poterant3
517 2213 626 2267 quod
653 2212 906 2267 comperiens
934 2212 1102 2266 quidam
1133 2212 1414 2252 ministrorum
1441 2211 1632 2261 accurrit,

104 2283 145 2320 et
166 2279 254 2320 haec
273 2279 569 2321 tremebundus
590 2280 766 2334 aspexit.
830 2279 988 2334 Pugnae
1011 2279 1129 2320 istius
1151 2278 1356 2333 singulare
1381 2282 1590 2319 certamen
1610 2293 1636 2318 a

102 2346 236 2400 prima
264 2345 344 2387 diei
365 2347 466 2387 hora
487 2347 708 2401 inceperat,
733 2351 774 2386 et
798 2346 909 2387 ultra
932 2361 1084 2386 nonam
1120 2345 1247 2400 ipsius
1275 2345 1355 2385 diei
1376 2349 1634 2400 protractum

103 2412 382 2466 perdurabat;
415 2412 627 2467 tribusque
651 2413 767 2453 illum
796 2412 953 2453 vicibus
980 2426 1196 2467 aggressus
1215 2416 1290 2461 est,
1313 2416 1354 2452 et
1377 2426 1539 2466 semper
1572 2426 1633 2451 re-

103 2479 287 2520 luctante
323 2479 454 2520 milite
493 2479 659 2529 Christi,
699 2479 886 2520 devictus
929 2484 1003 2520 est.
1068 2478 1205 2519 Voces
1232 2493 1328 2519 vero
1364 2478 1633 2518 clamantium

102 2545 325 2587 forinsecus
349 2545 463 2600 quasi
485 2546 539 2586 ad
564 2546 739 2587 invicem
761 2545 1052 2586 altercantium
1075 2544 1365 2600 personabant,
1394 2549 1435 2585 et
1457 2544 1551 2585 lites
1586 2558 1634 2584 ac

105 2610 317 2653 conflictus
351 2612 578 2654 horrendos
607 2612 708 2654 satis
739 2612 941 2668 pertinaci
963 2611 1100 2653 studio
1122 2611 1318 2653 acerrime
1339 2609 1355 2632 ⁵
1369 2611 1632 2651 dirimebant.

152 2722 161 2741 ¹
189 2721 336 2767 Chapter
354 2723 489 2758 XCIX.
508 2723 541 2756 in
560 2722 617 2756 the
636 2722 731 2756 Harl
750 2722 827 2755 MS.

150 2768 163 2786 ²
182 2768 355 2815 Frameae]
384 2770 561 2803 “Fialnea
579 2775 629 2802 est
646 2768 778 2813 gladius
802 2780 843 2801 ex
863 2773 1004 2812 utraque
1029 2773 1123 2812 palte
1152 2773 1283 2810 acutus,
1302 2778 1402 2811 quam
1429 2766 1527 2811 vulgo
1553 2767 1635 2812 Spa-

103 2820 172 2847 tam
190 2816 347 2848 vocant.”
375 2816 534 2849 Vincent.
554 2815 724 2849 Bcllovac.
744 2815 840 2860 Spcc.
860 2814 960 2848 Doct.
979 2814 1027 2847 xi.
1044 2816 1099 2857 33,
1118 2825 1150 2858 p.
1172 2816 1272 2847 1014.
1337 2813 1400 2846 Sec
1422 2795 1504 2846 alsoU
1516 2813 1636 2859 Regin.

106 2860 145 2894 de
163 2861 196 2893 S.
211 2861 389 2895 Cuthberti
408 2863 528 2896 Mirac.
546 2874 579 2907 p.
599 2862 653 2896 67.

150 2907 163 2925 ³
182 2906 366 2954 Imztguit]
395 2908 476 2950 Irrig
461 2909 543 2949 fruit,
565 2908 611 2942 H.
984 2904 1227 2951 wlsi-istebat]
1258 2905 1454 2949 Constabat,
1476 2906 1523 2940 H.

149 2954 161 2972 ⁵
183 2953 418 2998 Die-imelmnffl
442 2951 500 2996 H.
527 2934 780 2997 dirimebantur,
802 2954 844 2987 Β.
