1839 3186
580 200 639 231 ET
675 199 940 231 MIRACULIS
977 200 1011 231 s.
1045 200 1259 233 GODRICI.
1605 196 1688 236 453

151 304 295 346 fectus.
360 304 441 356 Qui
462 304 518 345 ibi
540 319 612 358 per
636 304 773 359 plures
795 319 923 344 annos
945 304 1111 358 degens,
1136 310 1176 345 et
1199 305 1423 345 multorum
1447 305 1685 348 clericorum

151 371 428 425 probabilium
454 385 502 411 ac
524 370 791 411 honestorum
815 369 891 411 sibi
915 384 989 411 sua
1019 371 1230 424 probitate
1260 371 1440 425 gratiam
1471 374 1686 424 asciscens,

151 437 321 478 tandem
339 437 351 458 ¹
367 436 555 492 magistri
579 436 768 485 Gerardi,
795 436 871 477 viri
895 436 959 477 his
979 437 1235 491 temporibus
1259 437 1590 493 incomparandae
1613 441 1689 481 sci-

150 504 274 544 entiae
297 509 338 545 et
362 503 619 557 eloquentiae,
650 502 920 543 familiaribus
953 503 1157 556 obsequiis
1189 507 1229 543 et
1261 503 1500 546 ministeriis
1532 511 1594 547 est
1617 507 1686 547 de-

149 569 324 611 vinctus.
374 569 458 610 Hic
479 586 552 624 per
573 584 702 610 annos
724 569 827 610 duos
848 569 972 610 febris
994 574 1204 623 quaternae
1226 570 1491 612 inclementia
1501 570 1594 627 jugi
1618 573 1686 613 de-

149 641 304 685 coctus,
328 637 442 677 nulla
463 636 627 677 0111111110
648 635 904 677 111οἆ100111111
925 635 1270 690 peritissimorum
1291 637 1558 690 frequentiori
1580 639 1688 680 solli-

150 703 333 744 citudine
350 703 415 744 vel
437 703 642 744 industria
663 703 704 743 in
726 702 865 757 aliquo
889 707 950 744 est
972 702 1191 744 relevatus.
1245 702 1385 745 Crevit
1408 704 1535 758 igitur
1554 706 1687 759 quoti-

149 769 214 810 die
236 770 368 810 morbi
390 770 671 811 insolescentis
701 774 851 824 arguta
881 769 1121 811 stimulandi
1142 769 1336 820 versutia,
1370 776 1411 811 et
1436 786 1556 812 omne
1585 788 1686 827 prae-

147 837 348 877 tereuntis
362 837 461 878 vitae
484 837 665 891 spatium
680 837 716 877 ei
737 836 1020 877 lamentabilia
1039 842 1299 878 converterat
1316 837 1371 878 ad
1387 842 1615 887 tormenta;
1644 845 1685 880 et

147 903 218 943 ubi
240 903 442 945 hactenus
472 903 604 944 omnis
626 902 851 957 disciplinae
880 902 1137 944 medicinalis
1167 903 1336 958 aegrotis
1360 905 1572 946 consuevit
1598 921 1684 947 esse

146 969 354 1024 professiO,
373 969 430 1010 ibi
451 968 574 1025 hujus
595 968 745 1010 infirmi
762 968 875 1010 nulla
895 969 1055 1023 exquiri
1073 969 1137 1010 vel
1155 969 1386 1011 adinveniri
1405 976 1569 1025 poterat
1591 988 1685 1013 con—

148 1036 361 1078 solationis
386 1036 617 1077 subventio.
673 1035 871 1076 Omnium
897 1035 1072 1089 denique
1094 1036 1347 1077 medicorum
1371 1038 1574 1092 generalis
1596 1054 1684 1080 sen-

148 1103 282 1143 tentia
303 1102 479 1153 exstitit,
503 1107 545 1143 et
567 1103 608 1144 in
632 1102 710 1143 hoc
732 1102 960 1143 communis
984 1102 1210 1143 multorum
1229 1101 1412 1144 definitio
1434 1104 1568 1158 perita
1589 1121 1683 1146 0011-

148 1169 286 1220 sensit,
307 1174 510 1223 quatenus
529 1174 706 1224 aegrotus
721 1184 844 1223 quam
867 1168 988 1209 citius
1009 1168 1160 1209 natalis
1181 1169 1255 1210 soli
1278 1168 1378 1211 fines
1399 1169 1546 1221 adiret,
1565 1177 1605 1213 et
1627 1172 1683 1214 ibi

147 1236 249 1277 cibis
271 1235 417 1290 quibus
438 1251 463 1277 a
484 1235 662 1291 pueritia
684 1236 808 1277 alitus
828 1236 976 1285 fuerat,
1002 1240 1100 1276 ante
1125 1236 1263 1276 omnia
1283 1236 1530 1291 indulgeret,
1574 1238 1684 1279 Nam

150 1307 196 1343 ut
218 1302 392 1358 physica
422 1303 528 1344 ratio
551 1308 821 1352 contestatur,
847 1302 991 1343 crebro
1014 1300 1314 1343 infirmantium
1337 1303 1452 1344 cibus
1482 1305 1683 1346 naturalis

147 1368 352 1410 medicina
374 1369 542 1410 celerior
563 1384 648 1411 esse
670 1374 857 1424 putatur.

207 1436 229 1490 ξ
252 1437 350 1477 580.
383 1435 568 1488 Quorum
599 1436 730 1477 fretus
752 1435 920 1477 consilio
941 1434 1041 1476 fines
1067 1435 1253 1490 proprios
1275 1436 1510 1492 Anglorum
1534 1438 1680 1489 adivit,

147 1506 188 1543 et
209 1503 407 1544 maternis
427 1518 500 1558 per
521 1503 678 1557 aliquot
699 1517 860 1544 menses
880 1517 978 1543 usus
1003 1502 1115 1553 cibis,
1142 1502 1246 1543 nihil
1277 1508 1418 1545 tamen
1449 1505 1621 1547 remedii
1640 1507 1681 1547 in

147 1584 289 1610 00111111
309 1574 434 1624 gustu
460 1569 632 1624 adipisci
653 1569 883 1624 praevaluit.
946 1568 1134 1610 Tandem
1157 1569 1412 1611 Dunelmum
1435 1572 1616 1622 veniens,
1640 1578 1682 1613 et

147 1635 198 1676 de
219 1636 332 1677 beati
356 1635 524 1677 Godrici
545 1636 770 1678 virtutibus
794 1636 879 1677 sive
900 1635 1109 1676 miraculis
1140 1637 1337 1677 nonnulla
1362 1653 1387 1678 a
1407 1638 1682 1680 referentibus

146 1702 332 1751 audiens,
356 1702 425 1743 illo
456 1701 657 1757 proficisci
683 1703 911 1757 disposuit3
947 1717 1026 1756 quo
1059 1707 1100 1743 et
1131 1701 1219 1756 ipso
1242 1702 1309 1744 die
1337 1703 1399 1745 sui
1430 1719 1618 1747 accessus
1640 1721 1682 1747 se

144 1769 426 1823 profecturum
459 1769 654 1810 instituit.
717 1769 827 1809 Nam
856 1769 1001 1810 horam
1032 1768 1164 1823 ipsam
1195 1769 1250 1810 ad
1281 1768 1368 1825 ejus
1398 1771 1681 1813 honorabilem

146 1836 335 1876 tumbam
358 1836 612 1878 orationibus
632 1835 943 1890 transigendam
965 1834 1188 1890 delegerat,
1208 1840 1249 1876 et
1271 1836 1328 1877 sic
1350 1837 1481 1878 sancti
1503 1838 1580 1879 viri
1602 1839 1680 1880 cle-

145 1902 346 1943 mentiam
368 1902 446 1944 sibi
467 1902 695 1944 adinveniri
717 1902 938 1958 propitiam
961 1903 1201 1956 exoptabat.
1271 1903 1379 1955 Quia
1399 1904 1527 1959 igitur
1547 1920 1681 1947 acces-

145 1983 213 2010 sus
234 1968 342 2010 illius
362 1969 464 2010 hora
489 1969 597 2010 circa
623 1968 838 2010 meridiem
870 1967 956 2009 fieri
979 1968 1137 2017 debuit,
1159 1968 1237 2010 iste
1267 1970 1525 2012 matutinalis
1556 1972 1680 2026 pluri-

145 2050 260 2076 mum
282 2036 473 2086 surrexit,
497 2040 538 2077 et
563 2037 709 2077 horam
736 2036 965 2090 praevenire
986 2050 1218 2089 proponens
1248 2035 1302 2076 ad
1332 2051 1478 2078 nemus
1498 2037 1679 2080 vicinum

143 2102 393 2156 properavit,
411 2102 453 2143 in
470 2101 585 2158 cujus
597 2101 689 2158 jam
707 2101 881 2143 confinio
895 2101 1054 2157 positus
1072 2106 1190 2142 tanto
1208 2103 1329 2157 coepit
1351 2103 1513 2158 frigoris
1534 2104 1680 2146 ardore

145 2168 348 2209 stimulari
392 2169 502 2223 quod
537 2184 619 2210 non
656 2173 849 2224 potuerat
886 2168 964 2209 11101
998 2167 1221 2209 calefactus
1256 2169 1430 2211 ulterius
1470 2172 1676 2225 progredi.

146 2234 294 2289 Itaque
317 2234 367 2275 de
390 2250 493 2289 equo
518 2235 770 2277 descendens
790 2240 831 2276 et
853 2249 1023 2276 accenso
1045 2234 1135 2275 foco
1157 2250 1209 2275 ex
1234 2235 1416 2278 collectis
1446 2238 1678 2288 sarmentis,

145 2316 193 2342 ac
217 2316 258 2343 se
283 2301 523 2355 aliquandiu
544 2303 676 2343 calore
699 2301 932 2343 desiderato
953 2299 1151 2350 reficiens,
1176 2301 1344 2343 demum
1366 2318 1517 2357 equum
1540 2319 1679 2345 ascen-

144 2366 245 2409 dens
276 2383 354 2421 quo
382 2368 618 2423 properavit
647 2367 829 2417 advenit,
856 2372 896 2408 et
927 2367 982 2407 ad
1012 2368 1201 2408 tumbam
1222 2368 1298 2409 viri
1321 2369 1400 2410 Dei
1424 2369 1606 2412 residens
1637 2377 1678 2412 et

143 2434 288 2474 horam
310 2434 540 2489 exspectati
562 2449 749 2476 accessus
773 2434 1064 2489 pertransiens,
1096 2434 1199 2475 nihil
1221 2435 1388 2476 omnino
1411 2436 1462 2476 de
1490 2437 1677 2491 passione

144 2500 266 2541 solita
286 2501 494 2551 sustinuit,
515 2501 587 2542 sed
607 2516 739 2555 neque
763 2500 917 2554 aliquid
940 2500 990 2541 de
1015 2501 1192 2542 stimulis
1217 2501 1473 2556 aegritudinis
1497 2504 1677 2557 antiquae

191 2625 199 2643 ¹
220 2621 385 2667 Magistri
406 2620 583 2668 Gerardt]
611 2621 760 2666 Perhaps
779 2619 943 2653 Girardus
958 2619 1087 2663 Puella,
1100 2619 1230 2662 Bishop
1248 2620 1285 2653 of
1299 2620 1476 2663 Lichfield,
1492 2624 1676 2657 A.1>.1182.

143 2668 313 2713 Speaking
330 2668 368 2701 of
391 2668 463 2701 him
489 2668 555 2701 and
582 2668 681 2701 Peter
698 2668 736 2700 of
759 2667 864 2709 Blois,
882 2666 958 2699 who
976 2677 1062 2699 were
1087 2665 1144 2699 the
1170 2666 1295 2699 friends
1314 2667 1351 2699 of
1376 2667 1516 2710 Becket,
1542 2668 1677 2702 Thorne

142 2714 221 2747 thus
239 2715 360 2757 writes,
380 2715 414 2747 in
431 2720 535 2747 terms
554 2714 665 2747 which
691 2712 894 2758 correspond
911 2712 993 2745 with
1019 2712 1077 2745 the
1094 2712 1207 2745 notice
1226 2712 1263 2745 of
1282 2712 1339 2746 the
1357 2719 1430 2746 text
1448 2726 1454 2748 :
1483 2715 1503 2731 ‘⁶
1519 2714 1677 2748 Habebat

143 2761 234 2793 enirn
252 2766 332 2794 tunc
350 2760 532 2806 praedictus
556 2760 829 2805 archiepiscopus
856 2759 940 2792 duos
959 2758 1215 2801 commensales,
1243 2758 1394 2803 clericos,
1418 2766 1451 2792 at
1469 2760 1568 2805 vulgo
1586 2761 1677 2794 dice-

143 2806 264 2840 bantur
276 2807 363 2850 juris
382 2807 516 2850 peritos,
537 2807 687 2840 veritatis
705 2812 818 2840 tamen
837 2811 870 2838 et
888 2807 993 2849 justae
1005 2805 1152 2848 justitiae
1169 2804 1319 2848 aemulos,
1338 2805 1537 2850 magistrum
1556 2807 1678 2840 Gerar-

144 2852 224 2886 (111111
249 2853 290 2886 (10
309 2853 428 2886 Puella
445 2859 477 2886 et
496 2853 635 2886 Petrum
662 2853 874 2886 Blcsensem.
924 2851 970 2884 Hi
998 2851 1064 2883 duo
1087 2851 1173 2884 inter
1199 2863 1315 2884 omnes
1341 2852 1459 2885 mundi
1483 2858 1564 2886 tunc
1590 2860 1677 2887 tem-

140 2899 229 2944 poris
248 2899 512 2943 aestimabantur,
531 2911 592 2933 nec
610 2899 792 2941 immerito,
812 2897 1095 2943 eloquenti01·eS.''
1147 2897 1274 2931 Decem
1294 2898 1428 2943 Script.,
1448 2899 1510 2934 col.
1528 2902 1628 2934 1821.
