1839 3186
538 228 596 259 ET
634 228 901 260 MIRAoUms
939 229 971 260 s.
999 228 1212 260 00011101.
1561 221 1643 260 413

106 333 232 388 ipsius
260 332 481 382 convaluit,
507 332 756 386 domumque
789 332 1037 387 regrediens,
1068 332 1156 386 ipso
1179 332 1244 373 die
1266 333 1529 387 regressionis
1560 348 1643 374 suae

107 400 161 440 ad
185 414 376 453 agrorum
407 413 608 439 messores
633 413 862 453 progressa,
886 398 1025 453 fruges
1045 396 1136 453 jam
1161 404 1392 440 maturatas
1421 414 1514 440 cum
1545 400 1644 454 ipsis

107 466 284 507 secando
307 470 348 506 et
373 464 594 505 adunando
619 465 798 519 collegit.
860 464 1020 516 Quibus
1042 465 1194 505 domna
1222 464 1330 506 illius
1365 465 1518 507 auditis
1543 480 1643 506 mox

110 531 262 572 direxit
301 531 471 572 nuncios
505 532 573 584 qui
611 530 644 572 si
679 531 761 572 ista
795 546 893 573 vera
928 531 1114 580 fuissent,
1148 531 1417 584 inquirerent,
1453 536 1494 572 et
1530 531 1643 573 illam

110 613 249 639 secum
280 598 334 638 ad
364 597 502 638 aulam
533 602 821 638 convocarent.
884 597 985 649 Quae
1008 597 1059 638 de
1088 598 1153 638 his
1183 597 1409 652 perquisita
1433 613 1480 638 ac
1505 610 1644 639 secum

108 664 322 718 perducta,
347 664 586 718 petentibus
618 664 776 712 multis,
803 663 946 705 statim
974 663 1091 705 ulcus
1114 664 1224 717 quod
1244 663 1400 705 diutius
1428 669 1644 718 patescens

101 730 267 771 horride
290 730 478 771 hiaverat
499 745 547 770 ac
569 730 831 784 putredinem
856 731 1051 771 continue
1075 730 1361 780 distillaverat,
1386 730 1643 771 denudatum

108 797 302 851 protulit;
343 797 452 850 quod
474 796 632 837 cunctis
657 796 920 846 testantibus,
946 792 1035 852 jam
1064 796 1275 846 siccatum,
1300 797 1496 847 clausum,
1520 801 1644 851 atque

109 868 300 904 sanatum
323 863 567 917 comparuit.
631 863 719 903 Nec
741 878 766 904 a
796 863 861 903 die
883 863 953 903 illa
974 863 1038 904 vel
1062 863 1254 918 deinceps
1283 864 1450 918 aliquod
1479 863 1642 918 pristini

110 930 319 984 languoris
351 930 393 970 in
430 944 472 970 50
505 930 632 970 sensit
671 929 860 970 residisse
896 929 1149 984 periculum;
1189 930 1285 984 quia
1319 945 1392 984 per
1423 930 1535 971 beati
1566 930 1644 972 viri

107 996 300 1036 meritum
324 996 501 1037 sanitate
526 1000 704 1050 recepta,
726 996 884 1036 nullum
902 996 1068 1036 0111111110
1088 1001 1231 1050 postea
1252 997 1379 1038 sensit
1400 997 1441 1037 in
1463 1011 1504 1038 se
1525 997 1643 1052 aegri-

109 1062 265 1103 tudinis
287 1062 477 1103 residisse
498 1062 748 1103 incendium.
821 1060 960 1116 Hujus
990 1062 1175 1103 miraculi
1201 1068 1265 1104 tot
1287 1068 1415 1104 testes
1446 1063 1644 1104 assistunt

108 1133 208 1182 quot
232 1128 359 1183 ipsius
381 1128 487 1169 villae
510 1128 641 1169 coloni
665 1127 925 1170 ¹consistunt.

438 1242 567 1268 CXXXI.
600 1243 652 1267 DE
683 1243 804 1268 MANU
836 1243 1067 1268 CONTRACTA
1101 1243 1307 1269 MULIERIS.

168 1310 306 1362 §499.
340 1310 513 1351 MULIER
535 1309 725 1364 quaedam
748 1309 798 1350 de
828 1310 1062 1364 longinquis
1092 1308 1242 1352 finibus
1273 1311 1314 1351 in
1338 1310 1521 1353 Cravene
1553 1328 1644 1367 pro-

111 1377 246 1418 vincia
285 1377 432 1432 posita,
475 1376 619 1417 multis
659 1391 861 1417 annorum
902 1375 1234 1418 interfluentibus
1274 1378 1484 1420 curriculis
1524 1379 1644 1420 unius

107 1458 256 1484 manus
282 1447 506 1484 contractae
530 1442 747 1484 laborabat
770 1442 1047 1492 incommodo,
1072 1441 1189 1498 cujus
1213 1443 1434 1485 Qintortam
1458 1451 1642 1486 contrac-

109 1510 266 1551 tionem
288 1510 401 1551 nulla
421 1524 605 1563 unquam
623 1509 879 1550 medicorum
901 1510 1044 1550 crebro
1066 1510 1256 1551 adhibita
1276 1511 1458 1552 relevare
1480 1517 1644 1567 poterat

109 1577 357 1618 sollicitudo.
428 1575 534 1616 Haec
577 1575 667 1617 aliis
708 1591 799 1617 eam
840 1576 1149 1630 instigantibus,
1192 1577 1246 1617 ad
1288 1577 1431 1618 Sancti
1474 1579 1643 1620 Godrici

108 1643 253 1684 limina
288 1642 505 1685 invisenda
542 1647 604 1683 est
637 1642 833 1696 profecta,
870 1643 942 1684 sed
977 1643 1155 1697 fatigata
1189 1658 1242 1683 ex
1285 1643 1469 1685 diuturni
1503 1646 1642 1686 labore

109 1709 280 1760 itineris,
307 1709 419 1764 apud
444 1709 639 1749 Neutune
661 1709 859 1756 villulam,
891 1724 973 1749 uno
1007 1709 1091 1749 fere
1121 1709 1296 1750 miliario
1319 1710 1372 1751 ab
1399 1709 1485 1766 ejus
1510 1713 1643 1766 sepul-

111 1776 209 1816 chro
231 1776 472 1823 distantem,
494 1775 682 1815 membra
703 1775 852 1828 quietis
874 1775 958 1815 otio
989 1775 1172 1816 refotura
1194 1776 1364 1817 divertit
1393 1792 1486 1818 cum
1511 1778 1642 1827 sociis,

111 1843 259 1896 quibus
290 1841 529 1895 aliquandiu
550 1855 602 1881 ex
627 1841 869 1882 lassitudine
895 1841 1098 1891 relevatis,
1123 1857 1278 1897 coepere
1301 1843 1468 1896 quidam
1491 1844 1644 1885 sociam

111 1923 229 1949 suam
251 1923 511 1949 commonere
532 1907 644 1948 ocius
666 1922 748 1948 una
769 1923 862 1948 cum
884 1907 982 1962 ipsis
1004 1923 1260 1963 consurgere,
1280 1914 1320 1949 et
1341 1909 1488 1950 itinere
1508 1917 1644 1951 matu-

110 1981 202 2016 rato
224 1975 278 2015 ad
299 1975 390 2016 loca
414 1974 623 2015 destinata
653 1975 887 2028 procedere.
938 1975 1000 2014 At
1022 1974 1092 2015 illa
1113 1975 1209 2028 quia
1230 1976 1376 2017 ceteris
1398 1976 1646 2019 discalciatis

111 2056 195 2082 una
217 2056 311 2082 cum
332 2040 431 2096 ipsis
453 2055 494 2081 se
517 2040 842 2091 discalciaverat,
867 2041 962 2094 quia
986 2047 1113 2082 aestus
1134 2041 1418 2083 vehementior
1438 2043 1515 2083 hoc
1536 2043 1645 2098 ipsos

111 2107 270 2149 efficere
301 2112 597 2156 coarctaverat,
629 2107 776 2148 ceteris
807 2122 849 2148 se
877 2107 1193 2149 recalciantibus
1223 2108 1301 2149 hoc
1328 2108 1439 2149 idem
1461 2110 1582 2164 coepit
1605 2115 1645 2150 et

110 2175 200 2229 ipsa
222 2174 333 2215 ocius
353 2189 556 2223 exercere,
579 2189 785 2227 manuque
808 2178 1023 2214 contracta
1043 2174 1096 2214 ad
1118 2175 1341 2215 sotularem
1362 2181 1564 2229 porrecta,
1583 2176 1644 2216 in-

112 2241 290 2282 clamare
312 2241 433 2295 coepit
463 2245 503 2280 et
532 2240 679 2290 dicere,
705 2239 898 2281 “Sancte
923 2240 1003 2280 Dei
1033 2240 1224 2290 Godrice,
1257 2240 1421 2296 adjuva,
1457 2248 1644 2297 protege,

159 2328 169 2346 ¹
200 2327 422 2373 consistunt]
448 2328 543 2361 Thus
557 2328 711 2361 narrated
725 2329 759 2361 in
773 2328 830 2361 the
850 2328 1012 2362 Harleian
1024 2330 1232 2375 manuscript
1249 2343 1254 2364 :
1282 2331 1441 2375 “Agnes,
1459 2343 1545 2364 uxor
1558 2332 1645 2365 Gos-

113 2375 233 2420 patrici
247 2374 285 2408 dc
302 2374 494 2417 Carletuna,
509 2381 675 2408 tumorem
694 2374 840 2408 habebat
860 2375 946 2408 inter
963 2383 1081 2420 pectus
1096 2383 1130 2409 et
1148 2376 1348 2410 umbilicum
1363 2377 1419 2422 qui
1434 2378 1529 2422 panis
1544 2379 1645 2411 unius

114 2421 376 2466 grossitudinem
394 2421 604 2466 praeferabat.
657 2421 763 2465 Cujus
782 2427 851 2454 tam
866 2421 1047 2455 vehemens
1066 2429 1136 2456 erat
1149 2423 1252 2466 dolor,
1267 2429 1304 2457 ut
1321 2435 1380 2468 per
1397 2424 1571 2457 biennium
1587 2425 1645 2458 vix

116 2480 191 2501 eam
218 2467 399 2512 aliquando
429 2467 602 2511 quiescere
635 2473 816 2512 pateretur.
866 2469 967 2501 Anno
1001 2469 1111 2512 tertio,
1146 2476 1244 2514 rupta
1276 2476 1363 2512 cute,
1398 2470 1508 2503 sanies
1543 2471 1644 2515 coepit

116 2516 262 2557 effluere,
280 2514 337 2558 qui
355 2513 463 2547 tribus
481 2514 578 2547 annis
597 2513 883 2558 consequentibus
901 2515 997 2558 quasi
1020 2515 1111 2548 rivus
1134 2516 1333 2549 indeficiens
1351 2528 1417 2549 non
1437 2516 1535 2549 desiit
1554 2529 1645 2550 cina>-

115 2573 205 2595 nare.
257 2560 381 2593 Hiatus
406 2566 520 2593 autem
546 2559 669 2593 ulceris
695 2560 786 2593 illius
812 2566 882 2593 tam
907 2560 974 2593 late
1000 2562 1121 2606 patuit,
1148 2568 1185 2594 ut
1211 2562 1396 2607 praecordia
1423 2569 1456 2595 et
1486 2563 1646 2596 intestina

115 2614 253 2653 possent
271 2618 290 2639 a
307 2606 546 2640 contuentibus
569 2606 746 2651 pervideri.
797 2606 884 2639 Cum
903 2619 980 2640 vero
1003 2607 1125 2641 mulier
1142 2608 1184 2641 ad
1208 2609 1368 2641 Sanctum
1390 2608 1556 2641 Thomam
1578 2609 1646 2642 dis-

117 2659 255 2699 poneret
278 2653 458 2698 proficisci,
478 2652 606 2686 dictum
626 2658 676 2685 est
697 2652 726 2685 ei
751 2659 788 2686 ut
809 2653 918 2698 primo
942 2654 1157 2698 sepulchrum
1183 2654 1272 2688 beati
1292 2654 1440 2696 Godrici,
1466 2655 1554 2699 quod
1575 2661 1645 2688 crat

116 2700 346 2745 propinquius,
372 2699 533 2742 visitaret,
564 2699 642 2743 quia
671 2699 743 2732 51110
771 2699 909 2732 alterius
939 2700 1147 2733 adminiculo
1170 2701 1218 2733 110
1247 2712 1314 2733 11011
1340 2706 1480 2745 poterat.
1533 2701 1645 2746 Coepit

117 2747 218 2791 igitur
235 2746 415 2791 proficisci,
439 2757 497 2790 per
514 2745 664 2790 singulos
683 2745 755 2778 dies
773 2757 879 2779 unum
896 2746 1027 2779 miliare
1045 2747 1238 2788 conficiens,
1257 2746 1309 2779 vel
1328 2747 1528 2791 quandoque
1546 2747 1646 2780 dimi-

117 2793 223 2836 dium,
238 2794 344 2825 donec
362 2792 395 2824 in
415 2791 625 2824 Finchaliam
644 2792 844 2836 perveniret.
896 2792 981 2834 Quae
998 2804 1080 2825 mox
1097 2793 1139 2826 ad
1157 2792 1326 2837 sepulchri
1344 2799 1537 2826 contactum
1557 2794 1646 2838 cepit

117 2840 282 2883 integram
301 2838 479 2871 sanitatem
496 2850 504 2878 ;
524 2838 730 2882 domumque
744 2850 884 2881 reversa,
903 2838 976 2883 ipso
995 2838 1049 2871 die
1063 2850 1140 2871 cum
1159 2839 1290 2872 caeteris
1308 2839 1515 2872 messoribus
1532 2840 1645 2885 fruges

116 2886 149 2918 in
165 2897 242 2929 agro
254 2885 361 2918 secuit
374 2890 406 2917 et
420 2883 568 2929 collegit.
619 2884 826 2917 Mirantibus
840 2896 917 2917 vero
936 2884 976 2917 de
995 2890 1063 2917 tan]
1077 2884 1177 2917 celeri
1196 2885 1357 2930 sospitate
1370 2885 1498 2928 vicinis,
1514 2885 1644 2919 detexit

118 2932 240 2965 mulier
255 2931 367 2964 locum
387 2930 520 2972 ulceris,
539 2935 572 2962 et
590 2930 738 2963 ostendit
756 2930 913 2963 omnibus
931 2930 1100 2975 integrum
1119 2937 1151 2963 et
1169 2931 1306 2964 omnino
1324 2932 1519 2966 sanatum.⁷'

511 2979 524 2997 ²
543 2975 739 3021 [mortam]
769 2975 835 3009 Vel
853 2976 1020 3020 tortionis,
1039 2977 1115 3010 MS.
1134 2976 1234 3011 Bodl.
