1839 3186
567 213 625 244 ET
660 212 924 244 MIRACULIS
960 213 993 245 S.
1019 212 1238 245 GODRICI.
1593 206 1674 245 44⁴5

135 313 351 355 manifeste
367 314 568 356 disserere
591 322 632 356 et
656 316 887 357 describere
910 317 1139 356 consuevit.
1202 315 1363 368 Quibus
1384 317 1500 367 actis,
1514 318 1575 358 vir
1592 318 1671 359 Dei

137 379 190 420 ad
213 380 410 421 interiora
433 381 546 422 silvae
574 381 720 430 rediit;
756 387 796 423 et
832 382 938 423 sicut
970 381 1082 436 prius
1114 382 1338 423 moderatis
1369 383 1555 437 passibus
1581 400 1671 439 pro-

137 446 296 496 cedens,
320 448 371 488 ab
394 445 480 502 ejus
502 448 592 489 visu
614 447 831 502 disparuit.
904 447 965 488 At
989 446 1156 502 juvenis
1180 448 1247 489 ille
1270 449 1440 489 domum
1469 450 1605 501 rediit,
1629 456 1671 491 et

136 512 272 553 subito
311 513 352 555 in
390 513 497 554 lecto
535 513 743 563 decidens,
786 514 1029 555 diutissimis
1065 514 1373 556 calamitatibus
1408 516 1589 570 torqueri
1630 522 1671 557 et

135 579 278 619 Vexari
296 580 431 634 coepit.
494 580 598 622 Post
618 580 834 622 diuturnos
852 586 993 621 tamen
1018 581 1226 634 squalores
1249 581 1416 622 denium
1438 583 1668 631 convaluit,

135 645 207 685 sed
226 645 294 699 qui
329 647 442 700 prius
467 646 606 688 durior
628 647 775 688 auditu
812 646 989 697 exstitit,
1014 662 1065 687 ex
1093 651 1193 688 tunc
1227 647 1397 689 clariore
1432 663 1530 689 aure
1565 664 1671 691 sere-

133 711 225 752 nius
259 712 402 754 audire
436 714 571 767 coepit.
646 713 704 754 Et
742 713 803 754 ita
839 713 944 754 forte
967 713 1030 755 vir
1051 713 1132 754 Dei
1162 712 1310 769 juveni
1341 714 1400 755 illi
1438 716 1672 756 mercedem

134 792 251 819 suam
282 778 477 830 reddidit,
502 780 602 821 dum
627 780 758 821 altera
780 780 867 821 vice
892 779 1042 828 rediit,
1078 780 1174 834 quia
1204 796 1277 835 per
1301 780 1554 823 infirmitatis
1584 797 1670 823 mo-

135 843 297 886 lestiam
317 845 511 887 humores
531 847 692 895 noxios,
723 846 791 900 qui
815 845 902 902 ejus
923 846 1115 887 anditum
1136 847 1457 901 praepedierant,
1480 848 1666 904 depulit;

73 912 75 914 ’
129 910 272 965 sicque
297 912 333 952 ei
365 911 528 954 affuisse
562 913 758 962 ostendit,
785 912 885 953 dum
923 913 1058 967 ipsum
1094 928 1119 954 a
1149 918 1269 954 tanta
1301 912 1556 967 infirmitate,
1580 915 1671 957 red-

134 976 222 1018 dita
246 974 561 1021 simul'auditus
585 979 797 1030 facilitate,
818 978 1046 1020 1liberavit.

199 1143 327 1168 CXCIV.
370 1144 420 1169 DE
450 1144 613 1170 CLERICO
646 1145 699 1170 AB
729 1144 891 1170 INSUETI
923 1144 1092 1171 GENERIS
1123 1144 1240 1170 PESTE
1272 1144 1320 1169 ET
1352 1144 1613 1170 AEGRITUDINE

804 1211 1014 1237 LIBERATO,

192 1291 330 1345 §570.
364 1293 622 1334 GILEBERTUS
656 1293 828 1334 clericus
865 1293 915 1334 de
939 1293 1194 1344 Orauecroft,
1218 1293 1362 1335 villula
1398 1294 1588 1349 quaedam
1626 1295 1669 1337 in

135 1359 372 1401 Olivelande
406 1359 500 1409 sita,
528 1376 600 1415 per
621 1375 750 1401 annos
782 1360 980 1414 plurimos
1010 1361 1153 1401 multis
1183 1360 1394 1415 incognita
1427 1359 1668 1403 infirmitate

133 1426 375 1474 laborabat,
426 1442 515 1481 quae
553 1431 706 1481 quanto
743 1426 899 1468 diutius
941 1426 1113 1469 diversis
1153 1427 1468 1468 medicamentis
1509 1427 1670 1469 deliniri

134 1492 346 1542 debuerat,
369 1508 416 1534 eo
438 1493 657 1548 proclivius
691 1493 943 1547 quotidianis
975 1493 1185 1535 doloribus
1215 1493 1269 1535 ad
1298 1494 1504 1535 deteriora
1527 1510 1670 1550 verge-

131 1559 219 1601 bat.
282 1559 390 1600 Nam
410 1559 518 1601 cirea
538 1559 736 1601 interiora
756 1559 953 1601 umbiculi
975 1560 1037 1602 sui
1054 1560 1165 1601 omni
1187 1560 1253 1601 die
1273 1576 1345 1615 per
1368 1560 1490 1602 horas
1511 1561 1668 1616 aliquot

133 1626 284 1667 sentire
321 1632 588 1668 consueverat
617 1626 733 1681 quasi
769 1625 952 1668 viventia
987 1626 1176 1680 quaedam
1211 1627 1374 1681 reptilia
1409 1627 1592 1675 moveri,
1644 1643 1669 1669 a

133 1693 280 1747 quibus
317 1692 393 1733 sibi
427 1692 604 1734 invicem
635 1693 1023 1748 compugnantibus,
1048 1698 1089 1733 et
1111 1691 1198 1748 ejus
1225 1693 1424 1735 intestina
1446 1694 1666 1748 depascen-

132 1759 256 1809 tibus,
280 1759 510 1801 incredibili
534 1759 685 1800 doloris
714 1774 863 1814 genere
888 1764 1125 1801 assueverat
1155 1759 1340 1801 cruciari.
1412 1760 1493 1812 Qui
1514 1760 1555 1801 in
1576 1761 1667 1803 ]000

132 1826 174 1866 in
196 1841 275 1880 quo
296 1826 412 1867 illum
437 1826 639 1881 aegritudo
661 1825 731 1866 illa
753 1825 1027 1880 corripuisset,
1050 1826 1285 1867 nullatenus
1306 1841 1378 1881 per
1400 1841 1441 1868 se
1463 1828 1665 1869 removeri

132 1892 366 1947 praevaluit,
399 1892 470 1934 sed
507 1908 639 1947 neque
680 1893 732 1933 ab
766 1892 857 1933 aliis
895 1907 937 1933 se
970 1892 1192 1946 aliquando
1228 1893 1383 1947 portari
1406 1894 1470 1935 vel
1507 1895 1664 1935 moveri

131 1958 353 2007 susti11uit3
388 1958 497 2000 unde
528 1959 677 2000 misero
708 1959 809 2000 satis
836 1959 959 1999 modo
981 1959 1225 2013 quandoque
1248 1959 1288 1999 in
1313 1959 1450 2001 medio
1472 1975 1664 2015 agrorum

131 2025 278 2080 saepius
299 2025 407 2067 infra
436 2026 565 2067 saltus
589 2025 652 2067 vel
676 2025 882 2066 condensa
905 2041 1120 2066 nemorum
1142 2031 1233 2066 toto
1257 2030 1443 2080 tempore
1464 2027 1664 2081 passionis

129 2090 299 2147 hujusce
338 2093 422 2133 solo
458 2097 579 2133 tenus
617 2096 848 2147 prostratus
885 2092 1130 2133 decumbere
1167 2093 1392 2142 consuevit,
1437 2093 1533 2147 quia
1573 2095 1664 2136 ubi-

132 2173 306 2212 cumque
337 2159 453 2199 illum
484 2159 653 2213 spiritus
687 2158 887 2213 passionis
912 2159 1237 2213 comprehendit,
1271 2159 1313 2199 in
1345 2164 1500 2200 terram
1521 2160 1660 2211 allisit,

129 2240 175 2266 ac
200 2225 316 2279 quasi
352 2225 629 2266 insensibilem
669 2225 866 2266 reddidit.
953 2225 1001 2265 In
1046 2230 1200 2266 terram
1246 2225 1355 2266 enim
1396 2226 1663 2268 volutabatur

173 2361 181 2379 ¹
202 2355 402 2402 Liberavit]
424 2355 497 2388 The
516 2355 677 2388 Harleian
691 2355 767 2388 MS.
785 2355 864 2388 thus
882 2362 1030 2389 narrates
1048 2356 1117 2390 this
1134 2356 1285 2390 incident
1302 2370 1308 2392 :
1329 2359 1349 2376 “
1361 2357 1383 2391 J
1386 2358 1502 2392 nvenis
1521 2358 1659 2403 quidam

129 2403 278 2448 simplex
295 2402 400 2435 idiota
416 2409 528 2447 pastor
546 2408 616 2435 erat
641 2402 677 2434 in
703 2402 803 2434 domo
827 2401 867 2434 de
886 2402 1087 2444 Finehalia;
1113 2404 1169 2448 qui
1189 2403 1243 2437 die
1261 2404 1404 2448 quadam
1424 2416 1502 2437 cum
1521 2412 1609 2438 esset
1628 2406 1661 2438 in

126 2451 271 2495 pascuis,
292 2449 375 2482 vidit
392 2460 508 2482 senem
527 2448 567 2481 de
585 2448 670 2481 silva
686 2454 879 2490 exeuntem,
903 2455 936 2481 et
954 2448 1018 2481 sibi
1037 2449 1219 2483 moderatis
1236 2451 1408 2494 gressibus
1434 2452 1660 2496 propinquan-

130 2503 211 2530 tem.
273 2496 428 2540 Cumque
457 2494 554 2528 illum
583 2494 761 2539 diligenter
789 2494 964 2539 aspiceret,
999 2495 1056 2528 ille
1084 2496 1270 2541 pertimuit.
1322 2497 1418 2530 Tunc
1450 2498 1498 2530 ait
1530 2510 1634 2531 senex
1654 2511 1660 2532 τ

129 2542 235 2576 ‘Noli
253 2542 382 2585 timere,
406 2540 465 2583 fili,
492 2541 550 2574 sed
571 2540 750 2585 diligenter
767 2552 911 2585 agnosce
934 2541 1023 2586 quod
1042 2553 1102 2586 ego
1121 2554 1196 2575 sum
1215 2542 1384 2576 Godricus
1402 2544 1459 2588 qui
1476 2544 1550 2576 loca
1567 2545 1659 2577 inco-

126 2589 215 2622 latus
234 2588 300 2621 mei
317 2599 407 2621 nunc
424 2587 636 2632 perlustravi,
660 2594 692 2620 et
712 2599 864 2620 meorum
889 2599 1049 2632 pecorum
1076 2600 1201 2633 pascua
1219 2589 1363 2622 visitari.
1411 2590 1506 2634 Rogo
1531 2596 1565 2623 te
1583 2602 1658 2623 vac-

124 2647 198 2669 cam
214 2635 302 2668 hane
319 2634 430 2668 albam
448 2634 595 2667 suaviter
613 2633 792 2676 custodire,
820 2635 916 2677 cujus
939 2646 994 2667 me
1014 2634 1112 2667 lactis
1130 2635 1290 2668 alimonia
1306 2635 1505 2680 languidum
1524 2642 1658 2669 susten-

126 2682 220 2715 tavit.
270 2681 425 2714 Aliorum
449 2692 581 2725 quoque
606 2680 804 2713 animalium
828 2692 942 2713 curam
960 2680 1084 2714 habeas
1103 2681 1290 2725 diligenter,
1315 2688 1346 2714 et
1365 2693 1427 2725 ego
1446 2682 1506 2715 tibi
1530 2694 1658 2716 merce-

128 2728 205 2761 dem
231 2727 297 2760 alia
319 2727 391 2760 viee
414 2727 621 2771 rependam.’
671 2727 735 2759 His
762 2726 871 2769 dictis,
902 2726 1035 2760 rediens
1058 2727 1100 2760 ad
1123 2727 1270 2760 nemoris
1298 2727 1456 2761 interiora
1482 2728 1658 2773 disparuit.

129 2774 248 2807 Pastor
273 2779 386 2806 autem
415 2779 491 2818 post
516 2773 603 2806 hane
625 2773 790 2806 visionem
817 2773 851 2805 in
879 2772 967 2806 lecto
995 2773 1053 2806 <liu
1079 2785 1167 2817 aeger
1192 2773 1373 2815 aecubuit;
1400 2781 1432 2807 et
1454 2781 1570 2819 postea
1591 2787 1658 2808 non

128 2820 237 2853 solum
256 2819 296 2852 ab
314 2819 377 2852 hac
394 2819 601 2860 infirmitate,
618 2831 732 2852 verum
751 2819 853 2852 etiam
871 2819 912 2852 ab
931 2819 1070 2864 antiqua
1087 2819 1250 2852 surditate
1269 2820 1450 2855 convaluit.
1484 2821 1539 2854 Sic
1557 2821 1659 2866 igitur

129 2865 320 2899 mercedem
338 2866 390 2899 sui
406 2865 530 2898 laboris
548 2865 653 2898 altera
672 2866 742 2898 vice
768 2865 904 2910 recepit,
925 2865 1005 2898 duni
1028 2877 1087 2910 per
1104 2865 1190 2899 hane
1208 2865 1438 2901 infirmitatem
1457 2867 1578 2901 noxios
1595 2867 1658 2900 hu-

128 2924 254 2956 mores,
267 2923 326 2957 per
344 2923 427 2957 quos
445 2911 581 2945 auditus
599 2911 858 2957 impediebatur,
878 2911 1028 2945 amisit.”
