1839 3186
521 228 581 259 ET
616 227 880 259 MIRACULIS
916 225 1195 258 s.GoDR101.
1537 217 1619 257 359

88 331 275 385 quaesivit
311 331 363 372 ab
394 346 441 372 eo
472 331 582 372 unde
613 332 655 372 in
681 331 860 372 crastino
887 331 1136 386 pauperibus
1158 330 1464 385 eleemosynam
1488 330 1619 380 daret,

88 413 183 438 cum
204 398 261 438 nil
292 398 401 452 quod
422 397 561 452 largiri
578 403 715 453 posset
737 398 778 438 in
800 398 922 439 domo
941 401 1186 452 superesset.
1248 396 1320 437 Ad
1342 412 1431 451 quae
1454 402 1623 451 stupens

88 464 169 515 ille,
195 464 420 519 respondit,
455 464 626 520 “Supra
647 465 818 506 modum
840 464 1075 505 mirandum
1098 468 1159 505 est
1183 463 1233 503 de
1255 463 1392 504 animo
1418 468 1503 512 tuo,
1527 479 1621 504 cum

88 546 292 586 proponas
313 532 354 572 in
376 531 554 572 crastino
575 547 776 587 pauperes
797 531 934 572 fovere
957 531 1007 572 de
1026 530 1193 571 nihilo.'‘'
1225 529 1384 581 Quibus
1406 530 1622 571 subridens

90 612 216 639 senex
250 597 370 647 dixit,
419 598 544 650 “Qui
581 603 731 639 cuncta
766 598 816 638 de
848 597 976 639 nihilo
1019 597 1187 647 creavit,
1226 596 1319 651 Ipse
1357 597 1476 638 nobis
1511 596 1622 650 quod

89 679 258 719 erogare
294 663 496 719 possimus
534 669 730 719 praestare
766 664 932 719 poterit.
1007 663 1129 705 Vade
1163 663 1290 718 igitur
1325 678 1449 717 quam
1486 662 1620 713 citius,

90 729 287 785 quiajam
309 746 479 785 vespera
508 731 711 781 imminet,
749 736 789 773 et
824 731 866 771 in
897 731 1073 786 piscaria
1092 745 1186 771 mea
1216 729 1340 771 tende
1368 730 1487 771 solito
1510 745 1623 771 more

88 797 314 838 alvearium
335 797 515 851 aliquod,
532 797 617 839 sive
637 797 904 846 retiaculum;
930 798 1025 851 quia
1049 802 1170 838 nocte
1192 796 1274 838 ista
1294 802 1466 851 captura
1483 812 1623 851 perve-

88 863 191 905 niet.
265 863 360 904 Non
391 864 500 904 enim
531 879 678 906 manus
708 864 898 919 pauperis
929 879 1061 905 vacua
1090 863 1242 904 redibit
1270 878 1295 904 a
1324 863 1483 906 nobis.'⁷
1552 863 1625 904 Ad

91 945 180 984 quae
201 930 400 981 minister,
438 935 461 953 ‘⁴
478 931 606 972 Pater
626 931 695 981 mi,
720 932 900 980 obsecro,
923 931 1005 972 noli
1024 946 1121 986 erga
1136 946 1202 971 me
1224 929 1443 985 indignari,
1468 930 1499 972 si
1522 945 1624 985 prae-

90 1001 212 1051 cepta
234 1002 309 1038 tua
329 1012 410 1037 non
441 998 600 1045 10001*ος
636 999 732 1051 quia
752 1013 826 1052 pro
851 998 979 1038 stulto
1001 997 1144 1039 haberi
1176 1002 1333 1051 potero,
1358 997 1390 1039 si
1422 997 1528 1038 retia
1558 998 1624 1038 vel

89 1064 268 1104 alvearia
289 1068 430 1104 nostra
450 1064 491 1104 in
514 1064 621 1105 sicca
641 1079 767 1105 arena
788 1064 1015 1105 tetendero.
1087 1064 1246 1105 Alveus
1268 1064 1420 1104 etenim
1445 1062 1626 1105 fluminis

90 1145 174 1185 prae
193 1130 319 1171 nimio
336 1135 527 1171 caumate
550 1130 681 1172 aestivi
704 1131 849 1172 caloris
861 1130 953 1186 jam
974 1131 1035 1172 ita
1055 1131 1097 1171 in
1120 1146 1161 1172 se
1185 1131 1360 1180 exaruit,
1385 1131 1494 1185 quod
1519 1146 1626 1185 aqua

90 1212 218 1251 usque
240 1197 293 1237 ad
314 1197 435 1238 unius
456 1197 572 1252 pedis
593 1197 858 1238 altitudinem
871 1197 941 1238 vix
964 1198 1168 1253 attingere
1190 1197 1337 1252 possit3
1363 1202 1403 1238 et
1423 1197 1628 1251 quomodo

93 1263 216 1318 piscis
254 1264 457 1313 enatabit,
490 1279 583 1305 cum
606 1265 805 1319 pennulas
836 1264 914 1305 nisi
936 1264 977 1304 in
997 1264 1113 1319 aquis
1138 1279 1304 1305 movere
1326 1279 1409 1304 non
1433 1263 1626 1318 possit3''

96 1330 213 1371 Tunc
248 1330 329 1380 ille,
369 1330 546 1372 “Credo
578 1331 674 1385 quia
708 1332 741 1372 si
772 1331 894 1386 piscis
925 1346 1007 1372 11011
1039 1330 1268 1378 advenerit,
1310 1335 1452 1371 tamen
1490 1330 1629 1385 aliqua

94 1397 268 1438 bestiola
299 1397 341 1437 in
375 1397 491 1451 aquis
530 1412 770 1439 conversare
812 1398 933 1440 solita
976 1398 1018 1439 111
1049 1397 1199 1439 nostris
1239 1397 1430 1439 alveariis
1477 1397 1629 1438 irretiri

94 1462 287 1519 poterit.”
351 1464 455 1517 Quae
488 1465 675 1506 minister
706 1465 876 1506 audiens
907 1480 1006 1506 mox
1038 1465 1191 1520 paruit,
1225 1468 1266 1505 et
1298 1464 1340 1505 in
1370 1480 1474 1519 pene
1513 1464 1629 1505 arido

94 1536 240 1586 stagno
263 1531 442 1572 alvearia
462 1531 656 1573 tetendit.

164 1598 294 1639 Mane
328 1613 425 1639 vero
475 1613 735 1654 consurgens,
777 1599 883 1640 sicut
921 1599 981 1640 vir
1018 1598 1098 1639 Dei
1142 1598 1408 1653 praedixerat,
1450 1599 1631 1639 lutream

94 1680 220 1705 unam
244 1665 444 1706 inclusam
465 1665 576 1706 intra
597 1681 671 1706 sua
691 1665 890 1707 retiacula
910 1665 1103 1720 repperit,
1123 1680 1247 1719 quam
1268 1665 1464 1707 festinato
1487 1666 1633 1706 eduxit

98 1737 139 1772 et
167 1747 305 1772 coram
342 1747 458 1773 servo
482 1732 562 1772 Dei
598 1733 639 1773 in
664 1732 766 1773 cella
794 1748 868 1774 sua
894 1732 1098 1787 deposuit.
1160 1731 1190 1772 J
1194 1747 1261 1772 am
1287 1732 1477 1786 equidem
1500 1732 1636 1787 exspi-

99 1803 276 1848 raverat,
311 1798 407 1852 quia
439 1798 650 1852 aliquanto
686 1798 843 1840 diutius
877 1799 989 1840 intra
1024 1798 1129 1840 retia
1160 1814 1319 1839 moram
1356 1804 1633 1854 protraxerat.

103 1865 219 1905 Tunc
241 1865 304 1907 vir
329 1865 422 1915 Dei,
461 1870 485 1887 ⁶⁴
507 1865 623 1906 Tolle
654 1865 773 1916 hanc,
798 1871 839 1906 et
868 1866 922 1906 ad
945 1865 1156 1907 civitatem
1178 1881 1352 1920 pergens
1375 1881 1465 1907 eam
1488 1865 1632 1916 vende,

102 1939 142 1972 et
166 1931 216 1972 de
238 1931 370 1987 pretio
393 1930 479 1987 ejus
500 1947 626 1986 panes
648 1933 765 1973 nobis
784 1932 837 1973 ad
860 1947 961 1987 opus
986 1948 1214 1987 pauperum
1237 1930 1365 1973 eme.”
1430 1933 1510 1984 Qui
1532 1933 1636 1973 abiit

102 2003 143 2039 et
166 1996 253 2054 ejus
285 1997 435 2053 pellem
466 1999 670 2047 vendidit,
710 2004 751 2039 et
797 1999 847 2040 (10
879 1999 1022 2040 (1000111
1044 2004 1085 2039 01
1118 2004 1278 2053 septem
1311 1999 1501 2049 denariis,
1537 2014 1638 2053 quos

100 2080 173 2120 pro
197 2080 244 2106 ea
268 2065 440 2120 accepit,
464 2080 590 2120 panes
609 2066 722 2115 emit,
749 2070 790 2106 et
813 2065 924 2107 domi
946 2080 1085 2107 secum
1107 2071 1369 2120 comportans
1391 2066 1542 2107 domno
1565 2081 1638 2107 suo

103 2132 375 2187 consignavit.
438 2132 699 2186 Factumque
721 2137 783 2173 est
802 2137 848 2173 ut
874 2148 921 2173 eo
944 2132 1009 2173 die
1031 2132 1163 2173 multo
1187 2132 1325 2187 plures
1346 2132 1466 2173 solito
1487 2148 1641 2187 paupe—

102 2214 166 2240 res
200 2214 247 2239 eo
285 2198 541 2250 advenirent,
581 2203 621 2239 et
661 2199 812 2253 stipem
854 2200 1125 2254 eleemosynae
1159 2199 1448 2253 postularent;
1493 2200 1639 2253 quibus

105 2266 266 2319 copiose
290 2265 350 2306 vir
381 2266 431 2306 de
470 2265 551 2306 Dei
584 2280 753 2306 munere
775 2265 1013 2314 distribuit3
1053 2272 1094 2306 et
1126 2266 1232 2307 sicut
1264 2266 1472 2320 praedixit,
1505 2266 1641 2307 nullus

101 2347 331 2386 pauperum
353 2347 401 2373 ea
422 2332 488 2372 die
520 2332 589 2372 illo
606 2332 775 2373 advenit
798 2333 866 2386 qui
887 2348 1018 2374 vacua
1038 2347 1164 2373 manu
1185 2332 1237 2373 ab
1260 2348 1307 2373 eo
1328 2332 1508 2382 redierit,
1531 2332 1641 2373 unde

105 2403 146 2438 et
182 2399 267 2452 ipse
303 2404 397 2453 post
438 2399 561 2439 toties
593 2398 728 2439 dicere
760 2399 972 2440 consuevit
1005 2399 1100 2453 quia
1131 2400 1196 2440 cui
1229 2398 1344 2440 Deus
1379 2399 1475 2440 boni
1508 2399 1642 2440 cordis

105 2465 348 2506 thesaurum
400 2464 654 2520 praestiterit,
708 2480 920 2519 nunquam
963 2465 1060 2507 boni
1105 2465 1240 2521 operis
1280 2465 1459 2507 facultas
1501 2466 1640 2508 deesse

109 2532 276 2585 poterit.

168 2597 273 2638 Haec
304 2597 589 2639 ille'minister
620 2596 707 2653 ejus
737 2602 918 2639 testatur
950 2603 990 2639 et
1022 2599 1180 2649 asserit,
1210 2598 1277 2653 qui
1309 2598 1414 2640 retia
1448 2599 1641 2648 tetendit,

110 2668 152 2704 et
182 2664 399 2705 bestiolam
429 2664 644 2712 vendidit;
699 2670 740 2705 et
778 2665 864 2719 ipse
899 2680 1194 2719 nonnunquam
1230 2666 1338 2706 inter
1373 2665 1478 2706 seria
1500 2664 1646 2720 jocosa

110 2730 293 2784 loquens,
319 2731 370 2772 de
392 2732 653 2788 eleemosyna
673 2731 862 2773 facienda
878 2731 958 2774 ista
978 2732 1220 2774 interserere
1242 2732 1467 2773 consuevit.
