1839 3186
535 244 594 276 ET
630 242 896 275 MIRACULIS
932 243 967 274 s.
999 241 1216 274 00011101.
1561 228 1644 275 217

112 351 296 402 tulando,
330 350 477 407 saepius
511 349 701 391 iterando
722 346 950 403 replicavit.
1014 346 1117 388 Post
1148 345 1387 387 diuturnam
1408 343 1645 402 hujusmodi

111 419 192 460 oris
212 417 393 473 patentis
415 416 724 464 distensionem,
758 413 895 457 subito
920 413 975 454 ad
998 411 1100 454 fines
1124 412 1417 454 semotissimas
1434 414 1642 461 evolavit3

113 490 154 526 et
189 484 246 525 sic
279 499 321 526 se
350 483 540 539 spiritum
578 482 728 523 futurae
763 480 884 521 famis
922 479 1046 521 fuisse
1080 483 1272 533 patenter
1303 478 1481 519 edocuit.
1563 479 1646 521 His

113 551 239 606 igitur
258 550 467 605 signorum
488 548 650 590 indiciis
671 553 713 589 et
741 546 754 567 1
768 547 922 588 famem
946 550 1253 600 superventurae
1275 544 1403 586 cladis
1426 543 1643 599 2persensi‚

112 622 153 658 et
175 616 284 670 quod
305 617 372 657 ille
394 616 561 671 spiritus
587 614 786 670 populum
817 613 898 654 Dei
919 617 1147 654 vexaturus
1166 617 1273 653 esset
1292 610 1506 666 ³agnovi.”
1577 611 1646 652 Sic

112 683 250 737 itaque
283 688 326 724 et
364 681 488 723 fidem
521 682 698 723 fratrum
728 678 952 730 roboravit,
988 683 1030 720 et
1065 693 1155 733 quae
1182 683 1358 720 ventura
1393 682 1510 719 erant
1546 678 1646 720 satis

113 754 307 804 patenter
346 747 549 791 40(100011;.

112 1040 199 1065 ΟΑΡ.
221 1039 303 1065 CIII.
377 1038 429 1064 UT
459 1039 589 1064 DIVITI
620 1040 676 1065 AD
720 1039 764 1064 SE
795 1039 992 1064 VENIENTI
1028 1038 1184 1065 OBITUM
1219 1037 1332 1063 SUUM
1376 1036 1647 1071 PRAEDIXERIT,

477 1105 526 1130 ET
556 1105 655 1135 QUID
690 1105 931 1131 AEGROTANTI
962 1086 1274 1130 MANDAVERIT.5

173 1206 195 1260 §s
231 1206 329 1246 205.
384 1203 498 1246 OLIM
540 1203 581 1245 in
624 1204 826 1246 comitatu
866 1199 1098 1246 6Willelmi
1135 1202 1428 1245 Dunelmensis
1468 1202 1646 1258 episcopi

113 1271 281 1325 quidam
304 1286 519 1326 procerum
548 1271 775 1313 ditissimus
805 1271 926 1313 simul
958 1277 999 1313 et
1021 1271 1223 1312 facundus
1243 1269 1298 1311 ad
1320 1269 1522 1323 colloquia
1542 1269 1647 1311 servi

115 1337 194 1378 Dei
217 1343 476 1387 convenerat,
511 1338 579 1392 qui
606 1353 818 1392 nunquam
854 1343 978 1379 antea
998 1337 1052 1379 ad
1076 1337 1184 1378 illius
1212 1336 1407 1378 affamina
1440 1335 1648 1377 7001111011-

115 1404 194 1445 isse
216 1404 387 1445 solebat.
450 1404 554 1445 Post
593 1404 773 1460 episcopi
804 1405 1052 1453 abscessum,
1078 1404 1193 1445 dives
1213 1403 1280 1444 ille
1305 1402 1476 1444 accessit
1497 1402 1552 1443 ad
1573 1402 1649 1444 viri

116 1470 196 1511 Dei
218 1470 479 1524 colloquium,
516 1475 558 1511 et
586 1486 702 1511 reum
739 1486 781 1512 se
810 1471 1022 1512 fatebatur
1046 1470 1155 1524 quod
1180 1485 1274 1511 cum
1296 1469 1551 1510 Dunelmum
1584 1468 1649 1509 in-

115 1537 279 1587 coleret,
302 1552 512 1591 nunquam
533 1537 588 1578 ad
608 1538 743 1592 ipsum
764 1537 1025 1579 invisendum
1047 1542 1217 1578 eatenus
1238 1536 1489 1577 accessisset.
1572 1535 1649 1577 Cui

116 1603 179 1644 vir
213 1603 307 1653 Dei,
350 1608 374 1626 “
397 1603 622 1658 Nunquam
654 1609 751 1645 ante
788 1619 863 1646 nos
899 1604 939 1644 in
977 1619 1097 1645 carne
1126 1603 1207 1645 ista
1240 1603 1541 1657 conspeximus,
1577 1602 1649 1643 sed

115 1684 246 1724 neque
267 1670 439 1711 ulterius
460 1676 556 1711 ante
579 1676 776 1711 extremae
799 1671 894 1712 vitae
917 1671 1076 1711 exitum
1095 1685 1170 1711 nos
1190 1669 1231 1710 in
1251 1684 1419 1723 corpore
1438 1669 1518 1710 isto
1537 1668 1650 1710 vide-

116 1736 290 1777 bimus.”
373 1736 478 1777 Dira
515 1736 643 1791 igitur
685 1737 815 1791 patris
848 1736 1053 1792 praesagia
1084 1736 1266 1777 infausta
1292 1734 1553 1790 perhorruit3
1608 1740 1650 1776 et

116 1802 286 1843 domum
302 1802 465 1844 rediens
485 1818 559 1843 nec
582 1802 681 1843 dum
703 1803 800 1844 anni
820 1802 1076 1844 dimidiantis
1091 1807 1276 1857 tempore
1299 1802 1478 1857 expleto,
1501 1801 1649 1842 laetha-

115 1869 196 1910 lem
218 1868 474 1924 aegritudinis
493 1869 686 1910 morbum
707 1869 893 1910 incurrit.
967 1869 1087 1910 Misit
1120 1869 1259 1923 itaque
1290 1868 1345 1909 ad
1366 1882 1529 1910 servum
1555 1867 1649 1918 Dei,

163 1977 173 1996 ¹
194 1978 325 2012 Famem
342 1977 611 2024 superventurae]
640 1978 790 2011 Written
811 1989 853 2011 on
870 1988 912 2010 an
931 1988 1065 2011 erasure
1082 1977 1116 2010 in
1137 1977 1182 2010 Β.

162 2024 175 2042 ²
192 2024 375 2071 Persem]
403 2025 586 2067 Persensit,
609 2025 657 2059 H.

162 2071 175 2091 3
193 2070 355 2117 Agnovi]
383 2072 543 2116 Agnovit,
565 2071 614 2105 H.

161 2118 174 2138 ⁴
193 2118 366 2163 Edocuit]
391 2118 601 2151 “Venerunt
626 2117 669 2151 ad
694 2128 772 2150 eum
798 2117 998 2162 quandoque
1016 2117 1174 2150 visitandi
1199 2117 1307 2162 gratia
1331 2116 1397 2151 duo
1422 2117 1566 2160 fratres;
1593 2119 1650 2163 qui

115 2169 191 2209 post
209 2164 365 2208 quaedam
391 2170 519 2197 secreta
544 2164 724 2209 colloquia,
749 2164 970 2209 procedentes
997 2163 1039 2197 ab
1068 2163 1224 2197 Ecclesia
1249 2164 1410 2208 rogabant
1438 2176 1515 2198 eum
1537 2171 1574 2198 ut
1591 2177 1651 2210 pro

116 2210 224 2244 salute
241 2211 350 2255 gentis
373 2210 465 2244 illius
482 2211 600 2256 patriae
626 2210 812 2244 Dominum
831 2216 997 2244 exoraret.
1048 2210 1145 2243 Tunc
1162 2210 1240 2244 ille:
1267 2213 1276 2228 ‘
1290 2210 1390 2254 Hoe,⁷
1408 2211 1529 2256 inquit,
1549 2212 1651 2245 ‘satis

116 2257 343 2290 necessarium
371 2263 432 2300 est,
459 2258 538 2302 quia
566 2257 719 2302 sequenti
750 2268 837 2290 anno
867 2256 956 2290 fame
983 2256 1190 2290 validissima
1217 2257 1445 2302 opprimetur!
1495 2257 1550 2291 Illi
1574 2270 1652 2291 vero

117 2303 376 2348 interrogabant,
409 2303 552 2348 qualiter
583 2303 648 2337 1100
680 2303 847 2348 potuisset
880 2314 1072 2348 agnoscere.
1139 2303 1312 2348 ‘Nuper,'
1345 2304 1403 2347 ait,
1439 2304 1579 2337 ‘exiens
1610 2304 1652 2338 de

119 2349 258 2394 Capella
278 2350 391 2383 inveni
409 2356 506 2383 extra
529 2350 633 2383 limen
652 2350 747 2394 quasi
764 2349 937 2382 hominem
964 2349 1122 2383 indutum
1148 2349 1252 2394 nigris
1270 2350 1433 2387 vestibus
1451 2351 1485 2383 in
1502 2350 1652 2384 oratione

116 2397 262 2429 curvatis
279 2396 421 2462 genibus
438 2396 729 2441 procumbentem.
778 2396 846 2438 Qui
864 2407 919 2429 me
937 2395 1095 2429 salutavit
1113 2407 1299 2441 exsurgens
1317 2402 1350 2429 et
1367 2397 1536 2442 responsis
1553 2397 1652 2442 petiit

118 2442 200 2475 satis
229 2443 367 2484 amice,
400 2454 546 2487 eumque
573 2442 734 2476 clamaret
759 2448 836 2487 post
864 2453 919 2475 me
951 2442 1189 2494 procedentem
1219 2442 1261 2475 ad
1291 2442 1485 2476 Oratorium
1519 2444 1653 2477 Sanctae

119 2488 250 2531 Mariae,
269 2488 437 2541 respondi,
456 2490 599 2532 ‘Amen,
625 2500 735 2531 amen,
755 2488 829 2521 dico
847 2487 933 2522 tibi!
982 2489 1088 2522 Facta
1105 2489 1255 2522 oratione
1280 2488 1376 2532 redii,
1394 2495 1426 2522 et
1444 2489 1533 2534 quod
1550 2489 1652 2522 habe-

116 2540 166 2567 ret
187 2535 360 2579 negotium
378 2535 549 2579 inquisivi.
599 2535 662 2568 Ille
685 2535 783 2580 petiit
801 2534 1064 2588 eleemosynam,
1083 2541 1117 2568 et
1135 2535 1216 2568 dum
1235 2535 1264 2568 ei
1283 2535 1405 2568 vellem
1431 2535 1565 2578 donare,
1584 2536 1651 2568 dis-

118 2581 240 2626 paruit.
291 2580 462 2614 Attollens
488 2581 590 2626 igitur
615 2581 731 2614 oculos
749 2581 817 2614 vidi
836 2593 914 2614 eum
929 2582 1033 2625 juxta
1057 2593 1177 2614 nemus
1203 2581 1302 2626 longe
1328 2587 1485 2625 stantem,
1504 2581 1564 2615 sed
1582 2587 1652 2614 erat

119 2633 200 2660 tunc
225 2627 339 2660 nimiae
365 2627 596 2672 longitudinis,
615 2633 648 2661 et
666 2627 828 2672 appositis
857 2627 1014 2661 manibus
1035 2627 1248 2661 distendebat
1272 2628 1376 2661 rictus
1394 2628 1460 2661 oris
1482 2628 1653 2662 immensi.

121 2672 299 2706 Clamabat
316 2684 393 2706 vero
420 2674 479 2716 sic,
498 2655 627 2715 diceris,
653 2676 663 2692 ‘
677 2673 785 2714 Mete,
803 2680 907 2715 mete,
926 2679 1015 2707 mete
1032 2676 1053 2715 3'
1078 2674 1179 2707 xerba
1202 2673 1320 2707 eadem
1346 2674 1469 2719 saepius
1488 2674 1651 2717 iterando,

120 2725 153 2752 et
170 2718 387 2763 postmodum
410 2701 565 2753 evolavit.
616 2719 824 2781 Hujusmodi
850 2720 966 2764 signis,
986 2720 1075 2764 quod
1100 2721 1237 2765 spiritus
1255 2719 1312 2753 ille
1329 2731 1387 2764 per
1404 2720 1527 2753 famem
1546 2732 1652 2765 popu-

118 2764 187 2798 lum
207 2771 295 2798 esset
313 2772 494 2799 vexaturus
511 2766 656 2810 agnovi?
685 2766 817 2799 ’Ha1l.
836 2767 947 2800 Anon.
968 2766 1117 2811 Legend.

161 2811 174 2829 ⁵
200 2811 240 2843 In
258 2811 315 2844 the
334 2811 428 2844 Harl.
447 2812 522 2846 MS.
541 2812 678 2857 chapter
697 2812 793 2846 CXI.

166 2857 179 2875 ⁶
204 2857 246 2890 W
247 2856 388 2903 illelm]
417 2858 585 2903 Probably
605 2859 650 2890 W
656 2858 761 2892 illlam
785 2859 825 2892 de
853 2859 885 2893 S.
907 2858 1064 2900 Barbara,
1083 2858 1204 2903 bishcp
1227 2859 1264 2892 of
1286 2858 1438 2892 Dur-ham
1457 2859 1541 2893 from
1563 2862 1652 2894 1143

120 2909 153 2936 to
174 2905 273 2937 1152.

165 2949 178 2970 ⁷
200 2949 431 2996 Corfinadsse]
459 2950 521 2983 See
541 2950 556 2995 ξ
577 2953 654 2985 164.
