1839 3186
509 206 567 238 ET
602 205 863 238 MIRAOULrs
900 205 934 237 s.
967 206 1182 238 GODRICI.
1524 196 1604 236 431

415 408 559 436 CLXXII.
593 409 644 434 DE
675 408 859 434 MULIERE
891 408 1064 434 LEPROSA
1095 409 1270 436 SANATA.

144 507 285 562 §545
320 507 459 549 VENIT
495 514 537 550 et
571 508 715 550 eodem
748 513 935 563 tempore
970 509 1052 550 alia
1081 508 1229 550 mulier
1261 509 1316 550 ad
1347 511 1607 565 sepulchrum

75 574 152 614 viri
186 574 266 615 Dei
300 589 394 615 cum
432 575 523 616 aliis
559 580 738 625 oratura,
777 590 866 629 (11166
902 575 1061 616 diutino
1095 580 1281 631 tempore
1312 581 1402 617 toto
1440 593 1607 632 corpore

75 640 199 694 leprae
221 640 355 681 fuerat
389 641 580 697 contagio
604 641 857 695 maculisque
880 656 974 683 cum
998 642 1177 696 pustulis
1201 642 1404 684 horrende
1428 644 1607 699 perfusa.

77 706 178 758 Quae
210 707 266 747 ibi
298 707 515 761 procidens
548 708 778 749 diutissime
809 709 981 749 anxiata
1010 708 1227 758 laboravit,
1254 724 1302 750 ac
1339 711 1607 764 postmodum

75 787 324 828 consurgens
355 788 492 815 coram
526 774 684 816 cunctis
720 789 820 815 sana
849 775 1095 830 comparuit.
1159 775 1265 816 Haec
1296 791 1390 817 cum
1421 777 1541 818 sociis
1564 777 1607 818 111

76 838 198 880 (101110
221 838 435 895 cujusdam
460 840 559 882 civis
587 841 631 881 in
661 840 869 882 Dunelmo
903 841 1197 891 conversantis,
1223 842 1292 882 illo
1313 858 1489 898 pergens
1512 844 1608 885 hos-

75 905 212 960 pitata
242 906 390 957 fuerat,
427 905 544 962 cujus
581 905 813 958 infirmitas,
853 912 901 948 ut
935 908 1084 962 hospes
1124 906 1211 963 ejus
1256 913 1298 950 et
1336 913 1428 950 tota
1460 910 1608 952 domus

75 972 233 1013 familia
253 977 473 1023 testantur,
498 973 656 1015 cunctis
680 973 848 1015 horrida
869 978 910 1014 et
930 974 1189 1025 detestanda,
1213 975 1314 1016 nulli
1344 991 1447 1030 pene
1471 977 1524 1017 ad
1548 977 1607 1019 vi-

76 1038 259 1079 dendum
280 1039 505 1081 tolerabilis
525 1040 674 1081 fuerat.
738 1040 840 1093 Quae
869 1040 935 1081 die
966 1041 1145 1082 secunda
1166 1056 1260 1081 cum
1284 1042 1403 1084 sociis
1425 1043 1607 1086 residens

75 1104 118 1146 in
134 1103 318 1160 ejusdem
341 1106 440 1147 civis
458 1106 580 1147 domo
598 1106 812 1161 hospitata
832 1106 924 1156 fuit,
944 1107 1016 1148 sed
1036 1112 1083 1148 ut
1103 1122 1244 1149 omnes
1262 1108 1331 1162 qui
1354 1124 1445 1150 eam
1467 1110 1607 1152 videre

75 1176 117 1212 et
139 1172 251 1226 prius
272 1187 498 1227 cognovere
519 1173 711 1214 attestati
739 1177 849 1222 sunt,
871 1173 1024 1215 nullius
1052 1173 1218 1214 omnino
1239 1175 1412 1216 1116011166
1441 1176 1605 1231 signum

76 1238 161 1279 sive
191 1238 364 1279 cicatrix
396 1239 438 1279 in
473 1254 522 1280 ea
553 1239 759 1294 apparuit.
822 1239 888 1280 De
916 1238 1033 1295 cujus
1064 1238 1226 1290 finibus,
1251 1240 1294 1281 in
1325 1242 1472 1295 quibus
1505 1249 1606 1284 nata

72 1304 220 1355 fuerat,
246 1305 383 1360 plures
413 1306 691 1360 postmodum,
724 1306 854 1346 altero
887 1321 994 1347 anuo
1027 1311 1229 1357 vertente,
1260 1307 1315 1348 ad
1342 1309 1605 1363 sepulchrum

73 1371 151 1413 viri
185 1371 266 1412 Dei
298 1372 453 1413 oraturi
481 1372 752 1423 advenerunt,
778 1378 818 1413 et
849 1387 941 1413 eam
970 1373 1163 1428 perfectae
1195 1373 1364 1415 sanitati
1397 1375 1605 1417 redditam

75 1452 212 1479 coram
234 1438 378 1479 multis
399 1438 547 1493 saepius
566 1438 779 1480 1attestati
802 1444 911 1480 sunt.

134 1505 156 1559 ἓ
179 1506 276 1546 546.
309 1504 413 1546 Erat
434 1510 634 1559 praeterea
654 1505 717 1547 vir
739 1505 907 1559 quidam
928 1505 1117 1547 minister
1141 1505 1288 1547 domus
1310 1504 1507 1562 ejusdem,
1535 1508 1604 1563 qui

73 1576 195 1612 nocte
226 1577 443 1626 soporatus
475 1572 550 1612 tali
589 1577 652 1613 est
684 1571 852 1613 visionis
883 1572 1162 1613 consolatione
1193 1573 1413 1615 relevatus.
1476 1574 1606 1617 Visus

74 1637 241 1691 quidem
266 1638 302 1678 ei
328 1642 389 1679 est
411 1638 473 1678 vir
501 1637 672 1679 Domini
694 1638 899 1679 Godricus
921 1638 972 1679 de
994 1639 1271 1693 superioribus
1299 1640 1410 1681 horti
1431 1641 1493 1682 sui
1515 1640 1604 1683 fini-

72 1704 150 1745 bus
170 1719 367 1759 egressus,
386 1719 559 1759 puerum
575 1705 793 1759 parvulum
810 1705 1116 1759 praecedentem
1137 1705 1357 1754 habuisse3
1394 1712 1434 1748 et
1456 1708 1603 1749 baculo

72 1770 277 1820 suffultus,
313 1785 407 1812 cum
440 1770 514 1811 tali
546 1772 695 1812 comite
731 1770 892 1825 singula
927 1771 1018 1812 loca
1046 1771 1156 1812 horti
1184 1772 1247 1813 sui
1279 1772 1491 1826 aliquanto
1523 1774 1603 1816 dis-

72 1837 249 1887 trictius,
289 1838 403 1878 velut
436 1837 673 1891 explorator
702 1837 921 1892 piissimus,
960 1838 1221 1886 circumisse3
1257 1839 1322 1879 cui
1356 1839 1461 1881 forte
1494 1840 1604 1882 idem

71 1903 259 1945 minister
279 1903 468 1954 occurrit,
492 1909 533 1944 et
555 1904 671 1944 illum
701 1904 787 1944 fore
811 1904 1038 1954 dinoscens,
1062 1904 1163 1945 talia
1184 1905 1391 1946 dicentem
1415 1907 1575 1949 audivit
1595 1923 1603 1947 :

74 1974 99 1992 “
119 1971 259 2011 Multo
291 1970 412 2011 citius
446 1970 489 2011 in
519 1971 597 2010 hoc
628 1971 718 2011 loco
742 1970 876 2011 fuerat
903 1970 1031 2025 Hugo
1062 1971 1112 2012 de
1144 1971 1258 2026 lepra
1289 1978 1456 2014 curatus
1480 1989 1604 2028 quam

72 2037 281 2091 quondam
297 2036 501 2078 Godricus
519 2036 585 2077 hic
603 2037 757 2078 diutius
776 2036 817 2077 in
835 2037 967 2078 multo
980 2037 1120 2078 labore
1137 2042 1178 2078 et
1195 2037 1360 2079 miseria
1373 2039 1574 2095 fatigatus
1589 2058 1600 2089 3

72 2118 169 2144 nam
191 2108 232 2144 et
254 2118 328 2158 ego
349 2103 528 2158 graviori
547 2103 756 2158 languoris
775 2103 971 2158 compede
989 2119 1112 2158 quam
1134 2104 1219 2158 ipse
1240 2104 1376 2146 fuerat
1398 2106 1605 2161 obligatus

72 2185 198 2218 eram,
221 2169 408 2224 quamvis
431 2170 555 2224 leprae
577 2171 674 2211 tabe
695 2184 912 2224 percussus
935 2185 1017 2211 non
1042 2168 1241 2212 fueram.”
1295 2169 1378 2214 Cui
1401 2172 1602 2223 minister,

74 2240 98 2258 “
116 2236 296 2284 Domne‚
320 2236 430 2290 quod
464 2236 531 2276 hic
563 2236 746 2291 leprosus
767 2236 937 2290 quidam
965 2241 1134 2278 curatus
1165 2237 1289 2278 fuerit
1320 2238 1422 2279 satis
1445 2239 1604 2281 audivi-

70 2318 174 2352 mus,
201 2302 273 2343 sed
294 2307 434 2343 utrum
465 2302 508 2342 id
528 2317 672 2343 verum
695 2303 820 2343 fuerit
851 2318 1017 2357 prorsus
1041 2303 1318 2358 ignorainus.”
1388 2304 1461 2345 Ad
1482 2321 1604 2359 quem

73 2370 133 2410 vir
154 2369 247 2419 Dei,
273 2373 298 2391 “
314 2369 376 2409 Re
398 2383 508 2419 vera,
531 2367 601 2418 fili,
626 2368 747 2409 crede
777 2368 891 2418 mihi,
915 2370 1011 2423 quia
1034 2384 1117 2410 non
1148 2370 1280 2410 solum
1314 2370 1441 2426 Hugo
1473 2371 1540 2412 ille
1562 2372 1604 2413 in

69 2435 147 2476 hoc
177 2436 267 2476 1000
299 2435 349 2476 (16
380 2435 494 2489 lepra
525 2435 745 2485 convaluit,
770 2435 842 2476 sed
873 2435 1000 2476 etiam
1031 2435 1102 2476 illa
1132 2436 1280 2477 mulier
1309 2437 1482 2491 leprosa,
1513 2453 1603 2492 quae

69 2545 140 2577 tota
156 2549 255 2577 nocte
274 2542 491 2587 decumbens,
510 2550 543 2577 et
560 2543 667 2577 multa
683 2544 839 2578 laborans
857 2546 1012 2589 angustia
1029 2545 1218 2581 desudavit.
1266 2547 1371 2581 Mane
1389 2559 1604 2592 consurgens,

70 2596 104 2623 et
121 2602 156 2624 56
174 2590 383 2623 levissimum
402 2591 519 2632 sensit,
547 2597 580 2624 et
605 2591 761 2624 omnibus
788 2591 844 2636 qui
871 2591 1009 2625 aderant
1032 2604 1134 2625 sanus
1151 2594 1316 2638 apparuit.
1368 2594 1460 2627 Nam
1484 2606 1503 2627 a
1518 2594 1605 2627 facie

70 2636 176 2681 ipsius
202 2643 235 2669 et
259 2643 370 2669 tumor
388 2642 421 2669 et
438 2637 539 2670 rubor
559 2636 802 2678 abscesserant,
821 2643 853 2670 et
871 2649 957 2671 nova
979 2639 1133 2683 quaedam
1160 2640 1355 2685 superficies
1381 2646 1449 2672 tam
1473 2640 1508 2673 in
1533 2647 1604 2673 toto

70 2694 207 2728 corpore
234 2694 335 2727 quam
358 2683 393 2715 in
422 2683 509 2716 facie
534 2683 717 2717 relucebat.
767 2683 851 2717 Inde
876 2696 1058 2729 regressus,
1082 2685 1228 2719 libenter
1253 2686 1296 2719 ad
1321 2686 1498 2719 hominum
1525 2698 1605 2719 0011-

71 2729 174 2762 sortia
192 2735 242 2762 est
260 2728 465 2762 admissus.”

120 2776 128 2793 ¹
146 2775 309 2809 Attestati
321 2775 425 2820 sunt]
452 2775 525 2808 The
538 2775 701 2809 Harleian
712 2775 926 2821 Manuscript
940 2776 1019 2810 thus
1034 2777 1188 2821 abridges
1203 2778 1270 2810 this
1285 2778 1435 2811 incident
1451 2790 1456 2811 z
1473 2778 1606 2812 “Venit

70 2821 189 2854 eodem
202 2828 353 2866 tempore
366 2821 497 2866 leprosa
510 2822 631 2855 mulier
644 2822 687 2855 ad
700 2822 929 2867 sepulchrum,
942 2835 1017 2868 (11166
1029 2835 1105 2857 011111
1115 2825 1234 2867 jacens
1248 2824 1293 2857 ibi
1309 2824 1500 2857 diutissime
1512 2824 1606 2858 labo-

69 2873 185 2910 rasset,
202 2868 432 2912 postmodum,
451 2868 643 2901 videntibus
661 2869 802 2911 cunctis,
822 2869 959 2902 omnino
977 2881 1058 2902 sana
1075 2870 1234 2903 surrexit.
1284 2870 1385 2913 Quod
1409 2876 1522 2903 autem
1549 2871 1605 2904 isti

69 2913 135 2947 duo
152 2913 274 2959 leprosi
292 2914 440 2959 perfecte
458 2914 709 2957 convaluerunt,
725 2914 831 2958 ipsius
849 2927 965 2948 eorum
980 2916 1103 2949 medici
1119 2916 1314 2949 testimonio
1329 2916 1604 2962 comprobatur.'’
