1839 3186
549 242 606 272 ET
642 241 904 273 MIRACULIS
941 241 977 273 s.
1004 242 1217 273 conarer.
1568 231 1649 276 197

118 348 322 403 parietum
348 346 608 388 1circumitus
637 346 817 401 undique
853 346 1042 387 cellulam
1064 345 1290 395 vallabant,
1316 352 1357 387 et
1385 347 1453 388 alii
1482 348 1524 388 in
1554 363 1647 388 eum

119 415 337 456 cachinnos
368 414 603 463 movebant,
626 413 794 467 quidam
830 412 1030 454 stridente
1064 412 1181 453 sibilo
1213 412 1503 455 desaeviebant.
1568 415 1647 454 Vir

119 497 214 522 vero
233 481 312 522 Dei
334 481 405 522 vix
425 480 645 534 aliquando
667 480 806 521 oculos
828 495 924 534 erga
946 494 1013 520 eos
1036 478 1180 527 erexit,
1204 484 1245 520 et
1267 480 1431 520 nutanti
1451 481 1648 535 palpebra

120 563 260 589 eorum
284 546 481 602 figmenta
513 546 682 593 derisit;
719 547 907 600 dixitque
928 546 1047 586 nobis
1070 545 1177 599 quod
1203 546 1305 586 nihil
1344 545 1401 587 eis
1436 548 1648 588 molestius

119 619 220 664 erat,
254 629 377 668 quam
413 614 457 655 id
488 613 598 668 quod
633 618 824 668 aspectus
860 627 954 654 suos
989 612 1030 653 in
1064 612 1153 653 illos
1194 618 1430 666 retorquere
1466 614 1647 654 nolebat.

122 687 146 704 “
172 680 326 722 ‘2Nullo
367 680 532 730 modo,”
564 680 709 734 inquit,
750 679 940 720 “melius
971 693 1111 720 eorum
1152 678 1345 720 frendens
1380 679 1538 721 insania
1579 680 1647 721 ‹le—

120 748 305 797 struitur,
341 747 406 788 vel
427 747 587 788 facilius
617 751 849 796 enervatur,
884 760 1008 799 quam
1039 745 1071 786 si
1099 745 1246 787 clausis
1276 746 1482 801 palpebris
1507 762 1648 788 eorum

119 814 378 870 praestigialis
400 814 565 855 saltatio
588 813 652 854 vel
682 817 847 854 versuta
868 812 1153 867 tergiversatio
1192 812 1356 853 illorum
1393 813 1650 868 contemptui

119 881 334 923 habeatur.
408 880 451 921 Si
484 880 592 921 enim
623 879 847 920 ludibrium
878 879 1041 920 illorum
1072 878 1316 929 attenditur,
1360 880 1481 922 citius
1512 886 1651 922 motus

119 948 269 989 animae
291 947 345 988 ad
367 962 414 988 ea
441 946 682 988 meditanda
710 944 960 994 inflectitur3
996 945 1093 986 dum
1119 960 1215 986 vero
1246 945 1386 988 clausa
1415 945 1559 1002 janua,
1593 947 1651 988 eis

121 1014 360 1064 obstruitur,
381 1013 523 1054 statim
541 1012 598 1054 eis
621 1012 776 1053 delusio
798 1012 910 1053 facta
932 1012 1146 1067 putatur.”

178 1081 196 1133 ᾧ
222 1083 319 1121 188.
355 1079 671 1121 Sciscitantibus
705 1079 835 1128 nobis,
870 1094 923 1119 an
948 1079 1033 1133 ipse
1060 1078 1110 1119 de
1131 1077 1368 1133 hujusmodi
1389 1079 1652 1134 procursibus

120 1147 442 1203 pertimesceret,
466 1145 585 1196 dixit,
610 1145 718 1200 quod
740 1160 821 1186 non
843 1145 1019 1200 amplius
1040 1160 1113 1200 pro
1142 1146 1200 1186 eis
1235 1145 1439 1186 inhorruit
1465 1162 1588 1200 quam
1619 1147 1652 1187 si

121 1213 245 1255 flatus
266 1213 469 1255 moventis
489 1213 594 1255 aeris
616 1213 725 1253 circa
746 1227 787 1254 se
809 1212 993 1254 sentiret.
1057 1216 1083 1233 “
1107 1211 1239 1253 Facto
1262 1211 1404 1254 Crucis
1426 1212 1651 1267 signaculo,

120 1281 222 1322 nihil
263 1281 428 1321 omnino
464 1279 724 1335 pertimesco,
757 1279 828 1320 sed
861 1278 1027 1320 nutanti
1069 1278 1312 1333 quandoque
1354 1279 1552 1334 palpebra
1595 1280 1652 1321 eis

124 1347 265 1388 illudo.
320 1346 558 1402 3Indignati
580 1345 791 1387 multoties
813 1345 980 1401 spiritus
1012 1345 1182 1400 maligni
1211 1361 1277 1386 me
1298 1346 1391 1387 telis
1415 1346 1657 1388 ardentibus

122 1419 337 1470 appetunt,
365 1414 432 1455 ille
453 1413 694 1455 ardentibus
721 1412 880 1462 faculis,
916 1412 994 1454 iste
1016 1412 1133 1453 clava
1153 1413 1218 1454 Vel
1239 1413 1411 1462 malleis,
1435 1413 1504 1454 alii
1525 1413 1658 1455 acutis

122 1481 357 1536 forcipibus,
400 1480 584 1522 nonnulli
629 1479 873 1521 stridoribus
920 1480 1100 1520 cruentis
1148 1494 1245 1534 erga
1287 1495 1353 1520 me
1398 1480 1652 1529 desaeviunt3

124 1563 297 1603 quorum
319 1547 503 1588 omnium
533 1547 658 1588 minae
681 1546 746 1587 vel
768 1546 997 1602 indignatio
1034 1546 1074 1587 in
1106 1546 1220 1588 brevi
1252 1547 1449 1602 temporis
1480 1547 1654 1588 articulo

123 1615 322 1670 praeterit,
362 1630 410 1656 ac
445 1615 557 1656 velut
591 1613 768 1655 volantis
803 1628 1047 1654 aranearum
1091 1612 1219 1663 4telae,
1256 1613 1419 1655 illorum
1456 1614 1657 1656 fortitudo

123 1686 342 1723 attenuata
382 1680 617 1736 pertransit.
702 1679 941 1734 Aliquando
986 1679 1111 1733 aliqui
1151 1680 1314 1721 illorum
1357 1682 1494 1736 capita
1534 1696 1657 1736 supra

124 1748 305 1790 trabium
328 1748 474 1789 domus
494 1746 616 1803 hujus
638 1746 898 1788 altitudinem
923 1747 1134 1794 attollunt,
1162 1747 1330 1801 quidam
1351 1763 1447 1788 vero
1470 1748 1583 1789 velut
1605 1748 1658 1788 ad

126 1815 213 1857 alta
252 1815 440 1870 polorum
474 1814 640 1869 fastigia
672 1818 861 1868 porrecta
901 1813 1005 1854 colla
1038 1813 1322 1867 protendunt3
1362 1829 1657 1869 nonnunquam

127 1882 236 1923 inter
266 1882 430 1937 grabati
460 1879 582 1937 hujus
617 1885 741 1934 atque
774 1879 943 1935 parietis
976 1880 1109 1934 spatia
1135 1880 1354 1930 dissiliunt,
1388 1881 1557 1935 quidam
1590 1881 1658 1922 hic

126 1964 263 1990 coram
290 1964 356 1989 me
389 1948 430 1988 in
467 1962 632 1989 scamno
664 1947 742 1988 isto
777 1947 861 1988 sive
898 1946 1088 1988 subsellio
1118 1947 1349 1988 subsidunt.
1414 1948 1659 1989 Immutatio

128 2016 271 2057 formae
289 2015 451 2056 illorum
473 2015 532 2055 ita
549 2014 692 2055 crebra
706 2019 746 2054 et
764 2013 913 2055 diversi
927 2013 1087 2068 generis
1109 2013 1284 2063 exsistit,
1303 2014 1465 2068 qualem
1481 2015 1659 2056 hominis

128 2083 269 2138 lingua
285 2097 470 2123 sermone
492 2097 573 2122 non
592 2080 813 2135 exprimit3
839 2095 935 2120 nam
952 2080 1074 2120 modo
1092 2080 1228 2134 aquila
1250 2090 1443 2135 protensa
1464 2082 1661 2122 tibiarum

127 2148 384 2204 longitudine
407 2148 474 2189 hic
495 2148 686 2197 transilit,
711 2162 803 2201 quae
826 2147 1060 2201 plumarum
1077 2146 1279 2188 ⁵fascidiis
1301 2148 1396 2188 hinc
1413 2148 1659 2198 albentibus,

128 2215 224 2257 inde
245 2215 580 2270 nigrescentibus,
612 2214 776 2255 aliunde
801 2213 937 2254 lividis
951 2213 1014 2254 vel
1037 2213 1291 2265 rubentibus,
1315 2215 1393 2255 hac
1418 2215 1569 2256 croceis
1590 2230 1661 2256 seu

129 2282 358 2338 saphirinis,
400 2282 493 2323 illac
521 2297 616 2323 vero
647 2280 744 2322 villo
777 2280 943 2320 horrido
972 2284 1013 2320 et
1038 2280 1211 2321 barbaro
1248 2296 1290 2322 se
1327 2282 1660 2323 transformando

128 2348 264 2390 induit
298 2354 338 2390 et
369 2348 563 2389 infundit.
635 2347 798 2388 Pedum
832 2362 928 2387 vero
960 2346 1136 2388 alterum
1164 2348 1206 2388 in
1245 2348 1418 2389 sublime
1454 2349 1586 2403 erigit,
1621 2353 1662 2389 et

132 2415 245 2470 quasi
278 2415 463 2470 monipes
504 2414 744 2468 quandoque
778 2429 849 2454 seu
885 2413 1046 2468 sonipes
1073 2413 1186 2455 velut
1218 2415 1485 2464 errabundus,
1513 2430 1662 2470 anceps

130 2482 285 2524 incedit
304 2499 314 2530 ς
350 2481 594 2535 quandoque
616 2486 662 2521 ut
685 2480 803 2522 simia
837 2480 971 2535 capite
993 2480 1154 2529 innuit3
1189 2481 1404 2535 aliquoties
1426 2497 1522 2522 vero
1553 2476 1662 2522 6sac-

133 2549 248 2590 culus
295 2548 491 2590 stramine
526 2546 708 2602 ⁷repleto
739 2562 780 2588 se
823 2546 1106 2597 circumducit,
1148 2562 1223 2588 nec
1264 2548 1388 2603 pedes
1421 2548 1546 2589 habet
1590 2553 1662 2589 aut

130 2660 233 2693 Plinii
261 2659 351 2694 Hist.
379 2658 462 2693 Nat.
486 2658 547 2692 lib.
566 2658 621 2691 vii.
638 2670 668 2692 c.
687 2660 718 2692 2.
737 2664 819 2693 tom.
837 2658 860 2691 i.
878 2670 910 2703 p.
939 2659 1018 2701 373,
1045 2659 1125 2692 cdit.
1147 2659 1316 2700 Hardou.;
1344 2659 1396 2692 Sir
1422 2658 1512 2691 John
1539 2658 1664 2692 Mann-

132 2706 270 2740 devile's
289 2706 441 2751 Voyagc,
458 2717 491 2750 p.
512 2707 590 2739 252.
988 2706 996 2724 ¹
1020 2705 1248 2750 Circwnilzts]
1273 2705 1454 2748 Circuitus,
1476 2704 1523 2740 H.

177 2753 190 2773 2
211 2752 315 2786 Nullo
332 2752 452 2797 modo]
479 2752 552 2784 The
573 2751 619 2784 H.
640 2751 714 2784 MS.
733 2750 840 2794 reads,
860 2752 880 2769 “
897 2753 905 2769 ‘
919 2750 1027 2785 Nullo
1045 2751 1169 2794 modo,⁷
1198 2752 1317 2796 inquit,
1345 2753 1353 2769 ‘
1367 2763 1482 2784 corum
1506 2751 1663 2785 frendens

132 2799 263 2832 insania
281 2798 474 2841 destruitur,
493 2810 593 2842 quani
612 2797 695 2841 si,''’
714 2797 778 2831 ἄιε.

179 2846 191 2865 ³
212 2844 413 2890 Indignati]
442 2844 672 2889 Indignantes,
696 2844 743 2878 H.
1027 2846 1039 2865 ⁴
1063 2842 1175 2889 Tela]
1206 2843 1489 2885 Volantis——tehu
1511 2844 1616 2879 MSS.

180 2893 192 2910 ⁵
214 2890 401 2937 Fascidztis]
430 2890 628 2935 Fasciculis,
652 2891 697 2924 H.
1029 2891 1041 2910 ⁶
1060 2888 1242 2935 Saeculus.]
1271 2890 1332 2923 See
1351 2891 1448 2935 again
1467 2890 1482 2936 ξ
1502 2892 1581 2926 237.

177 2938 189 2956 ⁷
211 2936 379 2983 Replem]
408 2937 582 2982 Replctus,
607 2937 649 2969 H.
