1839 3186
182 171 237 212 98
694 180 931 213 LIBELLUS
967 180 1031 212 DE
1067 180 1184 212 VITA

185 285 463 339 colloquentes
495 284 712 339 aliquoties
755 284 990 335 alleviabat,
1040 289 1081 325 et
1123 284 1321 325 miraculo
1364 285 1485 326 simul
1524 288 1565 325 et
1597 283 1721 325 verbo

185 351 311 393 corda
331 351 590 393 audientium
612 366 695 407 prae
708 349 986 406 jocunditatis
1006 350 1158 406 gaudio
1183 350 1195 371 ¹
1211 352 1501 393 succendebat.

188 643 275 668 CAP.
314 643 380 668 XL.
460 642 627 671 QUANTA
664 641 837 666 PIETATE
874 640 989 665 CIROA
1028 640 1163 666 BRUTA
1195 640 1435 666 ΑΝΙΜΑΝΤΙΑ
1468 641 1621 667 DUCTUS
1653 642 1723 676 SIT,

224 710 271 734 ET
302 709 512 738 QUALITER
542 709 594 733 EA
626 708 773 733 SAEPIUs
804 707 854 732 DE
885 707 1072 733 MANIBUS
1103 707 1393 733 DIRIPIENTIUM
1427 692 1682 734 ERIPUERIT.2

250 815 359 868 §88
397 815 593 859 DEMQUE
628 814 683 869 pii
718 813 895 869 pectoris
930 813 1038 855 illius
1070 813 1268 855 serenitas
1303 829 1383 854 non
1422 819 1587 856 tantum
1628 830 1726 869 erga

190 883 404 923 hominum
426 882 582 923 auxilia
604 881 765 930 claruit,
790 896 934 922 verum
969 880 1095 921 etiam
1116 880 1332 935 reptilibus
1363 896 1411 921 ac
1444 881 1725 923 animantibus

192 954 315 990 terrae
357 948 538 1003 prudens
580 948 707 1003 ipsius
754 947 988 989 sollicitudo
1033 948 1278 1001 quandoque
1317 948 1533 988 consuluit.
1617 948 1727 989 Nam

184 1009 427 1071 ‘algentibus
458 1015 774 1069 circumquaque
805 1014 961 1054 brumae
994 1013 1210 1068 rigoribus,
1249 1014 1336 1069 ipse
1375 1014 1636 1069 nudipedalis
1666 1014 1728 1055 in-

195 1083 330 1132 cessit,
354 1087 395 1123 et
427 1082 459 1123 si
494 1082 599 1122 forte
628 1081 783 1135 aliquid
806 1080 959 1121 animal
980 1081 1143 1135 glaciali
1165 1080 1448 1134 inquietudine
1482 1081 1727 1122 dissolutum

195 1149 452 1204 repperisset,
486 1149 594 1189 inter
625 1148 793 1189 ascellas
818 1162 924 1196 suas,
949 1148 1012 1188 vel
1044 1152 1153 1188 certe
1188 1147 1231 1187 iu
1259 1147 1351 1189 sinu
1379 1162 1464 1197 sue,
1501 1148 1728 1188 refocillan-

195 1215 295 1256 dum
333 1230 577 1269 componere
616 1214 841 1255 consuevit.
904 1213 1031 1254 Unde
1073 1214 1220 1268 saepius
1253 1214 1345 1268 pius
1386 1214 1623 1268 explorator
1656 1230 1729 1269 per

195 1282 354 1337 sepium
377 1281 504 1323 densa
525 1297 595 1323 seu
613 1296 830 1322 nemorosa
850 1280 1037 1335 veprium
1068 1295 1197 1335 opaca
1215 1280 1472 1328 circumivitg
1512 1285 1553 1321 et
1575 1280 1607 1323 si
1633 1280 1731 1335 quid

196 1364 292 1390 casu
331 1348 485 1389 animal
524 1363 752 1396 erroneum,
787 1362 858 1388 seu
895 1346 1093 1402 temporis
1128 1347 1443 1402 importunitate
1479 1347 1729 1402 depressum,

196 1415 418 1470 fatigatum
450 1420 522 1456 aut
549 1414 855 1463 moribundum,
889 1414 1147 1468 repperisset,
1172 1414 1280 1468 quali
1305 1414 1440 1468 potuit
1473 1414 1574 1456 artis
1601 1414 1731 1455 medi-

197 1482 355 1523 camine
376 1481 597 1536 reparavit.
661 1480 840 1522 Videres
856 1496 902 1521 eo
925 1489 1109 1535 tempore
1132 1481 1356 1521 exteriores
1378 1481 1541 1535 plantas
1561 1481 1728 1536 pedum,

198 1553 239 1589 et
261 1548 471 1589 inferiores
490 1548 607 1603 pellis
628 1548 839 1602 uliginosae
856 1547 1048 1602 planities
1069 1547 1318 1601 plantarum,
1342 1548 1494 1602 patulis
1515 1548 1731 1589 vulnerum

197 1615 380 1656 hiatibus
402 1619 512 1656 totas
546 1614 726 1668 undique
752 1613 978 1668 diriguisse,
1009 1629 1056 1654 ac
1090 1612 1309 1668 profluenti
1345 1614 1456 1654 sanie
1482 1614 1731 1669 multiplices

199 1681 439 1723 cicatricum
470 1681 639 1722 rimulas
679 1681 884 1721 horrendo
923 1680 1157 1735 spectaculo
1199 1695 1450 1735 comparere.
1513 1681 1726 1735 Siquidem

198 1747 372 1789 ³hiulcis
404 1748 609 1789 meatibus
644 1748 860 1789 vulnerum
889 1747 954 1788 vel
989 1747 1142 1802 patulis
1175 1747 1334 1788 rimulis
1367 1747 1574 1788 sanierum
1606 1748 1728 1789 unius

199 1814 319 1870 digiti
340 1814 517 1855 latitudo
550 1815 696 1856 leviter
723 1815 925 1869 potuisset
949 1814 1123 1864 infundi,
1157 1829 1246 1867 quae
1278 1829 1381 1868 pene
1413 1829 1540 1868 usque
1576 1814 1728 1856 ossium

198 1881 394 1923 interiora
430 1882 616 1922 crederes
646 1882 828 1935 potuisse
860 1880 1064 1935 protendi.
1128 1881 1287 1932 Quibus
1324 1880 1582 1921 miseriarum
1617 1881 1728 1922 dolo-

197 1948 310 1989 ribus
344 1963 555 2002 nunquam
586 1963 727 1989 curam
758 1947 937 2001 aliquam
965 1947 1252 1987 medicinalem
1274 1946 1477 1997 adhibuit,
1501 1947 1573 1988 sed
1596 1962 1728 2001 neque

200 2030 273 2069 pro
315 2014 453 2068 aliqua
502 2014 732 2069 ingruentis
780 2013 949 2068 periculi
987 2013 1262 2063 inclementia,
1308 2013 1406 2053 foris
1446 2013 1637 2068 progredi
1681 2028 1729 2055 ac

198 2081 390 2135 operibus
412 2081 618 2121 consuetis
638 2079 828 2134 occupari
850 2079 1070 2133 aliquando
1092 2075 1357 2120 4intermisit.

247 2188 256 2208 ¹
276 2188 523 2235 succendebat]
552 2190 572 2206 “
585 2189 625 2221 Iu
642 2188 734 2221 brevi
753 2193 828 2233 post
845 2188 909 2221 hoc
923 2188 1129 2221 silvestrium
1148 2188 1293 2222 ferarum
1310 2200 1393 2233 grex
1408 2190 1564 2234 copiosus
1582 2189 1729 2232 advenit,

201 2236 258 2281 qui
276 2241 408 2269 teneras
425 2235 513 2268 horti
531 2235 666 2268 frondes
683 2246 894 2277 consumere,
913 2234 1134 2279 confringere,
1153 2235 1313 2268 divellere
1338 2236 1523 2280 satagebat.
1574 2235 1637 2269 Ille
1654 2247 1730 2281 pro-

200 2294 346 2327 gressus,
372 2281 505 2315 turbam
532 2281 573 2314 de
599 2281 674 2314 loeo
696 2281 743 2314 ire
771 2280 955 2325 prohibuit,
982 2287 1015 2314 et
1033 2293 1134 2314 unam
1163 2281 1296 2314 illarum
1327 2281 1419 2326 virga
1436 2288 1486 2315 ter
1510 2283 1677 2327 percussit
1694 2282 1728 2315 in

201 2329 316 2362 latere.
381 2328 514 2361 Interea
538 2339 611 2361 eam
640 2327 782 2361 deduxit
807 2339 867 2372 per
892 2327 1040 2371 hortum,
1067 2328 1189 2361 damna
1217 2340 1291 2373 quae
1317 2328 1359 2361 ab
1385 2328 1452 2362 illis
1477 2328 1586 2362 fuerat
1609 2340 1729 2374 passus

204 2374 362 2421 [innuit,]
391 2380 423 2407 et
440 2386 521 2407 mox
548 2374 677 2407 elevata
701 2385 805 2406 manu
831 2379 864 2406 et
882 2386 963 2407 voce
989 2386 1050 2407 sua
1076 2374 1174 2418 dixit,
1202 2374 1264 2407 ‘In
1290 2375 1427 2408 nomine
1445 2375 1530 2409 Jcsu
1558 2374 1728 2408 Nazareni

202 2422 268 2455 cito
286 2421 446 2462 recedite,
463 2433 525 2454 nec
544 2426 621 2454 ante
638 2432 784 2453 messem
810 2419 876 2453 huc
902 2420 1062 2454 accedere
1086 2421 1322 2466 praesumatis?
1374 2421 1482 2465 Igitur
1506 2421 1660 2455 modesto
1678 2421 1729 2454 in·-

202 2480 301 2502 eessu
318 2474 350 2501 et
369 2468 537 2501 submisso
556 2467 666 2512 eapite
682 2478 765 2511 grex
785 2471 873 2500 totus
892 2467 1071 2512 egreditur,
1091 2467 1146 2512 qui
1166 2467 1290 2501 saliens
1309 2473 1341 2500 et
1359 2468 1502 2501 saeviens
1520 2468 1585 2501 fuit
1602 2468 1729 2512 ingres—

203 2526 271 2548 sus.
323 2514 401 2559 Ipse
428 2525 505 2547 vero
533 2513 734 2546 infirmiores
752 2512 875 2546 blanda
897 2525 999 2546 manu
1026 2520 1117 2547 trans
1143 2514 1230 2547 horti
1257 2520 1352 2559 septa
1376 2513 1543 2558 deposuit.
1592 2513 1729 2547 Exinde

201 2572 374 2606 nunquam
392 2560 462 2593 fera
479 2560 645 2593 silvestris
664 2559 715 2592 vel
733 2560 805 2602 ejus
824 2559 957 2593 arbores
981 2560 1080 2603 laesit,
1100 2560 1152 2593 vel
1170 2572 1271 2605 quem
1289 2560 1360 2605 ipse
1374 2560 1567 2604 praefixerat
1584 2560 1727 2593 limitem

200 2607 394 2652 praeterivit.
445 2606 533 2640 Cum
551 2606 648 2639 nobis
666 2606 715 2639 vir
732 2611 869 2639 sanetus
892 2607 956 2639 ista
973 2612 1132 2650 narraret,
1151 2606 1348 2651 objurgabat
1365 2606 1519 2639 homines
1543 2606 1729 2639 obstinatos

202 2654 257 2698 qui
278 2654 342 2687 Dei
367 2659 536 2699 praecepta
563 2658 794 2695 contemnunt,
814 2652 947 2696 quando
968 2653 1105 2697 quidem
1135 2653 1320 2686 animantia
1348 2652 1447 2685 bruta
1465 2664 1637 2687 servorum
1663 2652 1727 2685 Dei

201 2700 302 2733 verba
318 2705 508 2733 reverenter
525 2699 735 2744 excipiunt.”
761 2699 873 2732 Anon.
893 2699 1031 2743 Legend
1049 2700 1082 2732 in
1103 2699 1198 2732 Harl.
1217 2699 1293 2732 MS.

246 2746 260 2766 ²
286 2746 433 2792 Chapter
451 2746 549 2780 XLI.
568 2747 603 2779 in
620 2745 677 2779 the
696 2745 791 2778 Harl.
812 2745 887 2779 MS.
1123 2746 1136 2765 ³
1154 2744 1315 2791 Hiulcis]
1344 2745 1512 2790 Hyuneis,
1539 2745 1578 2778 B.

246 2793 259 2813 4
279 2792 494 2839 Intermisit]
525 2792 598 2825 The
615 2792 735 2825 author
753 2791 790 2824 of
803 2791 860 2824 the
886 2802 1096 2836 anonymous
1123 2792 1198 2825 Life
1216 2791 1294 2825 thus
1312 2792 1423 2824 writes
1440 2804 1446 2825 :
1475 2793 1496 2809 ‘⁴
1511 2791 1574 2824 Vir
1591 2795 1728 2825 sanctus

197 2838 321 2883 hyeme
347 2839 595 2883 quantumlibet
620 2838 755 2871 horrida
780 2849 912 2882 semper
937 2838 1037 2870 nudis
1064 2837 1207 2882 pedibus
1230 2837 1418 2871 incedebat.
1471 2837 1572 2871 Unde
1598 2837 1728 2870 videres

199 2886 271 2927 ejus
289 2885 392 2930 pedes
409 2885 532 2919 hiulcis
550 2890 664 2930 patere
682 2884 887 2927 vulneribus,
915 2890 952 2917 ut
978 2884 1103 2928 digitus
1120 2884 1219 2918 facile
1236 2890 1350 2929 posset
1368 2884 1533 2928 immergi,
1557 2890 1590 2917 et
1612 2883 1728 2917 multi-
