1839 3186
86 576 315 619 INCIPIT
350 576 737 618 *PROOEMIUM
773 574 837 615 IN
870 549 1075 615 VITAM
1111 573 1328 616 SANOTI
1363 571 1614 615 GODRICI

657 641 1046 683 HEREMITAE.2

144 772 161 825 ἓ
185 774 223 813 4.
262 772 517 815 OUNCTORUM
549 771 706 812 animos
725 768 887 811 novitas
909 769 1046 823 aliqua
1070 768 1280 810 succendit
1308 768 1362 809 ad
1389 772 1612 821 stuporem,

87 844 128 880 et
160 839 444 887 admirationis
472 837 743 880 consideratio
780 836 1074 877 multimodum
1109 851 1244 876 creare
1274 834 1486 876 consuevit
1518 848 1615 873 con-

85 905 296 947 solationis
334 906 536 947 ardorem.
624 905 774 958 Stupet
817 903 981 956 quidem
1021 902 1182 944 animus
1217 902 1316 942 dum
1352 900 1507 955 aliquid
1552 900 1610 940 in-

87 978 249 1014 suetum
272 972 461 1021 audierit,
475 972 651 1012 miratur
669 970 683 991 3
697 969 856 1024 quoties
875 969 1079 1010 recentius
1104 969 1314 1024 quippiam
1334 984 1386 1009 ex
1407 968 1613 1022 insperato

86 1039 318 1094 provenisse
351 1038 583 1093 contigerit,
608 1036 786 1078 ardescit
822 1036 876 1076 ad
909 1035 1074 1076 insolita
1110 1041 1150 1076 et
1179 1036 1387 1090 insperata
1416 1033 1614 1089 pervesti—

85 1105 235 1160 ganda,
259 1121 306 1146 eo
337 1105 445 1159 quod
471 1102 706 1159 hujusmodi
734 1102 884 1143 notitia
908 1102 1067 1143 dulcius
1093 1102 1229 1142 animo
1257 1102 1488 1142 innotescit.
1563 1101 1614 1140 In

85 1172 149 1212 his
175 1187 267 1213 vero
289 1187 378 1226 quse
412 1171 608 1212 divinitus
639 1169 897 1225 proveniunt,
928 1168 1055 1209 animi
1085 1167 1267 1209 fidelium
1298 1168 1421 1209 altius
1460 1167 1614 1221 inquir-

87 1238 202 1279 endis
237 1237 579 1286 infiammescunt,
612 1236 722 1277 unde
752 1242 893 1290 stupor
924 1250 1064 1276 eorum
1089 1234 1135 1275 fit
1164 1251 1236 1290 pro
1266 1235 1453 1276 miraculi
1480 1234 1616 1274 dulce-

87 1304 193 1355 dine,
214 1305 434 1346 admiratio
464 1320 536 1359 pro
563 1303 711 1345 divinae
737 1302 880 1358 gratia}
908 1300 1127 1357 magnifica
1154 1302 1416 1351 revelatione,
1442 1300 1618 1355 fiagran-

86 1371 146 1412 tia
167 1372 460 1413 desideriorum
482 1386 555 1426 pro
579 1370 664 1425 spei
687 1369 931 1411 Christianae
951 1369 1222 1410 consolatoria
1240 1368 1491 1409 visitatione.
1564 1367 1614 1407 In

86 1438 232 1492 quibus
265 1438 454 1480 omnibus
484 1437 645 1478 animus
674 1435 805 1478 fidelis
832 1436 1027 1485 exsultat,
1066 1436 1161 1489 quia
1189 1435 1269 1476 Dei
1304 1434 1522 1476 clementia
1557 1433 1614 1475 sic

86 1520 158 1559 per
176 1505 405 1559 aliquorum
427 1519 550 1559 opera
564 1504 629 1545 vel
650 1503 799 1544 merita
819 1503 955 1557 plures
976 1502 1196 1544 refovendo
1216 1501 1414 1542 laetificat.
1478 1501 1617 1542 Unius

87 1571 253 1625 quidem
274 1572 467 1612 meritum
489 1571 692 1626 singulare
719 1569 909 1611 omnibus
940 1574 1001 1610 est
1034 1568 1211 1611 victricis
1239 1567 1334 1609 fidei
1365 1569 1614 1623 praecoiiium

87 1638 364 1693 triumphale,
402 1653 499 1679 nam
523 1638 621 1678 dum
650 1637 770 1678 unius
805 1636 854 1677 de
882 1636 1001 1676 hoste
1037 1635 1210 1677 victoria
1243 1636 1484 1684 celebratur,
1516 1650 1615 1675 mox

88 1719 203 1746 mens
227 1704 395 1746 alterius
416 1705 470 1745 ad
492 1698 767 1745 consimilem4
782 1702 1018 1743 obtinendae
1041 1702 1187 1757 palmae
1204 1702 1377 1757 gloriam
1396 1702 1614 1743 vehemen-

88 1771 170 1812 tius
191 1771 410 1811 animatur.
482 1770 595 1810 Hinc
620 1770 746 1825 igitur
771 1774 831 1810 est
855 1769 964 1822 quod
985 1768 1106 1809 unius
1131 1769 1401 1818 conversatiO,
1424 1768 1524 1818 vita,
1548 1768 1614 1809 vel

87 1837 296 1887 meritum,
329 1837 518 1892 generale
557 1841 619 1877 est
660 1835 849 1876 omnibus
888 1834 1130 1876 imitationis
1172 1835 1436 1889 exemplunm
1490 1839 1614 1888 atque

90 1909 207 1944 tanto
228 1904 365 1958 plures
386 1903 667 1944 accenduntur
689 1902 742 1942 ad
761 1917 868 1942 nova
889 1901 1055 1955 pietatis
1078 1901 1282 1949 incendia,
1307 1906 1461 1955 quanto
1482 1901 1615 1956 magis

88 1970 154 2011 vel
192 1969 358 2011 effusius
394 1969 615 2010 claruerint
655 1968 887 2021 aliquorum
927 1982 1034 2009 nova
1067 1968 1132 2008 vel
1167 1968 1356 2008 inaudita
1391 1968 1619 2009 certamina

88 2036 319 2078 victoriosa.
383 2036 564 2076 Proinde
602 2033 775 2089 alicujus
812 2033 966 2075 Christi
1002 2034 1145 2075 militis
1177 2034 1371 2075 victorias
1401 2034 1494 2075 stilo
1526 2050 1615 2075 cur-

86 2108 201 2144 rente
226 2103 466 2153 describere,
490 2107 551 2143 est
582 2100 724 2142 multis
745 2100 824 2141 viae
861 2100 1079 2154 incognitae
1104 2101 1296 2141 notitiam
1319 2101 1615 2142 demonstrare.

90 2169 302 2223 Siquidem
323 2169 472 2223 singuli
497 2168 657 2222 quique,
696 2167 764 2221 qui
794 2167 887 2207 haec
918 2166 1106 2217 audiunt,
1138 2182 1212 2221 pro
1244 2167 1390 2207 auditu
1418 2168 1620 2208 bonorum

87 2236 313 2277 recentium
335 2235 511 2290 amplius
534 2233 877 2274 inflammescunt.
948 2233 1138 2274 Aliorum
1175 2233 1302 2288 igitur
1331 2234 1480 2275 laboris
1506 2250 1619 2274 exer—

89 2303 200 2351 citia,
223 2303 447 2343 multorum
480 2300 526 2342 fit
559 2299 843 2341 aedificationis
875 2300 1077 2353 exempla.
1149 2299 1262 2340 Hinc
1287 2300 1426 2354 itaque
1448 2301 1617 2341 retis-ere

89 2384 180 2422 quae
215 2369 416 2417 novimus,
451 2367 568 2408 nobis
603 2367 689 2407 fore
733 2366 1008 2420 periculosum
1044 2366 1330 2420 agnoscimus3
1381 2361 1615 2407 ‘’talentum

89 2435 252 2489 quidem
292 2434 462 2475 Domini
502 2448 576 2474 nec
618 2433 692 2474 sub
728 2437 839 2473 terra
872 2432 1159 2472 occultationis
1196 2432 1392 2474 debemus
1424 2433 1616 2482 effodere,

87 2517 217 2555 neque
232 2501 466 2556 margaritae
489 2499 722 2554 splendores
742 2498 887 2539 rutilos
908 2498 983 2539 sub
1000 2498 1241 2553 ignorantiae
1264 2500 1391 2553 paleis
1413 2500 1615 2540 obvelare.

135 2626 145 2644 ¹
173 2626 398 2673 Prooemium]
426 2626 501 2660 MS.
521 2626 750 2659 prohemium.

133 2672 146 2691 ²
172 2672 245 2706 The
261 2673 432 2717 following
448 2673 477 2706 is
494 2673 551 2706 the
568 2673 643 2705 title
660 2671 813 2717 prefixed
830 2677 864 2704 to
882 2671 939 2704 the
955 2670 1116 2704 Harleian
1134 2670 1210 2703 MS.
1227 2683 1233 2704 :
1247 2672 1268 2689 ‘⁶
1284 2670 1408 2715 Incipit
1425 2669 1613 2714 proemium

89 2719 122 2751 in
156 2718 391 2763 subsequentis
424 2719 533 2764 operis
566 2718 784 2764 perceptibile
818 2718 1100 2763 experimentum,
1131 2717 1274 2761 qualiter
1308 2716 1478 2757 videlicet,
1511 2715 1613 2757 hujus

89 2764 230 2809 scriptor
252 2765 404 2810 opusculi
427 2765 470 2798 ad
490 2765 563 2798 haec
589 2764 761 2798 memoriae
784 2763 1052 2797 commendanda
1082 2775 1117 2796 se
1147 2763 1338 2806 contulerit,
1365 2762 1417 2795 vel
1444 2773 1463 2794 a
1493 2762 1615 2806 quibus

89 2810 285 2844 relatoribus
302 2811 483 2856 paradoxis
501 2823 539 2844 ea
557 2811 746 2844 didicci·it.''

136 2858 148 2875 ³
177 2856 339 2903 Quoties]
368 2858 458 2890 Here
476 2858 542 2890 and
560 2857 741 2890 elsewhere
759 2857 816 2890 the
835 2857 934 2890 MSS.
954 2856 1031 2889 read
1050 2857 1071 2873 ‘⁴
1085 2855 1277 2899 quotiens.”

136 2906 146 2923 ⁴
177 2902 396 2948 ()l›ezssnenclnz.]
424 2903 500 2937 MS.
519 2903 719 2948 optinendae.
908 2904 920 2921 ⁵
952 2901 1153 2947 Talentum]
1182 2902 1215 2936 S.
1234 2900 1357 2934 Matth.
1379 2911 1458 2934 xxv.
1481 2903 1533 2934 25,

1397 2970 1415 2991 (3
