1839 3186
210 146 295 193 378
730 159 965 191 LIBELLUs
1001 158 1066 190 DE
1103 157 1220 189 VITA

210 265 339 321 pexit,
362 264 513 320 singuli
535 279 677 306 eorum
698 263 767 318 qui
798 263 965 304 fuerunt
989 260 1206 302 manifeste
1228 258 1434 315 cognovit,
1457 262 1499 299 et
1513 255 1744 299 ,sanitatem

211 331 519 388 integerrimam
539 331 589 372 de
612 330 682 372 illo
703 335 864 372 tumore
885 344 934 370 ac
961 328 1068 370 mole
1088 326 1261 382 recepit.-

801 496 908 521 XXII.
941 495 992 520 DE
1022 494 1129 520 CAECA
1136 511 1144 519 .

274 595 291 647 ᾗ
316 592 416 639 374.
450 594 584 635 SOROR
612 593 809 649 praeconis
849 592 900 633 de
938 592 1199 634 1Heseldene
1231 591 1363 632 multo
1393 594 1580 645 tempore
1608 588 1748 629 lumen

218 661 432 703 oculorum
467 660 692 711 amiserat;
724 659 834 715 quod
866 659 963 701 illuc
995 658 1175 709 veniens,
1198 658 1378 714 perfecte
1399 655 1684 711 recuperabat.

739 820 861 845 XXIII.
892 819 992 844 ITEM
1022 820 1074 844 DE
1106 819 1216 844 ALIA.

278 922 304 979 ξ
327 918 459 967 3747}-
493 922 689 974 QUAEDAM
713 919 763 960 de
792 918 987 974 hospitali
1019 917 1362 960 Dunelmensium
1389 918 1644 960 infirmorum
1666 918 1751 960 fere

220 991 364 1032 diebus
386 988 546 1030 duobus
567 988 609 1028 in
625 985 774 1042 agonia
795 990 837 1027 et
859 985 1014 1027 exstasi
1038 985 1121 1026 illic
1143 990 1352 1040 prostrata
1371 985 1580 1037 decubuit,
1596 1001 1688 1041 quae
1710 986 1753 1027 in

223 1057 357 1112 specie
379 1055 581 1097 columbae
606 1053 807 1094 Sanctum
839 1052 1044 1093 Thomam
1066 1052 1174 1093 circa
1203 1067 1245 1094 se
1266 1051 1477 1094 volantem
1498 1054 1541 1094 in
1567 1053 1752 1095 cominus

224 1124 342 1166 vidit.
423 1123 538 1163 Dum
576 1121 703 1175 igitur
739 1119 973 1160 columbam
1014 1119 1122 1160 circa
1170 1134 1212 1160 se
1248 1118 1416 1174 propius
1452 1120 1571 1170 vidit,
1611 1120 1755 1161 multis

222 1189 460 1232 videntibus
511 1187 658 1242 saepius
714 1201 806 1227 eam
858 1185 1049 1226 manibus
1106 1186 1452 1240 comprehendere
1504 1187 1594 1228 nisa
1643 1186 1751 1235 fuit;

227 1258 292 1298 cui
329 1261 370 1297 et
410 1270 493 1299 vox
523 1254 655 1295 sancti
698 1267 859 1307 semper
894 1251 1017 1300 dixit,
1058 1252 1413 1301 “Praemeditare‚
1455 1252 1755 1308 praemeditare,

224 1329 265 1365 et
298 1327 550 1365 secretorum
584 1320 735 1361 animae
772 1324 854 1359 tuae
890 1318 1190 1360 reminiscere?
1261 1319 1382 1372 Quod
1412 1320 1631 1362 advertens
1667 1334 1757 1361 cus-

225 1396 290 1432 tos
329 1389 545 1439 Ecclesiae,
589 1387 791 1428 accersito
830 1385 1057 1436 sacerdote,
1094 1386 1192 1427 fecit
1229 1401 1321 1427 eam
1358 1402 1460 1442 pure
1507 1387 1558 1428 de
1590 1387 1758 1429 secretis

225 1457 375 1498 animae
423 1453 718 1497 confessionem
756 1452 903 1493 facere.
981 1452 1074 1504 Qua
1109 1453 1233 1502 facta,
1270 1453 1420 1495 iterum
1458 1453 1501 1495 in
1544 1468 1758 1496 excessum

229 1523 380 1566 mentis
394 1521 582 1578 procidit,
601 1525 642 1561 et
664 1535 745 1561 non
760 1519 893 1560 multo
908 1524 1000 1574 post
1023 1534 1123 1561 sana
1143 1520 1197 1560 ad
1220 1520 1350 1561 altare
1370 1521 1585 1576 processit,
1608 1525 1649 1561 et
1671 1521 1759 1561 haec

228 1590 367 1631 omnia
388 1589 578 1630 omnibus
602 1586 822 1628 enarravit.
895 1585 1012 1636 Haec,
1036 1586 1213 1628 testibus
1235 1587 1391 1637 multis,
1418 1588 1549 1629 multo
1573 1592 1759 1642 tempore

226 1672 395 1712 gravem
416 1656 458 1697 in
473 1654 663 1696 omnibus
682 1653 878 1694 membris
899 1651 1187 1694 infirmitatem
1206 1669 1328 1708 passa
1350 1653 1441 1704 fuit,
1459 1659 1500 1695 et
1519 1669 1591 1709 pro
1606 1654 1760 1695 lumine

228 1723 440 1764 oculorum
463 1722 547 1763 fere
566 1721 679 1776 prius
701 1720 899 1769 extincto,
925 1720 1077 1774 saepius
1100 1719 1143 1760 in
1166 1720 1313 1775 capitis
1336 1721 1569 1776 regionibus
1591 1720 1762 1762 diversis

227 1790 420 1832 cauteriis
444 1787 682 1830 exustulata
705 1786 950 1841 comparuit.

632 1952 750 1977 XXIV.
783 1952 834 1976 DE
870 1952 1043 1977 DIRUPTO
1074 1952 1347 1978 APOSTEMATE.

289 2049 426 2103 §375.
464 2052 639 2103 QUIDAM
677 2051 929 2093 Grillebertus
968 2051 1147 2099 nomine,
1179 2052 1438 2106 dispensator
1476 2051 1519 2092 in
1545 2051 1640 2093 villa
1675 2067 1765 2106 quae

231 2122 320 2159 erat
357 2117 471 2158 dicta
502 2117 813 2170 2Que12e11du11e‚
852 2117 976 2158 homo
1012 2117 1180 2158 Ricardi
1211 2118 1261 2159 de
1298 2117 1642 2169 3Punchardune,
1669 2118 1769 2160 satis

235 2183 439 2225 notissimi
484 2184 526 2225 in
565 2185 644 2225 hac
684 2184 862 2239 regione,
900 2183 979 2233 hic,
1020 2188 1126 2225 teste
1172 2184 1322 2225 domno
1361 2199 1446 2235 suc,
1491 2199 1585 2225 culn
1623 2187 1769 2226 ceteris

234 2248 322 2306 ejus
346 2250 557 2300 ministris,
580 2266 652 2305 per
676 2249 763 2292 dies
801 2250 1037 2305 quindecim
1060 2255 1273 2305 apostema
1297 2252 1586 2306 gravissimum
1616 2251 1658 2292 in
1681 2251 1768 2306 ipso

236 2316 329 2358 colli
352 2316 414 2358 sui
435 2321 604 2371 gutture
640 2317 813 2366 habuit3
854 2316 948 2358 inde
972 2321 1059 2358 tam
1096 2316 1294 2359 infirmari
1319 2318 1453 2373 coepit,
1479 2323 1525 2359 ut
1543 2333 1616 2373 per
1649 2318 1771 2359 horas

237 2383 390 2425 multas
419 2383 499 2424 diei
524 2383 712 2425 visitanti
736 2398 778 2425 se
803 2384 954 2425 domno
977 2399 1050 2425 suo
1073 2389 1114 2425 et
1152 2385 1311 2435 ceteris,
1333 2383 1423 2440 jam
1459 2385 1575 2439 quasi
1608 2385 1771 2439 expira-

236 2455 353 2491 turus
377 2450 583 2505 apparuit.
654 2449 850 2492 Ciborum
874 2449 980 2491 enim
1005 2450 1242 2492 alimoniam
1278 2451 1391 2492 nulla
1414 2457 1502 2492 arte
1524 2452 1566 2493 in
1597 2467 1666 2492 ore
1698 2465 1771 2492 suo

236 2517 402 2557 valebat
438 2516 672 2566 admittere,
709 2532 760 2558 ne
792 2532 837 2559 os
876 2516 1041 2571 quidem
1076 2518 1247 2572 aperire,
1282 2517 1360 2559 nisi
1392 2516 1565 2573 alicujus
1605 2517 1772 2558 cultello

236 2582 344 2623 inter
369 2583 514 2624 dentes
551 2582 703 2639 injecto
736 2583 874 2625 fauces
910 2582 997 2638 ejus
1024 2584 1217 2638 aperiret,
1241 2584 1584 2638 quandocumque
1615 2584 1773 2638 aliquos

236 2649 348 2690 cibos
373 2649 666 2704 degustaturus
685 2650 749 2691 vel
771 2650 995 2705 capiendus
1013 2655 1119 2691 esset
1138 2668 1148 2698 3
1184 2665 1304 2704 quem
1325 2666 1471 2692 manus
1492 2650 1773 2692 ministrorum

284 2770 291 2788 ¹
322 2768 531 2815 Heselslene]
559 2770 665 2803 Monk
686 2770 870 2810 Hoscldcn,
888 2783 907 2803 a
927 2771 1036 2815 parish
1056 2778 1088 2804 to
1107 2771 1163 2804 tlw
1181 2772 1370 2805 south-cast
1389 2773 1426 2805 of
1440 2772 1554 2805 Castle
1574 2771 1681 2805 Edon.

283 2816 294 2833 ²
323 2815 566 2862 Qucrcncltme]
596 2816 666 2849 Not
687 2818 735 2850 far
753 2817 836 2850 from
856 2817 912 2850 the
930 2818 1000 2863 city
1018 2818 1055 2851 of
1069 2817 1233 2862 Durhani,
1252 2818 1285 2851 in
1305 2818 1360 2852 the
1378 2818 1489 2864 parish
1509 2819 1547 2851 of
1560 2818 1703 2852 Kcllow.

287 2863 298 2881 ³
322 2863 593 2907 l’uusclmrdmza]
620 2863 856 2905 Punkardunc,
879 2864 925 2897 H.
