1839 3186
538 224 597 254 ET
633 223 901 255 MIRACULIS
938 223 973 254 s.
1001 222 1214 254 GonRior.
1563 212 1636 253 34]

105 442 191 467 CAP.
215 443 271 468 IV.
304 443 355 468 DE
386 443 475 468 ILLO
511 443 581 472 QUI
612 442 776 468 DIUTIUS
808 442 951 475 LEGITg
995 443 1067 468 SED
1099 442 1247 468 SAEPIUs
1278 443 1477 468 PERLECTA
1512 443 1645 468 REPLI-

217 509 317 534 CANs
339 510 394 535 AD
426 510 664 535 PERFECTUM
701 510 908 535 LECTIONIS
944 510 1179 534 PERVENIRE
1215 509 1298 534 NON
1332 494 1510 535 POTUIT.l

166 593 309 647 §32:3.
342 593 430 634 NEC
467 593 623 635 diutius
666 594 708 634 in
750 594 839 634 1000
882 593 950 634 1110
986 593 1165 634 Sanctus
1201 593 1282 634 Dei
1315 593 1554 635 demoratus
1589 594 1644 634 ad

104 659 379 701 occidentales
403 659 664 714 Qaquilonalis
678 666 817 715 partes
839 660 978 710 subiit,
997 675 1118 714 quem
1136 661 1382 702 subsecutus
1400 660 1468 701 ille
1486 660 1644 702 adoles-

104 742 198 768 cens
218 727 325 768 infra
342 727 549 781 quandam
566 733 727 782 partem
742 727 913 782 pomerii
936 742 1029 768 cum
1048 727 1136 782 ipso
1154 727 1409 782 pertransiit,
1427 728 1499 768 ubi
1517 727 1644 768 etiam

104 793 240 834 virum
263 794 439 835 alterum
462 794 502 834 in
538 794 641 835 libro
663 794 898 849 praegrandi
920 793 1128 849 legentem
1147 794 1328 849 repperit
1347 812 1357 843 3
1393 794 1466 836 sed
1495 794 1643 849 saepius

103 859 243 915 legens
266 876 354 914 quae
377 860 433 901 ibi
447 861 610 902 inerant
630 860 876 916 conscripta,
903 866 944 902 et
959 866 1162 915 repetens,
1185 876 1397 915 nunquam
1420 861 1641 916 procedere

102 927 145 968 in
165 927 341 982 legendo
365 927 600 982 praevaluit.
663 928 780 968 Tunc
805 928 983 969 Sanctus
1007 927 1061 968 ad
1083 927 1297 983 juvenem,
1326 932 1351 950 “
1370 928 1492 970 Nosti
1515 943 1641 982 quare

104 994 167 1035 vir
197 994 275 1035 iste
308 1009 418 1049 saepe
455 994 567 1049 legit,
613 999 654 1035 et
685 1009 896 1048 nunquam
940 994 994 1035 ad
1035 994 1265 1049 perfectum
1306 1010 1379 1037 seu
1408 995 1642 1050 profectum

104 1061 369 1115 pervenerit?
419 1061 500 1102 Tot
531 1060 635 1102 fiunt
665 1061 732 1102 hie
764 1060 949 1115 quotidie
980 1062 1325 1116 transgressiones
1361 1067 1402 1103 et
1434 1062 1643 1117 negligen-

107 1127 261 1168 tiarum
298 1128 480 1179 incuriae,
541 1128 651 1182 qnod
687 1143 770 1183 prae
804 1143 946 1168 earum
981 1128 1232 1169 multimoda
1275 1133 1316 1169 et
1359 1128 1641 1183 inexplicabili

102 1195 308 1236 infinitate
330 1210 419 1249 quae
441 1195 507 1236 1110
528 1195 693 1245 accidit,
715 1210 927 1249 nunquam
956 1199 1094 1249 potest
1115 1195 1169 1235 ad
1200 1195 1429 1250 perfectum
1456 1196 1645 1237 lectionis

103 1261 323 1316 attingere.
411 1262 538 1303 Unde
575 1262 674 1302 dum
705 1262 805 1316 legit
837 1267 878 1302 et
910 1277 978 1303 eas
1008 1277 1093 1316 prae
1129 1262 1257 1303 oculis
1293 1261 1376 1303 suis
1410 1261 1642 1304 redundare

104 1328 316 1383 conspicit,
334 1329 601 1384 perturbatus
621 1334 760 1369 mente
783 1333 824 1369 et
846 1329 1042 1369 anxiatus
1063 1328 1223 1382 spiritu,
1237 1344 1449 1383 nunquam
1470 1329 1646 1384 legenda

104 1395 326 1450 percurrit;
361 1395 422 1436 ita
454 1396 563 1436 enim
586 1411 634 1436 ea
664 1395 849 1436 animum
878 1393 965 1450 ejus
995 1400 1238 1450 aggravant,
1262 1395 1372 1449 quod
1400 1410 1561 1450 semper
1585 1396 1643 1437 illi

104 1477 366 1517 progressum
406 1462 593 1503 lectionis
631 1462 881 1517 abnegant.”
986 1462 1062 1502 Ille
1104 1462 1168 1503 vir
1207 1462 1512 1516 aliquantulum
1554 1468 1643 1504 erat

104 1534 275 1584 aspectu
295 1529 500 1579 terribilis,
528 1534 569 1570 et
594 1544 754 1584 semper
779 1529 904 1569 verba
925 1528 1137 1583 praeterita
1158 1529 1408 1584 replicando,
1431 1544 1643 1583 nunquam

105 1610 131 1636 a
174 1596 398 1650 primordio
437 1596 531 1638 libri
570 1611 698 1650 nsque
739 1595 794 1636 ad
835 1594 959 1636 finem
998 1596 1186 1650 pervenit
1219 1611 1301 1637 suae
1338 1597 1645 1651 propositionis.

106 1662 223 1703 Tunc
246 1663 297 1704 de
318 1663 407 1704 1000
429 1663 498 1704 1110
520 1663 655 1718 ipsum
677 1677 816 1704 secum
834 1662 1060 1712 transtulit,
1078 1668 1204 1717 atque
1226 1663 1280 1704 ad
1302 1663 1513 1718 superiora
1533 1664 1643 1704 horti

105 1728 213 1771 illius
236 1730 527 1785 commigrans,
550 1729 603 1771 ad
628 1729 709 1770 alia
728 1730 820 1770 loca
840 1728 1064 1784 3pervenit.

105 1974 193 1998 CAP.
216 1974 256 1998 V.
289 1974 381 2002 QUAE
407 1973 485 1998 ILLI
518 1973 674 1998 ULTIMA
708 1973 867 1998 VISIONE
900 1972 1181 2007 PATEFECERlT,
1212 1972 1359 2001 QUAEVE
1391 1972 1469 1997 ILLI
1493 1973 1644 1998 DETEX-

295 2041 399 2075 ERIT,
433 2040 522 2065 SIVE
553 2040 621 2065 UBI
653 2040 744 2065 POST
775 2040 908 2065 OMNIA
941 2039 1125 2064 EXPLETA
1157 2039 1357 2065 INVENTUS
1389 2023 1489 2065 SIT.4

162 2124 302 2177 §324.
334 2123 405 2164 AD
436 2124 638 2165 australes
671 2123 848 2178 denique
886 2120 1185 2164 ⁵occidentalis
1216 2127 1355 2177 partes
1387 2123 1641 2173 conscendit,

103 2206 278 2245 quarum
309 2191 412 2232 situs
442 2190 484 2231 in
515 2191 652 2232 medio
684 2190 772 2246 agri
804 2190 878 2240 sui,
913 2205 1034 2244 quem
1066 2189 1117 2230 de
1148 2204 1315 2230 nemore
1357 2184 1640 2241 &exsartieran

104 2257 327 2299 subsistere
350 2257 461 2299 visus
484 2258 577 2299 fuit.
649 2257 699 2298 In
722 2272 802 2311 quo
827 2257 917 2298 1000
947 2256 1158 2297 hominem
1190 2256 1437 2311 permodieae
1473 2262 1644 2298 staturae

102 2324 208 2365 vidit
231 2325 463 2374 consistere,
487 2325 556 2378 qui
592 2324 878 2366 aestimabatur
908 2323 1221 2365 similitudinem
1253 2324 1329 2364 viri
1362 2323 1456 2373 Dei,
1480 2324 1544 2365 0111
1576 2324 1643 2365 ille

104 2391 368 2441 deservierat,
405 2391 628 2446 possidere.
691 2390 801 2431 Nam
837 2390 1076 2431 veneranda
1108 2390 1258 2430 canitie
1290 2405 1502 2445 respersus
1531 2396 1646 2432 totus

148 2480 157 2500 ¹
185 2478 225 2511 In
243 2479 300 2512 the
319 2479 417 2514 Harl.
434 2479 509 2512 Ms.
527 2479 664 2524 chapter
683 2479 798 2512 CXX.
849 2479 906 2512 No
920 2478 994 2512 title
1013 2479 1041 2512 is
1058 2478 1212 2524 prefixed
1229 2479 1263 2512 in
1281 2479 1354 2512 that
1373 2491 1471 2525 copy.

145 2525 157 2544 ²
184 2525 420 2572 Aquilonalt's]
448 2526 679 2571 Aquilonales,
702 2526 744 2559 Β.

146 2573 160 2591 ³
184 2572 375 2618 Pervenit.]
404 2575 423 2592 “
437 2573 528 2606 Hinc
546 2585 623 2606 011111
643 2573 741 2606 duxit
757 2572 792 2605 in
809 2572 1020 2617 pomaerium,
1039 2572 1097 2605 ubi
1112 2572 1194 2605 vidit
1212 2572 1355 2606 alterum
1374 2573 1408 2606 in
1425 2572 1510 2606 libro
1523 2572 1641 2617 grandi

98 2618 267 2663 legentem
286 2632 294 2661 ;
321 2621 377 2664 qui
396 2631 528 2664 semper
546 2620 664 2653 eadem
678 2626 842 2665 repetens,
862 2618 1042 2664 procedere
1059 2631 1127 2652 non
1141 2619 1286 2653 valebat.
1314 2620 1411 2653 Tune
1430 2620 1477 2652 ait
1495 2620 1639 2652 Sanctus

99 2665 306 2699 adolescenti
323 2679 330 2700 :
372 2667 381 2684 ζ
394 2666 534 2711 Propter
551 2667 745 2700 innumeras
764 2666 1046 2710 transgressiones
1065 2672 1097 2699 et
1114 2666 1336 2711 negligentias
1349 2666 1451 2709 hujus
1472 2666 1537 2699 loci
1557 2666 1640 2698 adeo

97 2712 311 2756 perturbatus
337 2719 397 2755 est,
421 2713 511 2757 quod
535 2713 715 2758 procedere
740 2712 883 2757 legendo
908 2724 974 2745 non
1001 2712 1134 2757 potest.’
1183 2712 1246 2746 Vir
1271 2719 1385 2746 autem
1416 2713 1473 2757 qui
1492 2712 1638 2757 legebat,

99 2758 346 2803 aliquantulum
365 2759 524 2792 terribilis
547 2767 616 2793 erat
634 2759 808 2804 aspectu.''
861 2760 969 2792 Anon.
990 2759 1085 2792 Harl.
1105 2759 1254 2803 Legend.

144 2807 155 2824 ⁴
183 2805 223 2838 In
241 2805 298 2838 the
318 2805 412 2839 Harl.
428 2806 502 2839 MS.
522 2807 659 2851 chapter
679 2805 813 2839 CXXI.

144 2852 157 2871 ‘²’
186 2851 413 2886 Occidentalis.
461 2852 669 2895 Occidentis,
691 2853 738 2886 H.

146 2898 159 2918 ⁶
186 2898 406 2932 Exsarticrat.
454 2899 516 2932 See
534 2900 601 2932 this
615 2899 706 2932 word
724 2898 904 2944 explained
923 2898 957 2932 in
975 2899 1032 2933 the
1050 2898 1313 2944 corresponding
1329 2909 1468 2944 passage
1482 2898 1567 2932 from
1586 2898 1642 2931 the

97 2956 308 2990 anonymous
328 2945 489 2979 Harleian
509 2945 645 2991 Legcnd
662 2945 795 2991 printed
814 2945 933 2978 below.
