1839 3186
200 182 283 222 342
713 189 946 223 LIBELLUS
981 190 1044 221 DE
1079 190 1197 221 VITA

200 294 364 344 enituit,
391 298 432 334 et
457 297 571 334 statu
591 292 771 348 corporis
790 297 915 347 atque
944 292 1092 334 habitu
1121 293 1251 335 totius
1272 292 1474 347 opinionis
1497 292 1732 333 ¹heremitae

200 360 428 416 putabatur
448 375 546 411 esse,
578 363 620 400 et
646 359 758 401 omni
786 359 985 400 conformi
1012 364 1230 401 venustate
1259 359 1494 401 consimilis.
1556 359 1734 400 Sanctus

203 427 284 468 Dei
304 427 443 481 itaque
464 426 519 467 ad
540 441 634 467 eum
669 441 899 476 conversus,
932 426 1160 481 interrogat
1181 430 1322 467 utrum
1344 431 1482 467 nosset
1504 425 1594 479 quis
1614 425 1732 475 foret,

202 509 324 549 quem
345 494 401 534 ibi
418 497 703 548 conspexerat.
769 493 849 545 Qui
869 492 1120 547 respondens
1141 492 1261 543 dixit,
1280 507 1374 533 eum
1395 492 1593 533 domnum
1617 505 1737 533 suum

203 560 414 609 exsistere,
441 574 488 601 eo
524 559 634 613 quod
663 558 722 600 illi
753 558 963 600 videretur
993 558 1035 598 in
1066 559 1256 600 omnibus
1277 558 1497 600 conformis
1518 572 1733 613 apparere.

204 627 284 668 Vir
307 626 473 681 quidem
493 625 572 667 iste
591 625 834 667 mitissimus
864 625 906 665 in
937 625 1097 666 cunctis
1127 625 1331 680 apparuit,
1356 630 1397 666 et
1424 623 1532 667 flexo
1559 629 1735 678 utroque

202 694 245 735 in
266 699 377 735 terra
406 692 573 748 poplite,
597 692 735 732 Deum
766 691 936 733 elevatis
966 691 1008 732 in
1028 691 1175 732 coelum
1204 692 1396 733 manibus
1427 692 1619 733 continue
1641 705 1734 732 cum

193 759 287 817 jugi
309 759 539 801 devotionis
555 758 768 800 alacritate
789 758 979 813 precibus
999 757 1077 813 piis
1098 762 1221 812 atque
1238 758 1420 813 suspiriis
1441 757 1734 813 expostulavit.

204 827 284 879 Qui
306 826 432 867 etiam
454 825 628 867 Crucem
662 825 904 866 deauratam
935 824 1063 865 talem
1090 824 1131 865 in
1156 825 1345 866 manibus
1366 824 1551 879 praetulit
1573 824 1735 878 qualem

201 894 265 935 vir
286 893 367 933 Dei
390 893 432 934 in
453 892 556 933 cella
574 907 649 933 sua
678 891 742 933 his
778 891 1031 946 temporibus
1066 891 1296 933 novissimis
1325 892 1476 932 habere
1509 891 1735 932 consuevit.

204 959 331 1000 Unde
356 957 522 1014 juvenis
545 958 612 999 ille
633 957 821 1008 asseruit,
853 957 988 1012 ipsum
1018 973 1099 999 non
1130 958 1256 999 alium
1283 973 1368 1000 esse
1390 973 1513 1012 quam
1538 957 1736 998 domnum

204 1042 336 1077 suum,
381 1025 449 1080 qui
494 1025 628 1066 eidem
672 1024 891 1066 videbatur
935 1024 1155 1066 consimilis
1196 1040 1268 1079 per
1308 1025 1446 1066 omnia
1485 1039 1734 1079 comparere.

202 1093 321 1134 Tunc
357 1097 524 1134 sanctus
545 1091 625 1132 Dei
646 1091 765 1133 vultu
789 1089 974 1146 jocundo
996 1095 1036 1132 et
1057 1091 1183 1132 alacri
1203 1091 1262 1132 ita
1284 1096 1541 1133 contestatus
1562 1090 1669 1131 dixit
1684 1091 1734 1139 ei,

204 1164 231 1184 ‘⁶
249 1159 335 1201 Iste
352 1159 493 1213 utique
515 1158 691 1199 domnus
711 1162 807 1199 tuus
824 1173 907 1198 non
931 1162 1006 1209 est,
1033 1158 1105 1199 sed
1122 1163 1262 1199 tamen
1283 1158 1345 1200 vir
1364 1158 1443 1200 iste
1464 1163 1524 1199 est
1548 1157 1613 1198 cui
1633 1171 1737 1198 nun-

203 1241 327 1281 quam
362 1240 435 1281 pro
468 1240 515 1266 eo
546 1239 688 1280 preces
709 1239 847 1265 coram
872 1224 963 1265 Deo
986 1224 1194 1266 effundere
1222 1223 1237 1245 2
1256 1224 1613 1266 consuetissimum
1644 1228 1732 1272 est3

203 1293 316 1333 omni
340 1291 506 1346 quidem
541 1296 726 1346 tempore
756 1306 830 1345 pro
858 1290 926 1331 illo
950 1295 990 1331 et
1022 1290 1145 1331 domo
1176 1291 1257 1332 ista
1289 1296 1380 1332 orat
1416 1296 1457 1332 et
1488 1291 1661 1340 laborat,
1694 1295 1735 1331 et

202 1374 414 1413 nunquam
446 1357 651 1412 quiescere
683 1372 708 1398 a
738 1357 863 1398 sacris
908 1357 1097 1412 precibus
1128 1358 1256 1408 novit,
1296 1357 1368 1398 sed
1399 1357 1627 1398 Dominum
1662 1371 1736 1412 pro

203 1426 354 1466 domno
379 1429 451 1466 tuo
473 1422 632 1479 jugiter
653 1423 903 1478 interpellat.
967 1423 1024 1465 Et
1052 1439 1206 1475 revera,
1237 1423 1315 1465 nisi
1345 1423 1412 1465 isti
1447 1424 1527 1464 duo
1549 1423 1737 1464 homines

202 1493 387 1541 fuissent,
421 1491 492 1531 diu
522 1495 583 1532 est
615 1490 725 1544 quod
747 1490 886 1531 omnia
904 1505 993 1544 quae
1016 1490 1156 1532 domni
1181 1490 1243 1531 tui
1264 1490 1329 1532 vel
1351 1490 1497 1532 domus
1518 1488 1605 1545 ejus
1625 1494 1734 1540 sunt,

204 1559 295 1599 Deo
313 1556 469 1614 judice,
493 1557 762 1611 deperissent.
833 1556 921 1598 Iste
952 1557 1131 1610 quidem,
1153 1562 1200 1598 ut
1227 1556 1356 1607 vides,
1379 1572 1540 1612 semper
1565 1561 1668 1605 orat,
1692 1561 1734 1597 et

202 1625 306 1666 alius
340 1624 408 1665 ille
431 1623 499 1678 qui
527 1639 600 1678 pro
630 1638 677 1664 eo
701 1622 743 1663 in
771 1622 935 1678 legendi
965 1623 1104 1665 studio
1139 1628 1180 1664 et
1212 1624 1408 1665 exercitio
1435 1621 1529 1679 jugi
1559 1623 1734 1664 laborat.

204 1691 270 1732 Tu
291 1706 387 1746 ergo
409 1689 546 1731 ³nunc
567 1695 608 1731 et
630 1689 778 1730 amodo
799 1689 900 1731 mihi
932 1695 973 1731 et
1005 1705 1121 1732 servo
1145 1705 1237 1731 meo
1263 1690 1436 1731 devotus
1457 1694 1544 1731 esto
1563 1706 1574 1738 ;
1611 1694 1736 1743 atque

202 1763 250 1799 ut
270 1757 373 1798 mihi
394 1761 435 1798 et
456 1757 514 1797 illi
536 1756 890 1811 obtemperantius
911 1756 1203 1807 obsecundent,
1230 1771 1487 1797 commonere
1513 1761 1736 1797 memento.

203 1824 372 1866 Amodo
392 1823 544 1877 itaque,
570 1822 675 1864 sicut
698 1822 775 1863 tibi
795 1822 1003 1877 pollicitus
1023 1837 1127 1874 sum,
1145 1838 1237 1877 quae
1259 1827 1355 1864 sunt
1376 1822 1605 1877 spiritualia
1626 1822 1737 1864 vide-

203 1891 282 1940 bis,
306 1905 429 1944 quam
451 1890 522 1930 diu
541 1889 648 1930 circa
668 1904 832 1930 servum
852 1904 992 1930 meum
1014 1889 1252 1930 demoratus
1272 1888 1458 1930 fuisses?

264 1955 291 2013 ξ
315 1959 412 1999 325.
445 1956 600 1997 Postea
629 1970 727 1997 vero
758 1963 925 1997 sanctus
955 1955 1035 1997 Dei
1066 1956 1118 1997 ab
1149 1955 1278 1997 oculis
1307 1955 1416 1996 illius
1446 1954 1643 2003 evanuit3
1696 1959 1737 1995 et

204 2023 285 2073 ille,
309 2023 423 2077 quasi
445 2022 496 2064 de
517 2037 659 2063 somno
681 2021 889 2077 evigilans,
908 2022 950 2063 in
970 2022 1059 2063 loco
1081 2037 1160 2076 quo
1181 2023 1294 2077 prius
1315 2020 1592 2062 obdormierat
1614 2036 1655 2062 se
1675 2036 1736 2061 re—

204 2090 401 2132 stitutum
430 2088 640 2144 repperit3
679 2088 733 2129 ad
764 2093 888 2143 caput
909 2093 1050 2129 autem
1075 2103 1194 2130 suum
1215 2087 1412 2130 flascones
1438 2102 1532 2129 suos
1552 2086 1737 2142 supposi-

204 2162 271 2197 tos
301 2155 488 2203 invenit3
528 2160 570 2196 et
605 2155 775 2195 domum
799 2154 973 2205 rediens,
997 2155 1051 2196 ad
1072 2160 1207 2197 castra
1233 2154 1374 2196 domni
1405 2154 1467 2196 sui
1501 2153 1736 2195 lacrimosus

203 2222 385 2271 advenit,
418 2222 662 2275 obviamque
683 2221 830 2262 habuit
860 2221 1107 2272 ministrum,
1132 2221 1182 2262 de
1203 2236 1283 2276 quo
1313 2221 1384 2262 illa
1407 2236 1496 2275 quae
1526 2220 1738 2275 praemissa

202 2294 311 2338 sunt,
335 2288 509 2336 viderat,
533 2293 574 2328 et
596 2303 690 2328 eum
712 2288 766 2328 ad
787 2287 1050 2329 confessionis
1081 2288 1363 2343 poenitentiam
1394 2287 1655 2342 provocando
1675 2287 1734 2327 in-

203 2355 380 2397 vitabat.
443 2354 524 2406 Qui
553 2354 821 2395 tremefactus
854 2369 953 2394 mox
993 2356 1296 2410 compungitur,
1330 2359 1371 2395 et
1409 2353 1560 2395 delicta
1593 2353 1736 2408 gravia

201 2437 294 2477 quae
314 2422 356 2462 in
377 2425 565 2462 sanctum
588 2420 667 2460 Dei
689 2425 730 2460 et
753 2435 916 2461 servum
942 2420 1041 2476 Ejus
1060 2422 1333 2471 commiserat,
1349 2435 1485 2462 coram
1502 2418 1734 2469 confitetur,

202 2487 475 2544 cognovitque
497 2491 647 2527 cuncta
670 2501 767 2527 vera
788 2487 985 2528 exsistere
1007 2503 1257 2541 quaecunque
1284 2487 1460 2528 Sanctus
1484 2487 1534 2527 de
1556 2501 1603 2527 eo
1623 2485 1736 2541 prius

199 2555 420 2611 praedicere
443 2553 637 2608 dignatus
668 2557 742 2602 est,
776 2557 817 2592 et
849 2553 983 2593 eidem
1016 2553 1267 2595 adolescenti
1298 2553 1579 2608 4propalando
1611 2567 1735 2607 expo-

199 2638 310 2664 nere.
372 2619 539 2661 Exinde
573 2633 669 2661 vero
699 2617 867 2674 juvenis
900 2619 967 2660 ille
1004 2635 1254 2674 quaecunque
1294 2620 1402 2660 circa
1427 2620 1562 2661 virum
1595 2618 1676 2660 Dei
1710 2633 1736 2659 a

201 2688 410 2744 spiritibus
431 2701 608 2740 nequam
629 2683 715 2726 fieri
736 2685 945 2741 praestigia
966 2691 1274 2737 consueverant,
1297 2686 1415 2737 vidit,
1448 2692 1489 2727 et
1510 2685 1652 2727 amicis
1674 2699 1734 2726 se-

387 2764 396 2784 ¹
426 2761 630 2808 Heremitce]
660 2762 847 2806 Hercmita,
870 2761 916 2796 H.

384 2810 396 2828 ²
425 2808 738 2855 C‹mszcelissimum.]
768 2809 1118 2851 lnconsuctissilmlm,
1143 2809 1188 2842 H.

382 2857 395 2875 ³
425 2856 522 2889 Nunc
539 2854 600 2900 ek]
636 2856 746 2889 These
764 2855 883 2898 words,
903 2856 1044 2889 omitted
1062 2856 1096 2889 in
1118 2856 1172 2901 B„
1191 2867 1246 2889 arc
1264 2855 1419 2902 supplied
1435 2856 1521 2889 from
1544 2854 1590 2889 H.

383 2904 394 2922 ¹¹
424 2901 665 2948 stimulanda]
696 2902 849 2936 Inserted
866 2902 950 2936 from
973 2902 1021 2936 H.
