1839 3186
178 205 260 245 246
691 211 922 243 LIBELLus
958 211 1023 242 DE
1059 211 1175 242 VITA

180 331 274 357 cum
310 329 427 356 servo
462 313 542 354 Dei
578 313 876 369 perhendinare
908 318 949 354 et
983 314 1223 368 aliquandiu
1256 314 1409 355 morari
1444 311 1712 369 praecipiunt⁷

180 382 277 436 quia
299 385 393 436 post
416 380 502 421 dies
524 380 722 435 plurimos
742 380 859 421 illum
880 379 1033 434 pedum
1054 381 1230 436 vestigia
1249 380 1303 422 ad
1324 386 1479 422 terram
1498 394 1616 434 posse
1643 378 1713 419 de-

181 447 305 502 figere
327 462 408 488 non
432 446 710 487 crediderunt.
764 446 828 487 At
849 446 929 496 ille,
954 451 979 471 ‘⁶
998 446 1205 502 Surgite,”
1225 447 1372 501 inquit,
1397 450 1422 468 “
1439 451 1480 487 et
1500 446 1709 492 abeamus,

183 514 279 568 quia
299 528 406 563 ecce,
429 513 538 555 salus
559 512 732 568 pristina
752 512 854 553 mihi
876 516 938 553 est
960 513 1207 555 omnimodis
1229 513 1450 561 restituta;
1484 526 1582 552 nam
1603 514 1715 565 post-

184 595 308 634 quam
328 579 391 621 vir
413 579 493 620 Dei
514 579 753 634 languorem
775 578 929 632 tetigit,
952 579 1079 633 pestis
1110 580 1243 621 omnis
1274 595 1367 621 cum
1399 583 1562 620 tumore
1593 575 1716 618 simul

186 651 226 687 et
249 646 388 686 dolore
412 645 623 687 recessit.”
686 644 901 697 Pedesque
927 649 968 685 et
990 644 1113 686 tibias
1140 646 1326 700 protulit,
1351 645 1394 685 in
1416 644 1563 699 quibus
1585 657 1717 696 neque

186 718 325 753 tumor
345 716 419 752 aut
440 712 565 752 rubor
586 711 692 751 ullus
716 710 881 751 omnino
903 711 1134 764 comparuit
1153 728 1163 759 ;
1189 726 1438 766 surgensque
1459 710 1562 751 adeo
1584 709 1718 750 alacer

187 793 280 819 cum
309 778 366 819 eis
389 778 468 818 iter
503 777 630 832 pedes
657 776 847 831 arripuit,
869 790 917 816 ac
949 776 982 817 si
1013 776 1071 817 nil
1103 792 1285 831 unquam
1318 777 1432 832 prius
1465 775 1719 817 infirmitatis

191 844 200 866 ¹
211 843 417 885 habuerit.

189 1071 276 1096 OAP.
298 1070 443 1096 CXXIII.
505 1068 707 1098 QUALITER
753 1068 920 1093 RUINAM
966 1068 1161 1094 FRATRUM
1204 1068 1260 1093 AD
1300 1068 1344 1093 SE
1375 1066 1637 1093 VENIENTIUM
1678 1066 1723 1091 IN

233 1136 390 1163 SPIRITU
422 1134 715 1168 PRAESENSERIT,
748 1134 796 1159 ET
827 1134 1021 1164 QUOMODO
1057 1134 1257 1160 FUTURAM
1288 1134 1389 1159 ILLIS
1419 1115 1679 1158 DETEXERIT.2

720 1182 740 1207 1

251 1235 273 1289 ᾗ
299 1237 397 1277 233.
430 1234 497 1275 AT
518 1234 620 1275 item
641 1234 729 1276 vice
760 1235 841 1276 alia
864 1236 1032 1290 quidam
1061 1250 1112 1276 ex
1143 1235 1352 1290 praedietis
1386 1232 1598 1275 monachis
1630 1247 1724 1273 cum

194 1301 357 1342 duobus
381 1300 612 1343 3conversis
643 1316 696 1342 ex
717 1301 859 1342 ordine
879 1301 1172 1344 4Cisterniensi
1207 1302 1261 1342 ad
1284 1299 1371 1357 ejus
1396 1299 1598 1354 colloquia
1630 1313 1726 1339 con-

193 1372 419 1415 venerant3
460 1367 529 1421 qui
565 1372 658 1421 post
681 1367 824 1408 datam
851 1368 1182 1409 benedictionem
1205 1368 1448 1422 quantocius
1482 1365 1615 1407 redire
1639 1379 1725 1405 ma-

194 1433 330 1475 turius
365 1433 654 1488 properabant.
724 1433 788 1475 At
809 1433 970 1475 ille'diu
1002 1434 1044 1475 in
1076 1449 1145 1475 eos
1175 1434 1405 1484 intendens,
1443 1432 1579 1474 subito
1607 1435 1728 1472 tanta

195 1499 463 1541 lacrimarum
488 1499 758 1541 inundatione
781 1501 903 1555 coepit
932 1500 1107 1550 infundi,
1131 1500 1240 1554 quod
1263 1500 1333 1541 vix
1360 1498 1516 1553 aliquid
1546 1512 1640 1539 cum
1670 1496 1729 1538 eis

199 1565 357 1607 diutius
391 1566 592 1620 potuisset
622 1566 750 1607 effari.
822 1565 1057 1608 Monachus
1088 1567 1214 1621 igitur
1249 1566 1329 1617 ille,
1354 1566 1452 1606 olim
1477 1564 1535 1605 illi
1565 1563 1729 1605 notissi-

196 1647 290 1673 mus
311 1637 352 1673 et
374 1631 677 1686 aliquantulum
700 1632 751 1674 de
773 1633 1068 1674 consuetudine
1089 1633 1166 1674 viri
1188 1633 1269 1673 Dei
1294 1632 1492 1680 eruditus,
1515 1630 1658 1672 statim
1687 1629 1730 1670 in

199 1699 345 1753 spiritu
368 1697 538 1739 edoctus
558 1699 728 1753 agnovit
753 1699 863 1753 quod
884 1714 966 1739 non
1001 1699 1086 1740 sine
1120 1713 1244 1740 causa
1266 1699 1329 1739 vir
1350 1698 1431 1739 Dei
1453 1704 1540 1738 tam
1560 1700 1730 1751 repente

199 1764 450 1818 ploraverit;
502 1765 781 1819 accedensque
821 1765 989 1820 propius
1027 1770 1069 1806 et
1112 1765 1345 1820 supplicans
1384 1763 1614 1818 benignius,
1658 1761 1730 1811 ait,

202 1835 227 1852 ‘⁶
245 1830 409 1871 Domne
430 1835 562 1885 pater,
586 1845 667 1871 non
701 1831 787 1872 sine
810 1846 934 1873 causa
968 1836 1056 1872 tam
1079 1832 1215 1873 subito
1246 1831 1431 1886 plorasti,
1460 1835 1501 1870 et
1531 1834 1619 1870 tam
1646 1827 1731 1869 acri

201 1896 320 1937 vultu
343 1897 468 1938 toties
496 1912 578 1937 non
598 1897 752 1938 frustra
772 1897 812 1938 in
834 1912 908 1939 nos
929 1912 1000 1939 ora
1023 1898 1215 1952 lugubria
1235 1895 1516 1938 convertisti.”
1568 1895 1629 1936 At
1650 1894 1731 1944 ille,

203 1961 418 2012 “Verum,
453 1962 635 2017 inquam,
673 1963 829 2014 dixisti,
852 1962 909 2004 fili
925 1964 965 2011 ;”
997 1962 1272 2019 adjiciensque
1307 1963 1374 2004 ille
1405 1977 1478 2017 pro
1507 1976 1587 2015 quo
1617 1959 1734 2001 fleret

202 2028 418 2082 inquirere,
436 2029 662 2083 respondit,
688 2033 712 2051 ‘⁶
730 2030 838 2082 Quia
855 2030 976 2071 Video
997 2030 1200 2083 aliquibus
1217 2044 1268 2070 ex
1290 2029 1407 2070 nobis
1427 2028 1538 2068 mala
1558 2027 1735 2082 pessima

203 2099 244 2135 et
270 2094 450 2136 verenda
470 2095 651 2149 pericula
671 2095 886 2136 imminere
906 2113 916 2143 3
955 2111 1053 2136 nam
1083 2096 1245 2136 ruinam
1266 2094 1475 2136 horridam
1498 2099 1539 2134 et
1560 2094 1736 2135 fortunae

251 2203 260 2222 ¹
282 2202 480 2249 Habuerit]
509 2201 694 2245 “Quidam
719 2202 839 2235 fratres
863 2202 904 2235 de
929 2202 1100 2236 remotiori
1122 2202 1288 2244 coenobio,
1307 2203 1363 2247 qui
1381 2202 1424 2235 ad
1449 2202 1561 2247 ipsum
1578 2206 1738 2234 venerant

204 2249 423 2293 visitandum,
453 2249 647 2282 ministrum
680 2248 850 2282 habebant
880 2260 1063 2290 cursorem,
1092 2249 1189 2291 cujus
1218 2248 1322 2294 pedes
1349 2255 1382 2282 et
1408 2248 1509 2281 tibias
1538 2259 1615 2281 cum
1642 2252 1736 2280 tanto

206 2295 319 2328 dolore
337 2295 461 2329 rubeus
478 2301 590 2328 tumor
608 2294 795 2338 obsederat,
814 2300 851 2327 ut
868 2306 935 2327 non
952 2300 1125 2339 putaretur
1142 2295 1184 2328 ab
1202 2307 1240 2328 eo
1257 2295 1332 2328 loco
1351 2294 1469 2328 diebus
1491 2293 1645 2339 plurimis
1670 2293 1738 2326 dis-

206 2353 373 2375 cessurus.
416 2342 551 2375 Fratres
569 2341 628 2383 illi,
647 2341 769 2385 quibus
786 2340 976 2374 ministrare
991 2341 1146 2382 debebat,
1164 2353 1263 2386 super
1278 2341 1343 2374 hoc
1360 2340 1450 2386 apud
1467 2346 1621 2374 sanetum
1639 2338 1737 2373 lacri-

206 2388 376 2421 mabiliter
401 2393 480 2421 sunt
497 2387 685 2432 conquesti.
737 2386 869 2428 Quibus
894 2386 951 2419 ille
976 2387 1195 2432 compatiens,
1214 2388 1248 2421 in
1276 2387 1466 2421 Ecclesiam
1484 2386 1615 2420 vocavit
1632 2397 1738 2431 aegro-

206 2440 291 2478 tum,
309 2440 343 2467 et
358 2434 486 2479 palmas
503 2434 576 2466 loco
595 2433 718 2466 doloris
736 2433 902 2477 apposuit,
918 2433 1032 2467 dicens
1049 2446 1055 2467 :
1084 2435 1092 2452 ‘
1107 2433 1147 2467 In
1162 2433 1313 2467 Nomine
1327 2434 1411 2467 Jesu
1426 2433 1551 2466 Christi
1567 2431 1737 2466 Nazareni

207 2492 306 2525 surge
333 2486 366 2514 et
390 2480 551 2522 ambula3
583 2485 615 2512 et
638 2485 675 2512 ut
696 2479 837 2521 solebas,
863 2479 931 2513 tuis
958 2479 1091 2513 domnis
1120 2479 1341 2514 administra.'
1412 2480 1494 2513 Post
1520 2479 1738 2512 refectionem

208 2527 328 2571 inquit,
355 2526 510 2571 ‘Surgite
534 2532 567 2559 et
590 2526 760 2568 abeamus,
787 2525 865 2570 quia
893 2531 1071 2570 postquam
1097 2526 1146 2559 vir
1175 2526 1240 2559 Dei
1268 2538 1323 2559 me
1348 2526 1471 2570 tetigit,
1496 2525 1606 2558 omnis
1634 2524 1738 2567 dolor,

207 2579 330 2616 tumor,
349 2579 382 2606 et
399 2572 499 2606 rubor
524 2572 709 2605 abscessit.’
758 2572 912 2604 Surrexit
937 2572 1048 2616 igitur,
1075 2579 1108 2605 et
1132 2572 1215 2605 adeo
1243 2584 1320 2605 cum
1347 2572 1395 2605 eis
1417 2572 1527 2604 alacer
1551 2582 1650 2604 suum
1676 2570 1739 2603 iter

207 2619 309 2664 pedes
324 2619 474 2664 arripuit,
493 2630 531 2652 ac
549 2619 577 2652 si
594 2618 679 2651 nihil
697 2618 902 2651 infirmitatis
920 2624 997 2650 ante
1015 2619 1212 2652 sensisset.⁷'
1239 2620 1462 2664 Anonymous
1478 2617 1573 2651 Harl.
1589 2615 1738 2661 Legend.

254 2665 267 2685 2
293 2665 440 2710 Chapter
457 2665 666 2698 LXXXIV.
685 2665 718 2697 in
736 2663 794 2697 the
812 2663 908 2697 Harl.
927 2664 1003 2698 MS.

253 2712 267 2732 ³
288 2710 488 2757 Conversis]
519 2711 592 2744 The
618 2711 777 2744 Conversi
796 2722 883 2743 were
903 2710 1024 2743 monks
1042 2710 1116 2743 who
1134 2710 1199 2743 had
1224 2711 1415 2756 previously
1432 2716 1530 2756 spent
1547 2721 1640 2743 some
1658 2708 1740 2741 time

208 2758 241 2790 in
267 2757 325 2790 the
351 2758 465 2802 world,
492 2757 557 2791 and
583 2769 669 2790 were
695 2756 941 2801 distinguished
960 2756 1044 2789 from
1068 2756 1125 2789 the
1151 2757 1306 2797 Nun-itii,
1325 2757 1399 2790 who
1424 2757 1491 2790 had
1516 2756 1599 2789 been
1626 2754 1740 2788 reared

207 2804 291 2891 2311]
318 2804 499 2837 childhood
518 2804 550 2836 in
570 2803 627 2837 the
652 2809 856 2847 monastery.
907 2803 969 2836 See
995 2802 1130 2836 Mabill.
1154 2803 1252 2837 Praef.
1271 2803 1425 2837 SS.O1·d.
1451 2803 1483 2837 S.
1500 2801 1629 2836 Bened.
1649 2812 1700 2834 111.
1719 2800 1741 2833 i.

252 2897 263 2914 ⁴
286 2896 527 2940 Cislemzicnsi]
554 2895 761 2937 Cisteriensi,
785 2895 831 2928 H.
