1839 3186
496 238 554 269 ET
590 238 854 270 MIRACULIS
891 239 926 270 5.
959 238 1174 272 conarer.
1552 232 1601 273 91

71 442 156 466 CAP.
180 440 345 466 XXXVII.
389 440 440 464 DE
475 439 592 464 DOLIO
622 439 732 469 QUOD
773 440 817 464 IN
854 440 1054 465 ORATORIO
1085 440 1158 465 SUO
1195 441 1440 478 EFFODERAT,
1479 443 1602 468 INTRA

154 508 261 536 QUOD
292 506 410 536 AQUIS
440 506 618 532 REPLETO
663 506 874 531 ORATURUS
905 507 1160 532 DESCENDERE
1191 495 1516 534 (ἹΟΝΒΠΕΧΤΕΒΑΤ.1

129 604 238 658 §79.
272 606 403 647 Nows
440 605 614 660 denique
640 606 915 648 versutiarum
952 606 1125 649 fallaciis
1146 607 1209 649 vir
1241 607 1322 648 Dei
1351 623 1460 649 nova
1496 623 1605 649 com-

71 672 208 728 posuit
240 673 519 714 emolumenta
550 672 800 714 certaminis.
864 672 1001 728 Igitur
1032 689 1126 714 cum
1160 689 1255 714 caro
1296 674 1453 715 torrida
1494 675 1607 716 vide-

71 744 185 780 retur
206 755 291 781 esse
312 739 495 789 libidine,
536 739 658 795 coepit
680 755 753 794 per
773 754 881 781 nova
906 745 1142 781 commenta
1164 740 1305 782 solitas
1332 740 1441 783 illius
1462 740 1608 782 titilla-

72 807 205 847 tiones
226 805 503 861 exstinguere.
567 806 712 847 Noluit
745 806 911 859 quidem
932 811 979 847 ut
1004 806 1126 847 alicui
1164 806 1251 862 ejus
1286 807 1478 863 martyrii
1512 823 1606 849 con-

73 873 246 913 certatio
287 872 574 923 innotesceret,
617 872 691 914 sed
732 872 912 913 Domino
954 873 1027 914 soli
1071 888 1096 914 a
1137 873 1229 925 Quo
1265 874 1608 916 remunerationis

73 939 291 993 praemium
326 939 535 993 percipere
557 938 774 993 potuisset.
837 938 995 994 Empto
1032 940 1203 994 proinde
1238 955 1314 994 per
1343 955 1491 982 manus
1526 956 1603 983 ser-

74 1005 223 1046 vientis
263 1004 325 1046 sui
358 1005 466 1045 dolio
507 1005 779 1059 permaximo,
821 1005 932 1046 intra
976 1005 1190 1060 Capellam
1232 1006 1400 1047 Sanctae
1444 1007 1606 1057 Mariae,

74 1086 198 1125 quam
219 1070 372 1112 nemini
402 1076 553 1126 praeter
572 1071 707 1126 ipsum
729 1071 793 1112 his
814 1071 960 1113 diebus
981 1072 1141 1126 ingredi
1176 1072 1306 1123 licuit,
1343 1073 1446 1114 illud
1481 1074 1534 1115 ad
1566 1089 1609 1116 se

75 1137 286 1186 devolvit,
322 1143 363 1178 et
385 1138 523 1179 clauso
546 1138 664 1188 ostio,
687 1138 790 1179 illud
811 1138 867 1179 ibi
890 1139 1070 1179 latenter
1090 1139 1321 1181 abscondit.
1377 1140 1609 1195 Assumpto

74 1204 210 1259 ligone
253 1204 319 1245 vel
374 1204 546 1254 sarculo,
586 1204 641 1245 ad
684 1204 983 1245 occidentalem
1030 1205 1364 1260 septentrionalis
1410 1208 1608 1262 angulum

75 1271 197 1326 coepit
232 1271 357 1312 altius
392 1276 546 1312 terram
584 1271 627 1311 in
662 1270 866 1326 profundo
903 1271 1109 1320 effodere3
1152 1276 1194 1313 et
1229 1272 1349 1314 fovea
1388 1274 1609 1328 pergrandi

74 1337 198 1387 facta,
223 1337 379 1379 dolium
399 1337 535 1392 ipsum
557 1337 663 1378 infra
684 1336 772 1392 ejus
793 1338 1030 1392 speluncam
1059 1338 1259 1380 occulere.
1323 1338 1451 1395 Cujus
1472 1340 1609 1395 capite

75 1405 204 1445 altero
231 1404 273 1445 in
294 1409 447 1445 terram
484 1403 672 1454 demisso,
705 1404 876 1446 alterius
902 1419 999 1446 vero
1036 1405 1183 1459 capitis
1203 1405 1258 1446 ad
1282 1407 1492 1461 superiora
1518 1422 1609 1461 por-

75 1471 189 1521 recti,
235 1486 417 1513 asserum
450 1470 766 1511 rotundantium
808 1471 974 1512 cerebro
1016 1487 1201 1521 excusso,
1246 1477 1382 1513 totam
1429 1473 1611 1528 corporis

74 1537 183 1579 illius
207 1537 484 1579 substantiam
500 1537 541 1577 in
561 1537 717 1578 sinibus
735 1542 855 1578 terrae
877 1538 1069 1588 occuluit,
1090 1543 1131 1579 et
1154 1538 1215 1579 ita
1229 1538 1385 1579 dolium
1406 1540 1608 1594 sepelivit.

77 1604 263 1658 Eratque
296 1604 395 1645 dolii
438 1603 566 1658 ipsius
601 1603 899 1658 prominentior
939 1603 1173 1660 superficies
1198 1603 1327 1660 juxta
1362 1610 1481 1647 terrae
1517 1606 1608 1647 alti-

77 1671 265 1712 tudinem
304 1670 529 1711 intransilis
565 1675 607 1711 et
641 1675 866 1724 coaequata,
905 1670 965 1712 ita
1000 1676 1048 1712 ut
1082 1671 1180 1712 dolii
1213 1677 1338 1727 caput
1374 1687 1611 1728 supremum

78 1741 232 1778 terram
252 1752 334 1778 non
356 1736 591 1785 excederet,
614 1751 745 1791 neque
763 1737 890 1778 oculis
904 1742 1044 1778 tamen
1065 1738 1317 1779 intuentium
1339 1739 1609 1794 prominendo

79 1804 266 1858 superius
288 1808 520 1858 appareret.
582 1802 710 1858 Cujus
731 1818 879 1858 corpus
909 1809 1046 1845 totum
1068 1804 1185 1858 aquis
1205 1805 1457 1856 infunderat,
1482 1821 1610 1860 quan-

80 1875 172 1911 tum
209 1871 366 1912 ventris
400 1869 527 1924 ipsius
564 1869 729 1910 alveum
767 1870 993 1925 suscepisse
1024 1875 1233 1925 potuerat.
1305 1871 1441 1913 Erant
1484 1872 1612 1926 igitur

81 1936 168 1992 ejus
205 1937 402 1978 intestina
440 1941 532 1977 tota
562 1936 678 1990 aquis
708 1936 958 1990 plenissima,
996 1942 1038 1977 et
1072 1937 1129 1978 ibi
1174 1937 1227 1978 ab
1259 1938 1444 1979 omnium
1485 1939 1613 1980 0011115

78 2004 355 2045 occultissima
376 2008 417 2044 et
441 2002 597 2057 ignota.
659 2002 849 2057 Desuper
872 2018 968 2044 vero
1003 2008 1127 2059 eaput
1154 2004 1455 2058 prominentius
1474 2009 1612 2046 totum

78 2070 282 2112 asseribus
316 2069 413 2111 latis
450 2068 690 2124 cooperuit,
740 2074 781 2110 et
820 2069 1046 2111 2st1·amine
1079 2069 1324 2126 superjecto,
1359 2072 1474 2126 quasi
1509 2071 1612 2112 nihil

79 2136 192 2177 aliud
213 2152 336 2191 quam
357 2151 453 2177 area
476 2141 599 2177 terrae
623 2136 709 2177 sola
721 2136 778 2177 ibi
797 2136 941 2177 fuisset
965 2137 1101 2191 plana,
1123 2135 1211 2193 ejus
1231 2137 1427 2179 interiora
1449 2138 1610 2179 celavit.

139 2204 161 2257 ᾗ
182 2206 252 2244 80.
290 2202 461 2255 Quoties
481 2202 620 2256 itaque
642 2202 928 2257 temptationis
954 2203 1101 2244 ardore
1123 2219 1218 2244 caro
1240 2204 1444 2255 efferbuit,
1467 2210 1612 2260 aperto

82 2269 179 2310 dolii
200 2269 327 2324 ipsius
359 2284 440 2320 ore,
473 2284 619 2323 corpus
651 2284 770 2311 suum
802 2274 938 2310 totum
980 2270 1021 2311 in
1046 2270 1146 2324 ipsis
1178 2271 1375 2325 ingessit;
1410 2276 1452 2312 et
1482 2287 1612 2325 usque

81 2336 134 2376 ad
152 2341 340 2377 mentum
364 2336 407 2376 in
428 2335 507 2376 illis
528 2335 687 2377 infusus
707 2340 824 2377 artus
853 2341 1029 2386 teneros,
1053 2336 1236 2391 ipsarum
1257 2337 1477 2392 frigoribus
1505 2338 1612 2378 obri-

80 2407 294 2457 gescentes
313 2407 489 2444 tremere
514 2406 555 2442 et
574 2402 726 2456 pallere
751 2402 901 2457 coegit.
973 2402 1201 2458 Carnisque
1222 2404 1399 2445 calorem
1420 2404 1615 2460 repressit

80 2529 243 2573 integram
269 2530 493 2574 septimanam
511 2530 624 2563 cibum
643 2530 780 2563 omnino
798 2542 865 2564 non
883 2536 1031 2564 sumeret
1046 2544 1054 2572 ;
1081 2543 1202 2577 corpus
1227 2531 1329 2564 etiam
1349 2531 1506 2577 vepribus
1524 2531 1616 2576 inge-

79 2587 155 2608 rens
173 2575 257 2608 adeo
275 2576 473 2619 cruentavit,
491 2582 529 2609 ut
546 2577 818 2621 sanguinolentis.
835 2577 1007 2610 redeuntis
1025 2578 1166 2622 vestigia
1184 2578 1379 2611 domesticis
1397 2583 1594 2623 apparerent
1609 2589 1618 2618 3

81 2627 115 2654 et
141 2621 337 2665 hujusmodi
362 2623 602 2667 temptationes
627 2635 686 2668 per
711 2623 840 2668 aliquot
864 2635 969 2657 annos
996 2635 1074 2656 cum
1100 2624 1192 2669 gravi
1219 2624 1417 2657 difficultate
1443 2624 1617 2657 sustinuit.

82 2668 163 2701 Post
180 2680 247 2701 non
264 2669 436 2701 modicum
454 2675 588 2714 tempus
606 2669 696 2702 calor
713 2669 777 2702 iste
795 2669 1042 2714 aliquantulum
1062 2670 1175 2703 divina
1192 2671 1408 2704 miseratione
1426 2670 1593 2703 deferbuit
1611 2681 1619 2710 3

82 2726 253 2759 nunquam
271 2721 385 2748 tamen
402 2727 460 2760 per
485 2727 590 2749 annos
617 2715 848 2760 quadraginta,
874 2716 959 2749 illud
984 2716 1180 2750 incendium
1206 2729 1342 2762 prorsus
1369 2716 1529 2759 extinxit,
1560 2715 1620 2749 sed

81 2760 218 2794 tandem
235 2767 273 2794 ut
289 2761 387 2795 miles
405 2762 565 2795 emeritus
583 2762 720 2795 omnino
736 2762 925 2806 perieulum
944 2762 1035 2796 istud
1053 2763 1194 2797 evasit.''
1229 2764 1453 2807 Anonymous
1473 2762 1621 2807 Legend.

131 2807 139 2825 ¹
167 2807 208 2839 In
226 2807 283 2840 the
303 2807 398 2841 Harl.
416 2808 492 2842 MS.
511 2808 649 2853 chapter
670 2808 893 2842 XXXVIII.

128 2853 142 2873 2
160 2853 324 2887 stramine
336 2856 516 2899 superjecto
532 2853 545 2900 ]
574 2855 641 2887 We
658 2855 738 2888 herc
756 2866 812 2888 see
829 2854 902 2888 that
920 2855 977 2888 the
1004 2856 1086 2888 floor
1103 2856 1141 2888 of
1162 2855 1218 2888 the
1238 2855 1366 2900 Chapel
1394 2854 1431 2887 of
1452 2855 1500 2888 St.
1520 2854 1619 2899 Mary

83 2911 151 2932 was
178 2900 319 2933 covered
343 2900 424 2933 with
451 2906 573 2941 straw3
608 2912 663 2935 500
688 2901 759 2934 also
785 2900 803 2945 ξ
829 2903 908 2935 266.
961 2902 1034 2935 The
1064 2913 1157 2935 same
1183 2902 1316 2935 remark
1343 2901 1473 2947 applies
1498 2907 1532 2934 to
1563 2901 1620 2934 the
1666 2933 1669 2936 ,

86 2946 221 2979 Church
239 2947 276 2980 of
290 2947 338 2980 St.
351 2946 454 2990 John,
474 2944 491 2991 ξ
513 2950 590 2980 118.
