1839 3186
564 235 621 266 ET
654 235 923 267 MIRACULis
957 235 992 266 s.
1020 234 1237 266 Gonnicr.
1573 224 1653 267 :3in

119 332 330 373 revelatio.
381 333 445 374 De
467 348 639 387 quorum
666 349 837 375 numero
868 333 1135 375 ¹Godefridus
1158 334 1408 375 Kalkoensis
1430 334 1654 390 eleemosy—

120 399 258 440 narius
280 400 441 440 exstitit
462 417 471 448 3
507 400 575 454 qui
606 405 699 455 post
721 400 880 441 obitum
902 400 1029 454 ipsius
1064 399 1318 440 Dunelmum
1341 400 1576 451 adveniens,
1600 402 1651 443 de

117 464 297 519 reliquiis
318 466 425 507 illius
449 467 582 521 petiit,
599 472 640 508 et
663 467 713 507 de
733 467 895 508 annulis
917 466 1050 507 loricae
1073 464 1159 521 ejus
1180 466 1375 521 percepit,
1399 482 1499 520 quos
1523 468 1652 509 hono-

115 529 225 572 rifice
264 547 337 586 pro
374 533 450 574 viri
496 533 574 573 Dei
615 549 754 574 amore
793 533 869 574 sibi
904 533 1099 588 reposuit,
1146 538 1186 573 et
1228 533 1466 586 aliquandiu
1511 549 1649 575 secum

116 598 312 640 secretius
334 599 481 640 tenuit.
555 599 683 641 Forte
705 605 850 655 postea
869 599 933 640 die
964 599 1142 653 quadam
1165 604 1257 654 post
1279 599 1454 640 fratrum
1488 601 1648 642 refecti-

115 678 248 715 onem,
272 665 553 722 eleemosynas
568 667 817 722 pauperibus
837 670 1079 722 erogaturus
1100 666 1217 715 exiit,
1242 670 1283 706 et
1305 681 1411 717 ecce,
1434 667 1649 708 mulierem

114 728 240 772 filiam
262 736 349 773 toto
375 747 543 788 corpore
567 732 754 774 inflatam
775 738 987 775 tenentem
1011 733 1174 774 obviam
1200 733 1359 784 habuit,
1384 748 1472 788 quae
1497 734 1648 776 obnixe

114 802 160 837 ut
198 796 290 839 filiae
321 814 403 840 suae
450 800 725 850 misereretur,
776 800 1030 855 postulavit,
1104 799 1344 854 rogavitque
1385 805 1432 841 ut
1467 801 1500 841 si
1540 800 1646 842 forte

115 863 273 918 aliquas
304 866 345 907 in
373 865 560 908 Ecclesia
576 867 767 921 reliquias
790 867 973 918 liaberet,
999 881 1139 907 earum
1163 866 1351 921 portione
1371 867 1509 921 aliqua
1523 867 1559 908 ei
1581 868 1646 909 vel

114 929 276 972 lavacro
310 933 557 974 subveniret.
623 933 828 975 Successit
850 933 976 990 igitur
998 932 1084 989 ejus
1105 933 1242 974 auimo
1265 933 1372 987 quod
1408 933 1458 974 de
1483 935 1645 977 annulis

108 996 242 1039 loricae
278 998 406 1054 ipsius
426 1000 583 1054 aliquos
614 1000 798 1051 haberet,
836 1016 887 1041 ex
921 1001 1068 1054 quibus
1106 1006 1261 1054 quanta
1287 1000 1415 1042 virtus
1454 1000 1495 1041 in
1523 1000 1645 1043 Beati

114 1063 281 1106 Godrici
302 1066 482 1120 reliquiis
509 1068 801 1116 contineretur,
828 1067 1005 1122 experiri
1025 1067 1240 1122 potuisset.
1304 1066 1399 1107 Non
1434 1072 1575 1109 tamen
1597 1073 1643 1109 ut

111 1129 346 1175 incredulus
381 1132 580 1175 Sanctum
615 1134 694 1174 Dei
719 1138 924 1189 temptare
947 1133 1090 1182 voluit,
1113 1133 1185 1174 sed
1221 1132 1360 1188 potius
1385 1138 1432 1175 ut
1469 1134 1560 1189 pius
1580 1135 1642 1176 sui

111 1195 318 1241 dilectoris
336 1205 509 1250 amator,
534 1200 613 1242 Dei
643 1200 751 1242 illius
782 1200 936 1242 virtute
966 1200 1139 1255 gloriam
1170 1199 1359 1241 attollere
1391 1201 1639 1256 concupivit.

115 1263 241 1306 Unde
280 1271 321 1307 et
356 1266 445 1308 illos
479 1268 520 1308 in
550 1283 658 1322 aqua
678 1267 822 1318 abluit,
846 1271 887 1308 et
918 1267 1063 1321 puellae
1094 1266 1309 1321 languenti
1337 1275 1378 1307 et
1400 1265 1552 1308 inflatae
1575 1267 1639 1309 ²⁷in

113 1335 258 1385 potum
305 1333 465 1384 tribuit,
506 1334 656 1383 dicens,
702 1339 725 1355 “
744 1334 947 1374 Dominus
980 1333 1010 1373 J
1015 1348 1106 1374 esus
1146 1332 1336 1374 Christus
1377 1349 1449 1388 per
1489 1334 1639 1376 merita

111 1397 279 1440 Godrici
302 1400 407 1441 servi
430 1400 503 1441 Sui
524 1400 601 1442 tibi
628 1401 849 1442 sanitatem
871 1400 924 1441 ab
944 1400 1023 1441 hac
1047 1398 1286 1440 infirmitate
1308 1404 1382 1440 tua
1404 1400 1574 1451 tribuat,
1598 1408 1639 1443 et

110 1470 267 1517 quanta
307 1467 472 1509 virtutis
507 1468 645 1522 gratia
676 1467 717 1508 in
754 1468 858 1508 servi
892 1467 953 1508 sui
993 1465 1124 1507 fidelis
1159 1467 1280 1507 rebus
1311 1467 1477 1517 existat,
1521 1468 1638 1510 nobis

108 1532 342 1574 ostendat.”
374 1534 465 1586 Quo
479 1534 604 1583 facto,
627 1533 681 1575 ad
696 1533 926 1575 Ecclesiam
948 1533 1083 1583 rediit,
1103 1532 1174 1574 sed
1199 1534 1241 1574 in
1258 1533 1437 1574 crastino
1454 1549 1639 1589 egressus

103 1598 282 1651 puellam
323 1600 562 1654 praedictam
600 1616 741 1642 sanam
771 1606 811 1641 et
835 1600 1107 1655 gracillimam
1139 1615 1231 1640 cum
1254 1600 1400 1641 ceteris
1421 1602 1639 1644 coaetaneis

99 1663 314 1720 jocantem
335 1667 534 1722 repperit3
570 1673 782 1721 matreque
810 1667 1020 1717 accersita,
1048 1666 1251 1721 quomodo
1277 1666 1445 1708 sanitati
1471 1668 1636 1709 reddita

106 1731 250 1774 fuisset
283 1733 507 1788 inquisivit,
531 1749 619 1788 quae
641 1732 767 1774 filiam
789 1749 906 1775 suam
927 1748 1026 1774 mox
1047 1738 1092 1774 ut
1116 1748 1266 1787 aquam
1289 1733 1354 1773 die
1385 1735 1635 1788 praecedenti

105 1804 359 1852 gustaverat,
381 1800 503 1841 saluti
528 1800 710 1855 pristinae
746 1800 984 1841 restitutam
1005 1799 1192 1841 asseruit.
1240 1799 1361 1851 Quod
1385 1799 1451 1840 ille
1477 1801 1632 1849 videns,

104 1863 194 1906 Deo
224 1866 380 1921 gratias
401 1867 595 1917 reddidit,
620 1867 701 1919 Qui
723 1866 862 1908 dilecti
894 1866 999 1908 servi
1031 1866 1093 1907 sui
1124 1866 1273 1906 merita
1307 1870 1394 1906 tam
1433 1868 1635 1909 evidentis

99 1931 285 1974 miraculi
306 1933 467 1975 indiciis
487 1934 642 1974 mundo
660 1933 866 1974 declarare
888 1932 1054 1988 delegit.

161 1998 256 2040 Hoc
291 1999 535 2041 miraculum
570 2000 733 2041 initium
765 1999 975 2055 signorum
999 1997 1162 2040 exstitit
1194 2014 1266 2053 per
1298 2013 1390 2056 quae
1422 2007 1515 2053 post
1545 1998 1632 2055 ejus

101 2065 260 2106 obitum
306 2067 449 2121 quanti
485 2067 621 2108 meriti
661 2066 837 2107 Sanctus
870 2065 1074 2106 Godrieus
1105 2064 1242 2113 fuerit,
1270 2065 1475 2106 Dominus
1514 2067 1631 2107 terri—

95 2131 210 2186 genis
227 2133 441 2175 ostendere
464 2133 479 2155 ³
486 2133 734 2188 procuravit.

148 2244 156 2263 ¹
187 2244 417 2291 Godefiidua]
447 2244 479 2277 It
508 2244 535 2278 is
562 2244 722 2289 probable
748 2243 822 2277 that
851 2243 918 2276 this
948 2243 976 2276 is
1003 2242 1060 2275 the
1086 2253 1179 2275 same
1203 2240 1389 2275 individual
1415 2240 1490 2274 who
1511 2241 1628 2275 subse-

97 2290 238 2336 quently
254 2291 393 2324 became
418 2291 507 2336 prior
532 2291 569 2324 of
594 2290 711 2329 Kelso‚
729 2290 795 2323 and
813 2290 847 2323 in
867 2301 935 2323 ΛΑ).
955 2291 1045 2323 1203
1062 2300 1129 2322 was
1148 2288 1301 2322 elevated
1318 2293 1352 2320 to
1370 2287 1428 2320 the
1446 2287 1577 2333 dignity
1596 2289 1633 2321 of

94 2337 207 2371 abbot.
258 2338 320 2370 See
338 2337 505 2371 Morton’s
523 2337 694 2370 Monastic
713 2336 855 2380 Annals,
873 2348 905 2381 p.
926 2338 980 2369 85.

143 2385 155 2403 ²
182 2384 225 2417 In
238 2389 351 2429 potum
370 2384 516 2429 tribuit]
540 2384 603 2417 See
622 2383 688 2416 this
706 2389 838 2416 custom
857 2381 1049 2427 explained,
1068 2377 1086 2425 ξ
1102 2383 1181 2423 241,
1198 2386 1277 2414 note
1294 2381 1316 2415 ².

139 2431 152 2450 ³
181 2429 409 2477 Procuravit]
438 2430 510 2463 The
536 2441 745 2475 anonyinous
772 2429 934 2462 Harleian
962 2427 1083 2473 legend
1111 2428 1189 2461 thus
1218 2426 1338 2461 details
1368 2426 1436 2460 this
1465 2427 1628 2464 incident.

97 2477 215 2511 “Post
242 2489 420 2511 excessum
447 2477 552 2510 sancti
578 2477 650 2519 viri,
673 2475 840 2509 Godricus
860 2474 1056 2508 calcoensis
1075 2474 1350 2507 eleemosinarius
1369 2473 1484 2507 volens
1502 2474 1624 2507 habere

97 2524 225 2569 aliquid
241 2523 437 2557 memoriale
455 2523 496 2556 de
513 2523 663 2568 reliquiis
681 2522 798 2568 ipsius,
811 2521 958 2565 advenit,
971 2527 1004 2554 et
1022 2520 1091 2554 dati
1111 2526 1189 2554 sunt
1206 2520 1322 2554 annuli
1337 2519 1378 2553 de
1395 2519 1510 2554 lorica.
1559 2520 1625 2554 Die

96 2571 240 2616 quadam
257 2576 332 2616 post
349 2570 566 2604 refectionem
581 2581 658 2603 cum
674 2569 912 2602 eleemosinam
924 2567 1127 2613 pauperibus
1141 2572 1301 2612 erogaret,
1314 2578 1392 2600 ecce
1404 2567 1525 2600 mulier
1538 2567 1626 2600 filio-

91 2617 160 2651 lam
177 2617 331 2663 portabat
349 2617 499 2650 inflatam
519 2622 589 2650 toto
607 2627 756 2660 corpore,
769 2621 887 2660 petens
905 2621 942 2648 ut
959 2613 1038 2647 huic
1055 2614 1211 2657 miseriae,
1223 2613 1250 2647 si
1263 2625 1345 2658 quas
1363 2612 1501 2646 haberet
1518 2613 1553 2646 in
1571 2625 1625 2647 ec-

95 2664 198 2697 clesia
215 2663 383 2708 reliquias,
403 2663 606 2696 subveniret.
657 2662 724 2705 Qui
743 2661 885 2695 annulos
904 2661 944 2694 de
963 2660 1067 2693 lorica
1082 2660 1165 2693 lavit
1183 2660 1216 2693 in
1235 2671 1331 2704 aqua,
1351 2664 1383 2692 et
1409 2670 1482 2692 eam
1500 2659 1623 2704 puellae

91 2710 274 2755 porrigens,
293 2716 331 2743 ut
347 2715 488 2755 potaret,
507 2709 538 2742 ei
557 2709 665 2743 dixit:
691 2710 699 2727 ‘
716 2708 780 2741 Per
796 2708 917 2741 merita
935 2707 1021 2740 servi
1040 2707 1098 2740 Sui
1117 2706 1257 2740 Godrici
1284 2711 1379 2739 sanet
1401 2711 1434 2738 te
1453 2704 1621 2739 Dominus

93 2756 194 2790 Jesus
214 2756 392 2790 Christus.’
457 2756 496 2789 In
523 2755 668 2789 crastino
699 2754 826 2788 invenit
850 2765 924 2787 eam
947 2752 1085 2786 omnino
1111 2758 1274 2795 sanatam,
1294 2757 1327 2785 et
1352 2751 1422 2785 suis
1440 2753 1621 2786 coaetaneis

91 2803 332 2846 colludentem,
350 2808 383 2835 et
401 2808 468 2835 tam
488 2802 609 2835 subitae
623 2800 775 2834 sanitatis
794 2812 930 2834 causam
949 2799 1105 2844 quaesivit
1123 2811 1142 2831 a
1159 2805 1265 2832 matre
1280 2811 1288 2839 ;
1310 2809 1385 2842 quae
1401 2797 1506 2830 filiam
1525 2810 1620 2831 suam

92 2861 135 2882 ex
153 2861 218 2894 quo
237 2849 278 2882 de
295 2860 382 2893 aqua
406 2855 608 2893 gustaverat,
627 2847 770 2880 asseruit
796 2846 895 2880 saluti
923 2846 1075 2891 pristinae
1093 2845 1297 2878 restitutam.
1348 2844 1423 2876 Hoc
1446 2850 1522 2888 post
1547 2846 1620 2888 ejus

91 2903 232 2929 mortem
251 2895 420 2939 signorum
440 2896 512 2937 ejus
529 2894 593 2927 fuit
611 2893 782 2927 initium.”

1354 3005 1419 3029 BP,
