1839 3186
576 220 636 251 ET
672 220 939 251 MIRACULIS
975 220 1010 251 s.
1044 221 1262 252 GODRICI.
1597 214 1675 253 101

142 322 305 364 Sanctae
329 323 476 365 Mariae
500 324 660 372 unicus,
684 323 697 344 ¹
712 323 887 365 exstitit.
951 322 1035 364 2At
1062 323 1173 364 Puer
1194 323 1261 364 ille
1284 323 1325 365 in
1351 326 1597 379 egrediendo
1633 332 1675 368 et

140 390 409 444 regrediendo
434 405 533 432 voce
568 390 704 431 altiori
725 395 766 431 et
788 405 910 444 super
940 389 1022 430 mel
1044 394 1085 430 et
1106 390 1247 431 favum
1270 390 1454 442 dulciori,
1478 398 1518 434 et
1551 408 1676 448 supra

141 471 260 496 omne
282 457 392 511 quod
414 457 610 511 explicari
631 457 760 511 possit
796 455 986 506 suaviori,
1028 456 1190 497 cecinit.
1252 455 1380 511 Cujus
1412 459 1521 500 vocis
1553 474 1675 501 sonus

139 523 284 577 plenus
306 524 512 564 suavitate
547 521 745 564 melliflua
766 527 807 563 et
828 522 1140 577 incomparabili
1162 523 1409 564 omnimodae
1440 524 1674 567 dulcedinis

140 593 181 629 et
208 587 402 644 jocundae
427 588 700 645 jubilationis,
738 604 785 630 eo
814 594 1000 644 tempore
1035 589 1256 630 serenitate
1289 589 1482 631 insonuit.
1546 591 1674 646 Cujus

139 655 250 697 vocis
281 660 322 697 et
354 661 500 698 cantus
533 656 798 697 modulorum
834 670 964 710 genus
998 655 1063 696 vel
1099 655 1245 697 seriem
1282 655 1511 698 describere
1543 658 1673 699 credi-

138 721 268 763 derim
290 723 416 763 etiam
437 727 596 764 naturae
618 722 830 777 Angelicae
852 722 937 763 fore
961 722 1211 776 impossibile
1228 722 1473 776 explicare.''

200 789 311 843 §9L
344 788 470 830 Unde
495 790 557 831 vir
588 789 668 829 Dei
701 789 800 829 dum
821 803 966 830 vocem
997 787 1199 843 ejusmodi
1231 788 1407 837 audivit,
1440 804 1565 845 supra
1599 790 1672 831 ho-

137 855 292 896 minem
316 861 459 911 raptus
481 872 585 911 pene
607 855 820 910 Angelicae
843 855 1049 910 dignitati,
1072 860 1119 896 ut
1140 855 1242 896 mihi
1270 855 1446 906 videtur,
1474 856 1672 910 quodam-

138 922 260 962 modo
283 922 561 972 confoederari,
585 923 680 963 licet
701 937 783 962 non
801 921 1018 976 coaequari,
1042 922 1280 976 promeruit.
1354 921 1490 976 Igitur
1511 923 1573 963 vir
1595 923 1672 964 iste

137 1003 260 1029 verus
283 988 473 1030 Israelita
496 989 618 1030 fuisse
646 988 884 1038 dinoscitur,
910 988 978 1042 qui
1001 988 1241 1039 Dominum,
1268 987 1397 1044 Cujus
1417 989 1580 1030 vultum
1603 989 1672 1029 de-

138 1054 321 1095 siderant
363 1054 540 1111 ³Angeli
587 1055 835 1109 conspicere,
874 1054 915 1095 in
957 1054 1090 1096 forma
1127 1055 1311 1096 humana
1352 1056 1490 1110 palam
1533 1056 1673 1097 videre

137 1122 378 1176 promeruit.

135 1328 225 1365 ΟΑΡ.
251 1339 349 1365 XLII.
392 1340 444 1365 DE
465 1340 590 1366 CRUCE
621 1341 802 1376 AURATA,
836 1340 954 1370 QUAM
986 1339 1150 1369 QUIDAM
1186 1339 1376 1364 CAELATOR
1407 1339 1446 1364 EI
1478 1339 1668 1371 OBTUL1T3

204 1406 405 1435 QUALITER
442 1407 548 1436 QUOD
579 1408 619 1432 EI
654 1408 923 1442 PRAEDIXERIT,
956 1407 1095 1432 EADEM
1128 1407 1196 1431 DIE
1227 1406 1475 1432 COMPLETUM
1507 1389 1606 1431 SIT.4

193 1511 215 1566 ἓ
237 1513 307 1553 92.
345 1511 512 1552 DEINDE
533 1512 612 1553 alio
634 1517 818 1567 tempore
840 1511 1007 1566 quidam
1030 1511 1257 1566 imaginum
1280 1512 1462 1566 sculptor
1483 1513 1605 1553 simul
1629 1517 1671 1553 et

135 1577 269 1631 pictor
290 1575 366 1619 5ad
390 1579 595 1619 nundinas
629 1579 772 1620 Sancti
796 1578 1016 1620 Cuthberti
1051 1578 1305 1626 advenerat3
1341 1579 1413 1619 sed
1451 1579 1508 1620 ibi
1541 1593 1669 1633 usque

133 1643 188 1684 ad
210 1649 418 1686 extremos
456 1646 542 1686 dies
574 1645 824 1695 demoratus,
861 1645 919 1685 nil
956 1645 1120 1699 penitus
1152 1645 1202 1685 de
1242 1645 1470 1700 imaginum
1502 1660 1669 1686 suarum

134 1711 406 1765 suppellectili
446 1711 680 1753 Vendidisse
721 1711 899 1752 valebat.
963 1712 1036 1752 Ad
1068 1712 1203 1752 virum
1248 1711 1329 1752 Dei
1371 1711 1546 1765 denique
1576 1726 1668 1766 pro-

132 1776 280 1824 fectus,
307 1778 480 1819 Crucem
499 1778 707 1832 quandam
732 1778 974 1818 deauratam
1006 1778 1064 1818 illi
1101 1778 1264 1826 obtulit,
1298 1793 1345 1818 ac
1378 1778 1552 1819 miseriae
1584 1793 1667 1819 suae

133 1843 318 1896 querelas
350 1843 408 1884 illi
439 1844 644 1899 exposuit.
707 1844 825 1885 Tunc
846 1844 908 1886 vir
930 1844 1023 1895 Dei,
1065 1848 1089 1865 ‘⁶
1113 1843 1276 1894 Vade,”
1309 1843 1456 1898 inquit,
1496 1848 1520 1866 ‘⁶
1544 1859 1667 1897 quam

181 1952 189 1970 ¹
211 1952 383 2000 Exstitit]
405 1953 478 1987 The
498 1953 660 1987 Harleian
674 1965 885 1998 anonynious
899 1953 1010 1986 writer
1025 1952 1103 1986 thus
1122 1960 1271 1986 narrates
1285 1953 1353 1986 this
1371 1953 1538 1988 incident:
1566 1953 1665 1987 “Die

131 1999 276 2043 quadam
295 1999 433 2033 sedebat
448 1999 616 2033 Godricus
630 2000 671 2033 ad
684 2000 812 2033 Altaris
825 1999 959 2044 gradus,
975 1999 1129 2032 Psalmos
1148 2000 1332 2033 decantans
1346 2000 1379 2032 in
1394 1999 1559 2033 Psalterio
1574 2000 1664 2045 quod

131 2045 267 2079 tenebat
294 2047 328 2079 in
360 2047 499 2091 gremio.
552 2047 707 2091 Cumque
734 2047 930 2091 suspiceret,
958 2046 1041 2078 vidit
1069 2046 1280 2079 Crucifixum
1308 2052 1341 2079 et
1368 2046 1511 2079 Crucem
1538 2047 1664 2092 pariter

129 2093 334 2126 commoveri
352 2106 361 2134 ;
388 2099 420 2126 et
434 2099 510 2138 post
527 2093 711 2135 modicum,
727 2093 768 2126 de
780 2105 835 2126 ore
851 2092 1016 2125 Crucifixi
1036 2092 1119 2126 vidit
1138 2093 1231 2126 exire
1251 2092 1447 2136 Puer-ulum,
1466 2104 1533 2126 non
1551 2099 1662 2126 totum

129 2138 253 2182 subito,
268 2140 327 2173 sed
345 2151 403 2184 per
420 2139 572 2172 membra
588 2139 763 2185 paulatim.
807 2139 874 2181 Qui
893 2139 934 2172 ad
952 2139 1135 2184 imaginem
1154 2139 1270 2172 Beatae
1283 2139 1446 2184 Virginis,
1462 2151 1536 2184 quae
1550 2139 1661 2173 stabat

129 2196 172 2217 ex
190 2192 283 2229 parte
301 2186 468 2230 aquilonis
487 2186 520 2219 in
540 2186 656 2219 eadem
675 2186 780 2229 trabe,
793 2185 979 2229 descendit,
999 2192 1031 2218 et
1048 2186 1176 2230 gremio
1194 2186 1300 2231 ipsius
1318 2185 1454 2219 insedit.
1505 2186 1569 2219 Illa
1583 2198 1660 2219 vero

127 2242 247 2265 manus
274 2239 389 2265 contra
407 2232 598 2265 venientem
617 2232 793 2265 videbatur
820 2232 1014 2275 extendere,
1033 2239 1066 2264 et
1084 2232 1280 2277 amplexum
1304 2243 1363 2277 per
1380 2238 1447 2265 tres
1469 2232 1539 2265 fere
1559 2231 1658 2278 [fei-o,

126 2276 222 2323 MS]
242 2278 340 2312 horas
358 2278 503 2312 brachiis
522 2279 709 2312 confovere.
758 2278 891 2312 Deinde
918 2278 1085 2312 Puerulus
1111 2278 1228 2311 codem
1255 2278 1356 2311 modo
1374 2290 1440 2323 quo
1459 2285 1605 2322 venerat,
1625 2279 1657 2311 in

126 2335 163 2356 os
183 2323 346 2358 Crucifixi
366 2337 518 2358 reversus
536 2332 597 2358 est.
647 2325 819 2358 Videlicet
837 2337 903 2357 non
928 2324 1084 2368 gradiens
1103 2325 1154 2357 vel
1180 2325 1265 2370 pede
1291 2336 1441 2367 movens,
1459 2325 1519 2358 sed
1536 2325 1658 2358 leniter

125 2371 273 2414 spatium
296 2372 381 2404 aeris
397 2372 496 2404 inane
513 2372 752 2416 pertransiens.
803 2371 891 2404 Puer
909 2371 1058 2415 quidem,
1076 2377 1113 2404 ut
1131 2371 1202 2416 ipse
1226 2371 1323 2404 nobis
1349 2371 1474 2414 retulit,
1494 2372 1657 2416 quamdiu

125 2416 213 2449 sedit
231 2417 264 2449 in
282 2418 409 2461 gremio
427 2419 556 2460 matris,
574 2424 611 2450 ut
626 2418 740 2451 vivens
759 2418 793 2451 in
811 2429 948 2463 corpore
963 2429 998 2450 se
1012 2417 1180 2460 movebat,
1200 2417 1241 2450 ad
1256 2419 1308 2461 cuj
1317 2429 1353 2450 us
1371 2417 1554 2451 adventum
1569 2418 1656 2462 pari-

123 2468 174 2495 ter
200 2469 232 2496 et
259 2463 447 2497 discessum
472 2470 543 2497 tota
561 2464 670 2497 Sacrae
689 2464 840 2509 Virginis
859 2464 970 2508 imago
996 2463 1043 2496 ita
1069 2464 1283 2507 contremuit,
1296 2470 1333 2496 ut
1352 2464 1521 2497 videretur
1539 2464 1653 2496 statim

124 2508 165 2541 de
183 2509 277 2542 trabe
303 2522 431 2544 casura.
482 2510 628 2544 Putabat
646 2516 760 2543 autem
779 2511 827 2543 vir
852 2510 917 2543 Dei
936 2509 1029 2542 vitali
1056 2510 1176 2554 spiritu
1202 2510 1358 2554 imaginis
1384 2510 1536 2543 membra
1562 2521 1654 2543 com—

122 2554 218 2600 pleri,
238 2562 270 2589 et
289 2556 436 2590 Puerum
454 2568 520 2589 non
539 2556 631 2590 aliud
650 2569 722 2590 esse
741 2556 895 2600 credidit,
914 2568 1014 2601 quam
1034 2556 1161 2589 Filium
1180 2556 1333 2601 Virginis
1352 2555 1613 2589 Nazaraenum.’'

170 2602 182 2620 ²
198 2601 248 2636 At
269 2602 391 2649 Pver]
422 2603 495 2636 The
512 2615 652 2648 passage
669 2603 853 2647 beginning
870 2603 952 2635 with
970 2602 1065 2635 these
1079 2602 1199 2646 words⁷
1218 2602 1281 2635 and
1296 2602 1420 2646 ending
1434 2602 1514 2634 with
1535 2604 1553 2620 “
1567 2614 1650 2635 coae-

123 2649 229 2692 quari,
255 2650 478 2693 p1·omeruit‚⁷'
505 2650 533 2682 is
559 2649 669 2682 added
694 2649 728 2682 in
747 2649 804 2682 the
829 2649 958 2693 margin
985 2649 1023 2682 of
1039 2648 1081 2681 Β.
1100 2649 1134 2682 in
1152 2661 1171 2682 a
1190 2649 1357 2692 different,
1376 2648 1538 2692 although
1556 2654 1615 2681 not
1633 2660 1652 2681 a

120 2693 215 2738 later,
233 2694 484 2740 hand-writing.
536 2695 569 2728 It
587 2695 667 2729 does
684 2701 743 2728 not
760 2707 861 2729 occur
877 2696 912 2728 in
930 2695 977 2729 H.

168 2741 181 2759 ³
198 2740 353 2787 Angelc']
383 2744 399 2774 1
421 2742 493 2774 Pet.
512 2742 535 2775 i.
555 2745 621 2783 123
646 2747 705 2774 not
723 2742 758 2775 in
780 2742 826 2775 H.
923 2742 935 2760 ‘²
961 2741 1001 2774 In
1019 2741 1077 2774 the
1097 2741 1193 2774 Harl.
1211 2741 1287 2774 MS.
1306 2741 1444 2785 chapter
1463 2739 1602 2773 XLIII.

166 2787 178 2805 ⁵
196 2789 252 2820 Ad
267 2789 429 2820 nundinas
447 2787 481 2821 S.
501 2787 704 2834 Cuthberti]
734 2788 807 2821 The
824 2788 887 2821 fair
898 2788 935 2821 of
948 2787 997 2820 St.
1012 2787 1177 2820 Cuthbert
1191 2799 1258 2820 was
1276 2787 1355 2819 held
1373 2798 1462 2831 upon
1481 2786 1537 2819 the
1556 2787 1652 2820 anni—

121 2844 256 2878 versary
281 2834 318 2866 of
343 2833 400 2867 the
425 2834 624 2868 translation
650 2835 687 2867 of
708 2835 765 2867 the
796 2834 901 2867 Saint.
959 2833 1127 2877 Reginald
1152 2833 1333 2866 elsewhere
1359 2833 1530 2865 mentions
1556 2844 1649 2866 some

120 2879 254 2912 curious
272 2879 439 2913 incidents
457 2881 643 2914 connected
657 2881 739 2914 with
757 2880 851 2914 these
869 2881 960 2913 fairs,
980 2879 1054 2912 Lib.
1070 2879 1111 2911 de
1130 2879 1162 2911 S.
1176 2879 1300 2912 Cuthb.
1312 2890 1368 2923 pp.
1387 2881 1443 2919 54,
1461 2881 1516 2913 98.
1546 2879 1649 2912 From

119 2925 176 2959 the
194 2937 286 2959 same
303 2925 475 2971 authority
489 2927 515 2959 it
529 2939 668 2973 appears
687 2927 758 2960 that
777 2926 871 2960 these
888 2926 968 2959 fairs
990 2937 1073 2959 were
1091 2925 1309 2970 numerously
1321 2924 1492 2969 attended,
1511 2925 1577 2959 and
1591 2925 1649 2959 the
