1839 3186
539 229 597 260 ET
633 228 900 261 MIRAOULIS
938 229 972 260 s.
1005 229 1224 261 conmor.
1563 218 1645 258 253

107 349 192 374 CAP.
226 348 399 374 CXXVIII.
470 347 673 377 QUALITER
708 347 918 372 MALIGNUS
950 347 1045 372 VIRO
1080 348 1147 373 DEI
1180 348 1351 381 ASTlTIT,
1385 347 1433 372 ET
1465 347 1555 372 DUM
1600 347 1643 371 {N

165 415 293 440 ILLUM
325 414 500 440 IRRUERE
526 414 610 439 NON
638 413 794 449 POTUJT,
821 413 1032 439 VERSUTIAE
1058 414 1143 439 SUAE
1172 413 1473 440 DELEGATIONES
1504 413 1644 439 OCCUL-

165 482 237 506 ΤΑΒ
270 481 350 506 ILLI
381 464 641 506 ΒΕΤΕΧΕΒΕΙΤ.1

163 580 181 631 ᾧ
204 582 301 621 238.
335 579 592 620 EXSISTENTE
614 579 679 620 die
703 579 937 629 Dominica,
961 579 1089 620 frater
1111 578 1259 632 aliquis
1294 578 1330 620 ei
1354 577 1508 620 Missas
1538 579 1641 620 cele-

104 645 297 687 braturus
317 646 555 697 advenerat,
573 645 645 687 sed
669 645 903 700 pluviarum
923 645 1052 686 nimia
1072 644 1341 685 inundatione
1358 646 1636 700 proveniente,

105 712 177 753 vix
206 727 289 767 prae
320 711 523 753 fluctuum
557 712 835 767 grassantium
861 711 1107 766 quantitate,
1142 711 1211 751 illo
1242 711 1380 766 potuit
1411 712 1637 766 pervenire.

107 777 427 820 Considentibus
448 778 528 820 illis
550 783 591 819 et
614 779 664 819 de
692 778 815 820 rebus
845 778 1127 833 spiritualibus
1155 782 1314 818 secreta
1344 778 1636 829 tractantibus,

105 845 241 886 subito
263 845 371 886 inter
392 845 474 886 alia
496 845 617 900 coepit
648 844 783 886 acrius
816 843 925 895 flere,
949 850 991 886 et
1020 845 1081 886 ita
1112 844 1382 899 protestando
1418 845 1636 899 suspirare,

107 915 131 934 “
150 911 264 952 Proh
289 911 416 961 dolor,
435 911 545 966 quod
565 926 696 966 genus
716 911 944 952 humanum
965 911 1144 966 regionis
1163 909 1286 966 hujus
1299 915 1362 952 tot
1380 911 1638 952 miseriarum

105 978 291 1032 pestibus
311 976 523 1033 subjacet3
558 983 600 1018 et
623 978 714 1018 Deo
735 978 1015 1032 permittente,
1037 977 1158 1019 famis
1179 976 1317 1031 inopia
1337 982 1492 1018 terram
1514 977 1639 1033 depo-

105 1045 299 1098 pulatura
335 1044 485 1085 nostris
520 1043 747 1085 cervicibus
784 1044 988 1085 imminet.
1051 1043 1139 1084 Nec
1173 1043 1273 1084 dum
1310 1043 1419 1085 enim
1456 1044 1637 1085 diluculo

104 1109 265 1164 plenius
287 1115 534 1165 emergente,
556 1125 661 1159 ecce,
685 1109 853 1164 quidam
879 1110 947 1151 hic
978 1109 1147 1165 spiritus
1175 1109 1369 1151 terribilis
1396 1110 1544 1160 astitit,
1568 1110 1638 1165 qui

105 1176 220 1230 quasi
236 1191 323 1231 prae
340 1176 473 1218 cordis
495 1176 671 1217 elatione
688 1176 928 1232 indignatus
950 1182 1011 1218 est
1031 1176 1269 1217 calcaneum
1283 1176 1446 1232 vestigii
1468 1177 1530 1218 sui
1552 1177 1638 1218 solo

104 1247 226 1284 tenus
260 1242 520 1298 imprimere3
560 1241 679 1298 cujus
713 1243 919 1297 nequitias
951 1242 1051 1284 dum
1084 1242 1342 1297 aspernando
1378 1242 1634 1297 respicerem,

106 1308 173 1350 ille
202 1309 438 1351 infrendens
462 1324 531 1351 ore
555 1308 729 1351 stridulo
751 1309 871 1360 dixit,
898 1309 1008 1364 quod
1029 1324 1111 1350 non
1139 1309 1175 1350 ei
1199 1308 1376 1364 amplius
1401 1309 1638 1351 deridenter

106 1375 360 1427 insultarem,
385 1380 410 1398 ‘⁶
428 1376 538 1417 Nam
560 1375 694 1426 ecce,''
718 1375 917 1430 inquiens,
945 1380 970 1398 ‘⁶
988 1375 1179 1426 Godrice,
1199 1375 1387 1429 quamvis
1407 1375 1449 1416 in
1470 1381 1512 1417 te
1533 1375 1635 1417 mihi

105 1446 290 1496 potestas
320 1442 535 1497 grassandi
569 1457 650 1482 non
684 1442 954 1497 permittitur,
986 1457 1096 1483 nunc
1127 1441 1229 1483 mihi
1261 1442 1313 1483 ab
1346 1442 1457 1483 omni
1485 1442 1637 1497 populo

105 1508 283 1563 regionis
322 1507 445 1564 hujus
482 1508 717 1563 triumphus
751 1524 824 1564 per
858 1508 1105 1564 pestilentiae
1145 1508 1337 1549 morbum
1378 1508 1636 1550 attribuitur.

106 1572 311 1619 2Fructus
332 1575 500 1629 quidem
527 1579 650 1616 terrae
673 1575 733 1616 ita
755 1575 930 1616 delendo
958 1581 1184 1625 conteram,
1208 1574 1318 1629 quod
1344 1575 1461 1628 aquis
1493 1575 1637 1616 diluvii

106 1641 245 1682 omnia
264 1645 384 1682 terrae
405 1641 683 1696 germinantia
701 1642 743 1682 in
764 1641 829 1683 his
850 1640 1000 1684 finibus
1021 1657 1124 1697 pene
1146 1641 1423 1697 disperdam.”
1477 1640 1636 1694 Quibus

107 1706 229 1749 dictis
250 1708 325 1749 sub
346 1707 610 1750 festinatione
634 1707 751 1758 exiit,
775 1713 816 1749 et
838 1708 937 1749 dum
959 1709 1064 1750 citra
1084 1708 1263 1749 nemoris
1284 1707 1371 1749 alta
1391 1707 1571 1749 venisset
1592 1708 1635 1748 in

104 1788 211 1824 area,
235 1774 365 1816 nubes
385 1773 523 1830 nigras
545 1778 586 1815 et
607 1774 795 1816 turbidas
815 1789 913 1815 mox
936 1774 986 1816 de
1008 1790 1077 1816 ore
1096 1789 1169 1816 suo
1192 1773 1389 1824 evomuit,
1421 1779 1463 1816 et
1484 1774 1635 1816 exinde

105 1839 265 1894 pluvias
298 1841 399 1882 istas
436 1841 752 1894 circumquaque
792 1841 997 1895 dispersit.
1069 1840 1251 1882 Proinde
1287 1840 1417 1882 fames
1452 1841 1638 1882 maxima

104 1906 145 1947 in
167 1907 403 1961 regionibus
422 1906 486 1948 his
507 1907 793 1961 superveniet;
829 1922 875 1948 eo
897 1907 1007 1961 quod
1028 1907 1202 1962 populus
1230 1907 1342 1947 durae
1365 1907 1534 1948 cervicis
1556 1907 1636 1948 Dei

104 1973 322 2027 praeceptis
343 1973 511 2027 obsequi
534 1973 749 2023 detrectet,
776 1988 851 2014 nec
877 1973 1002 2015 Illum
1023 1974 1158 2015 timet.
1230 1972 1397 2028 Indigni
1420 1973 1529 2014 enim
1554 1973 1635 2015 Dei

105 2038 223 2080 donis
245 2039 466 2089 exsistunt,
491 2044 532 2080 et
555 2039 647 2080 ideo
672 2039 832 2081 fructus
861 2040 1083 2090 uberiores,
1105 2054 1206 2094 quos
1234 2044 1346 2080 terra
1376 2040 1559 2094 percepit
1592 2045 1633 2080 et

103 2105 289 2159 protulit,
314 2105 404 2147 Deo
427 2105 599 2156 vindice,
634 2106 867 2161 percepturi
897 2122 980 2148 non
1010 2106 1147 2148 sunt.''
1217 2105 1282 2146 Ut
1313 2106 1440 2161 igitur
1461 2106 1523 2147 vir
1554 2106 1635 2147 Dei

104 2172 367 2225 praedixerat,
391 2171 592 2227 contigit3
625 2177 666 2213 et
688 2172 818 2214 fames
845 2173 1045 2221 maxima,
1068 2171 1324 2227 consumptis
1351 2177 1471 2214 terrae
1491 2172 1634 2214 fructi-

102 2237 193 2288 bus,
230 2253 303 2293 per
344 2238 577 2293 pluviarum
618 2238 932 2280 inundationem
967 2237 1216 2294 superfluam
1251 2238 1293 2279 in
1325 2238 1437 2280 omni
1472 2239 1637 2295 regione

105 2303 432 2346 Northimbrana
453 2320 560 2346 anno
581 2305 669 2360 ipso
692 2304 944 2360 3praevaluit.

151 2413 160 2432 ¹
188 2413 228 2446 In
242 2414 299 2447 the
319 2414 415 2448 Harl.
433 2415 508 2448 Ms.
527 2414 664 2460 chapter
683 2415 855 2449 CXXVI.

153 2459 166 2478 ²
183 2459 328 2494 Fructus
347 2492 351 2495 ,
373 2487 380 2494 .
401 2488 408 2495 .
427 2461 551 2507 terrm]
579 2462 642 2494 See
659 2461 814 2506 chapters
836 2464 877 2495 81
897 2460 963 2494 and
983 2463 1060 2494 102.

150 2506 170 2528 3>
183 2506 394 2553 Praevaluit]
423 2507 463 2540 In
482 2508 539 2541 the
559 2507 722 2540 Harleian
739 2519 949 2552 anonymous
966 2507 1088 2552 legend
1104 2520 1110 2542 :
1138 2509 1157 2527 “
1173 2508 1252 2541 Una
1269 2507 1323 2540 die
1342 2506 1523 2540 Dominica
1539 2506 1640 2540 frater

104 2551 134 2584 ei
153 2552 297 2586 Missam
321 2553 549 2587 celebraturus
570 2560 706 2599 propter
723 2553 978 2586 inundationem
1004 2553 1129 2599 pluviae
1146 2554 1204 2587 vix
1223 2554 1303 2587 illuc
1326 2553 1435 2598 potuit
1454 2553 1639 2598 pervenire.

105 2598 228 2631 Postea
244 2600 509 2641 considentibus,
528 2601 575 2634 ita
592 2600 695 2645 coepit
710 2599 803 2644 loqui
822 2599 871 2633 vir
894 2606 1030 2633 sanctus
1047 2612 1054 2634 ε
1081 2602 1102 2619 “
1117 2600 1207 2633 Proh
1228 2600 1343 2634 dolor!
1372 2600 1466 2632 Gens
1491 2599 1637 2643 regionis

104 2644 202 2678 istius
228 2645 262 2678 in
291 2646 446 2691 proximo
473 2647 572 2680 famis
599 2646 724 2691 inopia,
754 2646 828 2679 Deo
860 2646 1088 2691 permittente,
1119 2646 1314 2680 vastabitur.
1365 2645 1458 2678 Nam
1489 2645 1638 2678 diluculo

104 2698 308 2735 emergente,
326 2692 409 2725 mihi
435 2693 572 2738 spiritus
594 2692 753 2725 terribilis
779 2692 895 2735 astitit,
922 2693 969 2725 ita
987 2692 1125 2727 dicens:
1154 2692 1342 2735 ‘Quamvis
1366 2692 1401 2724 in
1419 2698 1452 2724 te
1477 2691 1560 2724 mihi
1578 2703 1638 2736 po-

103 2742 219 2780 testas,
243 2738 399 2781 Godrice,
423 2750 490 2771 non
518 2739 625 2782 detur,
655 2738 690 2771 in
715 2738 878 2784 populum
906 2744 1020 2772 tamen
1047 2739 1150 2772 istum
1170 2739 1276 2772 virtus
1304 2749 1381 2771 mea
1406 2737 1638 2782 grassabitur3

104 2794 182 2816 nam
210 2789 307 2817 terrae
340 2784 481 2828 fructus,
509 2785 601 2818 velut
630 2784 747 2817 diluvii
783 2784 928 2829 quadam
961 2785 1192 2828 inundatione,
1221 2784 1365 2817 delebo.'
1432 2784 1496 2817 His
1527 2783 1639 2827 dietis,

104 2829 200 2871 exiit,
220 2836 253 2863 et
270 2831 454 2864 ascendens
485 2831 521 2864 in
547 2842 670 2874 aerem,
697 2831 809 2875 nigras
837 2831 878 2864 (16
906 2843 961 2864 ore
986 2843 1047 2864 suo
1072 2832 1180 2864 nubes
1198 2831 1359 2872 evomuit,
1377 2836 1411 2863 et
1427 2830 1558 2875 pluvias
1577 2831 1640 2863 eir-

104 2887 316 2920 cumquaque
346 2877 529 2921 dispersit3
571 2877 660 2910 unde
688 2877 794 2910 fames
824 2877 936 2910 valida
966 2877 1193 2921 subsequitur.
1261 2876 1392 2910 Eodem
1422 2888 1522 2919 anno,
1552 2877 1640 2911 sieut

105 2921 246 2964 dixerat,
266 2923 371 2957 fames
390 2923 424 2956 in
443 2923 500 2957 illa
518 2924 653 2968 regione
671 2923 883 2968 praevaluit.''
