1839 3186
200 170 283 212 374
729 180 961 213 LIBELLUs
996 181 1060 212 DE
1096 181 1212 212 VITA

199 285 241 326 in
263 292 428 340 pectore
450 288 492 325 et
523 289 613 325 toto
641 298 809 339 corpore
830 285 1107 336 laboraverat,
1128 284 1244 341 cujus
1270 289 1414 339 pectus
1436 289 1478 324 et
1505 290 1647 324 venter
1668 283 1737 323 illo

197 351 398 393 venientis
439 350 450 371 ¹
468 350 776 400 intumuerant3
823 352 895 393 sed
932 351 1043 393 omni
1080 351 1323 393 infirmitate
1356 350 1543 405 depulsa,
1566 365 1666 392 sana
1688 364 1737 390 ac

192 417 422 473 gracillima
445 417 613 458 domum
634 418 859 459 remeabat.

719 585 722 589 '
782 581 821 606 V.
855 581 905 605 DE
938 580 1138 607 BRACHns.

262 682 280 734 ξ
303 680 401 726 357.
436 682 674 722 MATHILDIS
689 694 795 720 uxor
816 678 832 700 ²
849 678 1023 720 Ulfkilli
1044 678 1095 720 de
1120 678 1135 699 ³
1149 679 1429 727 Hei-vertune,
1446 676 1605 718 duobus
1618 675 1736 718 annis

193 748 327 790 officia
351 747 611 789 brachiorum
633 746 840 794 amiserat,
864 745 960 799 quia
980 761 1029 786 ea
1049 746 1258 787 exaruisse
1289 743 1507 793 sentiebat,
1533 748 1575 784 et
1596 743 1735 783 omnia

190 815 380 856 similiter
414 813 601 855 membra
636 828 730 854 cum
760 812 974 853 debilitate
1002 812 1182 866 quadam
1209 811 1465 867 perdideram
1515 809 1566 851 de
1587 809 1734 864 quibus

192 881 382 923 omnibus
406 881 627 922 sanitatem
649 879 887 934 recipiebat.

758 1045 814 1069 VI.
847 1044 898 1068 DE
929 1043 1162 1068 VERTIGINE.

256 1147 274 1198 ᾗ
296 1149 394 1188 358.
427 1146 539 1186 ALIA
561 1146 612 1186 de
645 1144 791 1186 eadem
813 1143 911 1186 villa
932 1143 1104 1185 dimidio
1126 1159 1233 1185 anno
1256 1143 1438 1184 dolorem
1460 1144 1655 1185 sustinuit
1677 1160 1728 1185 ex

191 1213 320 1254 nimia
340 1213 542 1268 vertigine
564 1211 732 1261 cerebri,
759 1210 882 1265 quod,
905 1219 952 1251 ut
983 1210 1250 1265 postmodum
1286 1210 1453 1251 sanitati
1474 1210 1639 1251 reddita
1666 1226 1729 1252 as-

192 1280 332 1329 seruit,
357 1279 488 1321 instar
515 1284 618 1320 rotae
641 1278 820 1320 volantis
851 1277 928 1318 sibi
952 1276 1173 1319 videbatur
1194 1277 1367 1319 interius
1389 1277 1641 1318 circumferri
1660 1295 1670 1326 ;
1704 1293 1730 1318 a

191 1362 272 1402 qua
292 1346 349 1388 ibi
370 1345 521 1387 meruit
542 1343 785 1387 infirmitate
805 1343 985 1385 liberari.

548 1512 623 1538 VII.
656 1511 707 1535 DE
739 1509 1002 1534 FEBRICIENTE
1033 1509 1301 1538 QUOTIDIANA.

247 1611 264 1662 ᾗ
288 1612 385 1652 359.
421 1609 516 1650 EDA
534 1607 618 1650 filia
643 1607 858 1664 cujusdam
880 1607 957 1650 viri
990 1609 1284 1651 Dunelmensis
1306 1608 1432 1660 urbis,
1462 1609 1621 1651 Salerni
1650 1626 1723 1651 110-

190 1678 312 1727 mine,
345 1676 586 1730 quotidiana
619 1675 723 1717 febri
760 1674 954 1716 continue
989 1691 1061 1730 per
1094 1681 1252 1730 septem
1285 1691 1413 1717 annos
1451 1676 1725 1725 laboraverat,

190 1758 264 1798 pro
300 1741 415 1798 cujus
448 1741 702 1784 infirmitatis
733 1742 939 1796 ereptione
960 1743 1024 1783 bis
1047 1742 1246 1783 Sanctum
1278 1742 1486 1783 Jacobum
1510 1743 1726 1798 peregrina

190 1810 307 1860 adiit,
332 1809 404 1851 sed
439 1809 616 1850 salutem
636 1809 890 1863 postulatam
926 1808 1096 1864 adipisci
1120 1824 1203 1850 non
1233 1809 1399 1864 potuit;
1434 1809 1505 1851 sed
1543 1810 1639 1851 illuc
1660 1825 1727 1851 ve-

188 1877 317 1927 niens,
340 1875 563 1918 sanitatem
585 1875 754 1931 recepit.

572 2041 658 2065 VIII.
691 2041 743 2065 DE
774 2039 1010 2065 EPILENTICA
1046 2040 1095 2064 ET
1126 2040 1342 2065 LUNATICA.

256 2141 278 2194 ξ
301 2142 397 2182 360.
433 2140 629 2193 QUAEDAM
652 2138 770 2180 Edoc
795 2138 908 2179 dicta
927 2138 1141 2189 vocabulo,
1163 2154 1270 2180 uxor
1305 2139 1502 2180 Semanni
1539 2139 1643 2181 fabri
1668 2140 1719 2181 de

184 2206 432 2256 4Mortune,
468 2206 620 2247 domno
659 2204 844 2261 ejusdem
884 2205 990 2247 villae
1030 2210 1151 2255 teste,
1199 2206 1420 2260 epilentica
1457 2211 1498 2247 et
1536 2206 1719 2247 lunatica

188 2273 373 2328 pluribus
387 2273 505 2314 annis
524 2273 700 2322 exstitit,
724 2287 817 2326 quae
840 2272 1027 2326 quamvis
1048 2273 1200 2327 pluries
1220 2272 1469 2313 medicinam
1486 2273 1718 2328 sumpserit,

184 2339 287 2381 nihil
324 2338 361 2380 ei
393 2344 534 2380 tamen
560 2339 726 2380 omnino
760 2339 942 2394 profuit3
974 2339 1048 2380 secl
1081 2339 1179 2380 illuc
1212 2339 1466 2394 perveniens,
1498 2339 1719 2381 sanitatem

186 2406 354 2461 recepit.

235 2522 242 2541 ¹
271 2519 535 2566 Intnmuerant]
566 2520 787 2563 Intumucrat,
810 2519 852 2553 B.
870 2519 937 2552 and
957 2520 1005 2553 H.

232 2566 245 2585 ²
277 2566 440 2613 Ulflsilli]
469 2566 602 2610 Ulkilli,
624 2566 671 2600 H.

234 2615 247 2633 ³
276 2613 510 2658 Hervertunc]
536 2613 716 2656 Hal-raton,
735 2624 776 2645 011
803 2612 860 2645 the
882 2612 971 2645 river
989 2612 1105 2656 Wear,
1123 2613 1232 2646 better
1248 2612 1370 2646 known
1390 2625 1463 2646 now
1480 2613 1526 2659 by
1544 2613 1601 2647 the
1618 2625 1716 2647 name

188 2662 225 2695 of
239 2662 418 2703 Lanibton,
436 2666 494 2693 not
512 2660 561 2692 far
578 2660 663 2692 from
683 2659 846 2692 Finchalc
863 2671 871 2700 ;
899 2659 1046 2703 Sui-teos,
1064 2659 1099 2692 ii.
1120 2660 1197 2694 178.

233 2709 245 2729 ‘¹
271 2705 460 2752 Mor-timon]
487 2706 635 2749 Morton,
654 2705 761 2739 either
780 2706 881 2739 VVcst
898 2717 934 2738 01·
953 2705 1044 2747 East,
1063 2705 1096 2738 in
1116 2706 1172 2738 the
1198 2705 1310 2751 parish
1337 2706 1374 2740 of
1395 2707 1584 2752 Scdgcfield
1601 2720 1609 2749 3
1636 2707 1716 2741 Sur-

182 2761 264 2798 tces,
283 2754 332 2789 iii.
351 2757 407 2798 55,
425 2756 468 2788 57
484 2766 492 2795 ;
519 2764 555 2786 or
570 2752 713 2798 perhaps
732 2753 878 2796 Mcrton,
896 2763 976 2785 near
995 2752 1168 2786 Finchalc.
