1839 3186
188 159 271 199 248
707 167 937 199 LIBELLUS
974 167 1037 198 DE
1074 167 1188 198 VITA

197 371 284 396 CAP.
306 370 446 395 exxw.
516 368 720 398 QUALITER
755 368 938 393 INIMICUs
973 368 1059 394 CUM
1094 369 1297 394 AMPULLIS
1325 368 1559 402 APPARUIT3
1594 369 1641 393 ET
1677 367 1722 392 1N

253 437 329 462 ORE
360 436 473 462 snavi
503 434 632 460 1LL1Us
663 434 910 469 EFFUNDENS,
934 434 1059 460 GRAVI
1091 436 1251 461 ULCEals
1283 435 1441 460 GENERE
1476 435 1604 461 ILLUM
1630 434 1723 459 PER-

253 486 405 528 CULIT.¹

266 601 288 655 ἓ
311 602 407 642 234.
441 599 698 641 EXSISTENTE
723 600 984 642 adolescente
1008 600 1211 655 ‘⁰⁷quodam
1233 602 1271 642 in
1304 602 1411 643 servi
1433 601 1511 642 Dei
1541 601 1720 653 servitio,

198 667 375 722 plurima
410 665 558 708 vidisse
597 666 823 721 promeruit
860 682 1032 720 quorum
1069 666 1160 708 finis
1194 683 1410 708 numerum
1445 667 1724 709 multitudinis

198 733 387 774 excessit.
452 731 582 773 Venit
610 733 737 787 igitur
757 733 977 786 aliquando
999 732 1167 787 spiritus
1187 734 1392 789 malignus
1419 734 1459 774 in
1490 734 1622 788 specie
1651 734 1723 774 ho-

197 799 320 840 minis
354 798 619 853 3grandioris,
653 798 768 853 cujus
805 803 895 839 toto
927 799 1107 854 corporis
1137 799 1311 841 circuitu
1340 800 1530 854 ampullae
1563 800 1725 841 diverso

199 864 364 919 liquoris
396 879 546 918 genere
567 864 818 905 videbantur
848 864 1058 919 4repletae,
1091 866 1244 907 circum
1274 866 1391 921 tegi;
1431 866 1498 920 qui
1534 866 1724 907 cellulam

198 931 273 973 viri
296 930 375 971 Dei
400 930 571 979 introiit,
595 938 636 971 et
658 945 765 971 nunc
787 931 839 972 de
862 931 1044 986 ampulla
1064 947 1159 982 una‚
1180 932 1303 973 modo
1326 932 1376 973 de
1397 932 1538 981 altera„
1560 932 1726 986 liquoris

197 997 259 1039 sui
297 997 510 1051 pigmenta
539 997 627 1038 viro
660 997 740 1038 Dei
772 997 981 1038 offerendo
1012 998 1218 1052 exposuit,
1242 1014 1416 1052 quorum
1446 998 1607 1053 singula
1637 998 1724 1053 ipse

197 1063 370 1104 viriliter
401 1063 632 1117 respuendo
660 1063 818 1111 abnuit,
846 1068 887 1104 et
908 1063 1169 1119 impugnanti
1192 1064 1355 1105 diabolo
1392 1080 1484 1105 eum
1511 1064 1640 1105 nimia
1665 1064 1726 1105 in-

198 1129 420 1171 sultatione
451 1129 680 1170 rebellavit.
740 1128 946 1170 ⁵Demum
978 1131 1112 1172 senior
1134 1130 1251 1171 illum
1274 1129 1473 1185 juvenem
1503 1130 1724 1181 advocans,

197 1196 272 1245 ait,
297 1194 459 1235 “Vade
484 1195 618 1245 citius,
645 1200 685 1236 et
718 1210 867 1249 aquam
888 1196 1151 1237 benedictam
1173 1212 1294 1251 super
1317 1197 1443 1238 istum
1478 1212 1660 1252 asperge,
1684 1202 1727 1237 et

197 1262 230 1303 si
267 1261 495 1316 fugientem
532 1261 695 1310 videris,
732 1277 916 1316 praecave
954 1277 1005 1303 ne
1046 1262 1162 1303 illum
1205 1268 1326 1304 extra
1354 1263 1497 1304 limina
1528 1262 1727 1303 Ecclesiae

198 1327 422 1382 sequaris.”
483 1327 604 1379 Quod
634 1327 733 1368 dum
760 1328 828 1368 ille
859 1328 1097 1370 adolescens
1127 1328 1286 1370 audivit
1320 1334 1361 1370 et
1393 1329 1603 1384 comperit,
1627 1344 1727 1370 mox

197 1383 446 1449 6aspersorio
469 1407 585 1447 aquae
614 1393 846 1434 benedictae
874 1395 915 1434 in
943 1394 1134 1436 manibus
1167 1400 1391 1450 assumpte,
1413 1395 1624 1436 funestum
1646 1395 1727 1450 spi-

197 1460 324 1501 ritum
347 1474 441 1500 cum
477 1474 524 1499 eo
556 1459 777 1510 insecutus,
805 1460 856 1501 de
882 1460 1070 1502 Ecclesia
1096 1461 1269 1516 pepulit,
1293 1466 1334 1502 et
1355 1461 1498 1503 limina
1518 1465 1726 1515 transgre-

199 1525 315 1567 diens
338 1524 535 1566 Ecclesiae
559 1530 651 1580 post
674 1523 762 1580 ejus
783 1526 958 1581 vestigia
984 1527 1183 1568 concitius
1205 1527 1449 1568 decucurrit.
1513 1527 1640 1568 Unde
1667 1527 1728 1568 in-

200 1591 394 1647 dignatus
415 1591 583 1646 spiritus
604 1591 685 1641 ille,
700 1592 821 1633 unius
839 1593 1031 1647 ampullae
1050 1608 1132 1634 suae
1153 1598 1319 1648 guttam
1341 1593 1462 1648 coepit
1484 1593 1526 1634 in
1547 1608 1616 1634 ore
1634 1598 1727 1648 post

200 1673 242 1699 se
270 1658 525 1698 decurrentis
557 1658 786 1708 infundere,
816 1663 857 1699 et
889 1674 936 1699 eo
969 1658 1092 1709 facto,
1125 1674 1216 1700 cun]
1241 1659 1418 1714 quodam
1450 1659 1729 1701 insultationis

201 1724 399 1764 cachinno
430 1723 471 1764 in
503 1728 648 1765 tenues
679 1725 891 1766 invisionis
924 1740 1045 1766 auras
1072 1740 1327 1767 evanescere.
1383 1726 1489 1767 Mox
1510 1740 1607 1767 vero
1635 1726 1728 1766 colli

202 1790 310 1831 illius
334 1794 481 1845 guttur
504 1794 639 1830 totum
663 1805 754 1831 cum
786 1806 855 1832 ore
888 1796 930 1832 et
953 1790 1054 1832 facie
1080 1793 1200 1847 coepit
1222 1792 1354 1833 acrius
1375 1793 1660 1842 intumescere,
1687 1796 1728 1833 et

200 1858 387 1911 palatum
423 1855 550 1911 ipsius
585 1871 679 1897 cum
712 1856 854 1911 lingua
892 1862 933 1898 et
965 1857 1165 1908 faucibus,
1196 1863 1343 1913 utpote
1375 1863 1540 1913 sumpto
1571 1873 1729 1900 Veneno

202 1922 409 1977 pestifero,
434 1927 734 1976 exaggeranter
755 1938 828 1977 per
849 1928 934 1964 tres
954 1922 1066 1964 ⁷dies
1102 1924 1315 1966 continuos
1349 1925 1588 1966 amaricare.
1644 1924 1729 1965 Pro

202 1989 349 2043 quibus
384 1988 588 2029 continuis
620 1988 962 2030 invalitudinibus
991 1989 1041 2030 de
1063 1990 1151 2031 vita
1172 1990 1425 2045 desperatus,
1448 1990 1502 2031 ad
1531 1991 1729 2031 domnum

202 2070 322 2096 suum
355 2053 540 2103 accessit⁷
576 2059 699 2108 atque
731 2070 804 2109 pro
837 2070 911 2096 sua
941 2055 1220 2097 inobedientia
1254 2057 1307 2097 ab
1338 2071 1385 2096 eo
1417 2056 1655 2111 castigatus,
1688 2060 1730 2097 et

203 2125 397 2175 percepta
425 2134 541 2160 sacra
566 2120 674 2161 illius
705 2120 888 2161 dexterae
919 2121 1217 2171 benedictione,
1249 2137 1348 2162 mox
1371 2122 1591 2172 convaluit,
1624 2122 1730 2164 sani-

203 2192 291 2227 tate
312 2186 491 2227 reddita.
555 2185 750 2226 Miranda
772 2186 899 2241 igitur
922 2187 1054 2228 virtus
1077 2188 1117 2228 in
1143 2188 1219 2229 viri
1242 2188 1321 2229 Dei
1342 2188 1628 2229 benedictione
1650 2189 1730 2228 cla-

202 2253 298 2301 ruit‚
323 2267 411 2306 quae
441 2256 561 2292 tanta
580 2251 779 2292 facilitate
809 2252 979 2307 maligni
1011 2253 1177 2307 spiritus
1208 2259 1365 2309 pestem
1395 2254 1637 2309 expellendo
1668 2254 1729 2295 fu-

204 2319 332 2374 gavit.
391 2317 496 2358 Haec
518 2318 656 2371 itaque
678 2318 914 2359 immutatio
936 2319 1118 2360 dexterae
1144 2320 1311 2362 Excelsi
1339 2320 1515 2371 exstitit,
1538 2320 1649 2375 8quae
1670 2320 1731 2361 in-

250 2446 257 2464 ¹
286 2445 324 2478 In
344 2444 401 2477 the
420 2443 516 2476 Harl.
534 2442 609 2476 MS.
628 2442 765 2487 chapter
784 2442 940 2477 CXXII.

247 2493 259 2511 ²
281 2488 459 2535 Quodam]
489 2489 564 2531 Illo,
582 2488 628 2522 H.
679 2489 781 2521 From
796 2489 852 2522 the
870 2495 1102 2533 arrangement
1114 2489 1179 2522 and
1197 2489 1254 2522 the
1272 2489 1426 2535 readings
1445 2491 1483 2524 of
1494 2490 1551 2523 the
1570 2490 1731 2524 Harleian

203 2538 372 2583 duplicate
390 2537 427 2569 of
440 2536 497 2569 the
524 2535 688 2568 Bodleian
718 2535 793 2568 MS.
811 2535 877 2568 and
903 2535 976 2567 that
993 2535 1104 2568 which
1122 2548 1171 2568 we
1188 2535 1272 2568 have
1299 2536 1409 2580 styled
1427 2537 1483 2570 the
1507 2537 1730 2582 Anonymous

205 2584 365 2618 Harleian
392 2581 540 2626 Legend,
562 2581 588 2614 it
605 2592 744 2625 appears
770 2581 842 2613 that
865 2580 932 2613 this
958 2581 1063 2625 youth
1094 2593 1160 2614 was
1189 2581 1231 2614 he
1258 2581 1304 2626 by
1321 2582 1431 2616 whom
1459 2594 1545 2615 were
1569 2594 1648 2616 seen
1673 2583 1730 2616 the

203 2632 328 2666 visions
346 2624 541 2662 mentioned
559 2628 593 2660 in
610 2626 627 2671 ξ
646 2629 713 2661 317
732 2627 797 2660 and
816 2627 871 2660 the
889 2627 1060 2671 following
1077 2628 1234 2662 sections,

251 2678 264 2697 ³
283 2673 519 2753 (ἆνιιηάίιυ-ιῖς.]Ι
542 2673 732 2715 Gramion,
754 2673 797 2706 B.
1225 2675 1236 2692 ⁴
1256 2673 1433 2718 Replctoe.]
1458 2675 1614 2719 lmplere‚
1636 2675 1682 2708 H.

247 2726 260 2744 ⁵
286 2720 450 2766 Domum]
480 2721 507 2753 T
521 2721 563 2753 iis
582 2725 751 2762 sentencc‚
770 2718 894 2763 ending
911 2719 991 2751 with
1011 2720 1031 2736 ‘⁴
1045 2719 1229 2763 sequaris‚’'
1247 2720 1275 2753 is
1293 2721 1435 2754 omitted
1454 2721 1487 2754 in
1511 2722 1556 2755 H.

245 2774 258 2793 6
276 2766 498 2813 Aspersorio]
526 2767 589 2799 Sec
607 2765 624 2810 ξ
644 2768 721 2799 2:36.
774 2765 847 2798 The
867 2765 1078 2809 Holy-water
1095 2765 1256 2810 sprinkle.

244 2821 254 2840 ⁷
280 2814 391 2858 Diem]
416 2814 565 2855 Menses,
589 2813 633 2845 1-1.

245 2867 256 2884 ⁵
277 2860 386 2905 Quaz]
412 2861 498 2902 Quae
513 2859 685 2892 sinistrum
705 2870 799 2902 opus,
823 2858 881 2899 H.;
900 2857 1056 2901 omitting
1073 2857 1129 2891 the
1148 2858 1381 2891 interlnediate
1400 2859 1517 2892 words.
