<?xml version="1.0" encoding="UTF-8"?>
<!DOCTYPE html PUBLIC "-//W3C//DTD XHTML 1.0 Transitional//EN"
    "http://www.w3.org/TR/xhtml1/DTD/xhtml1-transitional.dtd">
<html xmlns="http://www.w3.org/1999/xhtml" xml:lang="en" lang="en">
 <head>
  <title>
</title>
<meta http-equiv="Content-Type" content="text/html;charset=utf-8" />
  <meta name='ocr-system' content='tesseract 3.04.00' />
  <meta name='ocr-capabilities' content='ocr_page ocr_carea ocr_par ocr_line ocrx_word'/>
</head>
<body>
  <div class='ocr_page' id='page_1' title='image "./libellusdevitaet00regi/libellusdevitaet00regi_0164.png"; bbox 0 0 1839 3186; ppageno 0'>
   <div class='ocr_carea' id='block_1_1' title="bbox 168 174 1165 218">
    <p class='ocr_par' dir='ltr' id='par_1_1' title="bbox 168 174 1165 218">
     <span class='ocr_line' id='line_1_1' title="bbox 168 174 1165 218; baseline 0.004 -6"><span class='ocrx_word' id='word_1_1' title='bbox 168 174 251 213; x_wconf 82' lang='grc'>118</span> <span class='ocrx_word' id='word_1_2' title='bbox 683 185 915 218; x_wconf 86' lang='lat' dir='ltr'>LIBELLUs</span> <span class='ocrx_word' id='word_1_3' title='bbox 951 185 1016 216; x_wconf 86' lang='lat' dir='ltr'>DE</span> <span class='ocrx_word' id='word_1_4' title='bbox 1051 185 1165 217; x_wconf 84' lang='lat' dir='ltr'>VITA</span> 
     </span>
    </p>
   </div>
   <div class='ocr_carea' id='block_1_2' title="bbox 157 287 1701 2397">
    <p class='ocr_par' dir='ltr' id='par_1_2' title="bbox 157 287 1701 2397">
     <span class='ocr_line' id='line_1_2' title="bbox 236 287 1698 344; baseline 0.001 -15"><span class='ocrx_word' id='word_1_5' title='bbox 236 289 258 343; x_wconf 50' lang='grc' dir='ltr'>ᾗ</span> <span class='ocrx_word' id='word_1_6' title='bbox 281 291 377 330; x_wconf 91' lang='grc'><strong>110.</strong></span> <span class='ocrx_word' id='word_1_7' title='bbox 412 288 470 329; x_wconf 87' lang='lat' dir='ltr'>Et</span> <span class='ocrx_word' id='word_1_8' title='bbox 488 303 593 338; x_wconf 89' lang='lat' dir='ltr'>ecce,</span> <span class='ocrx_word' id='word_1_9' title='bbox 609 287 700 344; x_wconf 85' lang='lat' dir='ltr'>jam</span> <span class='ocrx_word' id='word_1_10' title='bbox 725 290 840 344; x_wconf 86' lang='lat' dir='ltr'>quasi</span> <span class='ocrx_word' id='word_1_11' title='bbox 869 290 970 331; x_wconf 88' lang='lat' dir='ltr'>hora</span> <span class='ocrx_word' id='word_1_12' title='bbox 991 305 1075 331; x_wconf 89' lang='lat' dir='ltr'>una</span> <span class='ocrx_word' id='word_1_13' title='bbox 1090 290 1165 331; x_wconf 88' lang='lat' dir='ltr'>sub</span> <span class='ocrx_word' id='word_1_14' title='bbox 1185 294 1313 330; x_wconf 76' lang='lat' dir='ltr'>tantae</span> <span class='ocrx_word' id='word_1_15' title='bbox 1332 290 1622 331; x_wconf 87' lang='lat' dir='ltr'>consolationis</span> <span class='ocrx_word' id='word_1_16' title='bbox 1634 290 1698 331; x_wconf 92' lang='lat' dir='ltr'>vi-</span> 
     </span>
     <span class='ocr_line' id='line_1_3' title="bbox 168 355 1699 411; baseline 0.001 -15"><span class='ocrx_word' id='word_1_17' title='bbox 168 355 280 396; x_wconf 88' lang='lat' dir='ltr'>sione</span> <span class='ocrx_word' id='word_1_18' title='bbox 296 355 466 410; x_wconf 88' lang='lat' dir='ltr'>dilapsa,</span> <span class='ocrx_word' id='word_1_19' title='bbox 485 356 596 396; x_wconf 87' lang='lat' dir='ltr'>lento</span> <span class='ocrx_word' id='word_1_20' title='bbox 617 371 759 411; x_wconf 87' lang='lat' dir='ltr'>gressu</span> <span class='ocrx_word' id='word_1_21' title='bbox 779 357 910 398; x_wconf 90' lang='lat' dir='ltr'>altera</span> <span class='ocrx_word' id='word_1_22' title='bbox 927 361 1165 399; x_wconf 86' lang='lat' dir='ltr'>sanctarum</span> <span class='ocrx_word' id='word_1_23' title='bbox 1181 356 1398 411; x_wconf 87' lang='lat' dir='ltr'>virginum,</span> <span class='ocrx_word' id='word_1_24' title='bbox 1416 372 1505 411; x_wconf 77' lang='lat' dir='ltr'>quae</span> <span class='ocrx_word' id='word_1_25' title='bbox 1527 356 1581 397; x_wconf 87' lang='lat' dir='ltr'>ad</span> <span class='ocrx_word' id='word_1_26' title='bbox 1599 356 1699 397; x_wconf 85' lang='lat' dir='ltr'>dex-</span> 
     </span>
     <span class='ocr_line' id='line_1_4' title="bbox 168 421 1699 478; baseline 0.001 -16"><span class='ocrx_word' id='word_1_27' title='bbox 168 426 278 462; x_wconf 89' lang='lat' dir='ltr'>trum</span> <span class='ocrx_word' id='word_1_28' title='bbox 294 437 418 463; x_wconf 86' lang='lat' dir='ltr'>cornu</span> <span class='ocrx_word' id='word_1_29' title='bbox 427 421 588 463; x_wconf 88' lang='lat' dir='ltr'>Altaris</span> <span class='ocrx_word' id='word_1_30' title='bbox 609 428 796 474; x_wconf 86' lang='lat' dir='ltr'>steterat,</span> <span class='ocrx_word' id='word_1_31' title='bbox 818 424 1008 465; x_wconf 86' lang='lat' dir='ltr'>deorsum</span> <span class='ocrx_word' id='word_1_32' title='bbox 1027 423 1262 464; x_wconf 86' lang='lat' dir='ltr'>dulcimoda</span> <span class='ocrx_word' id='word_1_33' title='bbox 1271 422 1548 465; x_wconf 88' lang='lat' dir='ltr'>venerationis</span> <span class='ocrx_word' id='word_1_34' title='bbox 1562 423 1699 478; x_wconf 84' lang='lat' dir='ltr'>gratia</span> 
     </span>
     <span class='ocr_line' id='line_1_5' title="bbox 167 488 1701 545; baseline 0.001 -16"><span class='ocrx_word' id='word_1_35' title='bbox 167 489 430 543; x_wconf 77' lang='lat' dir='ltr'>procedebat,</span> <span class='ocrx_word' id='word_1_36' title='bbox 457 488 593 542; x_wconf 86' lang='lat' dir='ltr'>sicque</span> <span class='ocrx_word' id='word_1_37' title='bbox 616 490 669 531; x_wconf 90' lang='lat' dir='ltr'>ad</span> <span class='ocrx_word' id='word_1_38' title='bbox 691 489 901 531; x_wconf 85' lang='lat' dir='ltr'>inferiores</span> <span class='ocrx_word' id='word_1_39' title='bbox 928 491 1068 545; x_wconf 87' lang='lat' dir='ltr'>anguli</span> <span class='ocrx_word' id='word_1_40' title='bbox 1103 489 1116 510; x_wconf 76' lang='lat'>¹</span> <span class='ocrx_word' id='word_1_41' title='bbox 1131 490 1408 532; x_wconf 89' lang='lat' dir='ltr'>occidentales</span> <span class='ocrx_word' id='word_1_42' title='bbox 1428 489 1616 545; x_wconf 78' lang='lat' dir='ltr'>regiones</span> <span class='ocrx_word' id='word_1_43' title='bbox 1645 489 1701 530; x_wconf 90' lang='lat' dir='ltr'>ad</span> 
     </span>
     <span class='ocr_line' id='line_1_6' title="bbox 168 555 1699 611; baseline 0.001 -16"><span class='ocrx_word' id='word_1_44' title='bbox 168 555 385 596; x_wconf 78' lang='lat' dir='ltr'>dexteram</span> <span class='ocrx_word' id='word_1_45' title='bbox 405 555 585 610; x_wconf 78' lang='lat' dir='ltr'>prodiit,</span> <span class='ocrx_word' id='word_1_46' title='bbox 626 561 666 597; x_wconf 93' lang='lat' dir='ltr'>et</span> <span class='ocrx_word' id='word_1_47' title='bbox 703 556 785 597; x_wconf 85' lang='lat' dir='ltr'>alia</span> <span class='ocrx_word' id='word_1_48' title='bbox 819 556 1008 598; x_wconf 89' lang='lat' dir='ltr'>similiter</span> <span class='ocrx_word' id='word_1_49' title='bbox 1040 572 1129 611; x_wconf 79' lang='lat' dir='ltr'>quac</span> <span class='ocrx_word' id='word_1_50' title='bbox 1166 555 1207 596; x_wconf 91' lang='lat' dir='ltr'>in</span> <span class='ocrx_word' id='word_1_51' title='bbox 1236 556 1401 598; x_wconf 89' lang='lat' dir='ltr'>sinistra</span> <span class='ocrx_word' id='word_1_52' title='bbox 1433 562 1551 611; x_wconf 86' lang='lat' dir='ltr'>parte</span> <span class='ocrx_word' id='word_1_53' title='bbox 1582 556 1699 597; x_wconf 92' lang='lat' dir='ltr'>stetit</span> 
     </span>
     <span class='ocr_line' id='line_1_7' title="bbox 167 621 1696 678; baseline 0.001 -16"><span class='ocrx_word' id='word_1_54' title='bbox 167 621 458 673; x_wconf 68' lang='lat' dir='ltr'><strong>sinistrorsum,</strong></span> <span class='ocrx_word' id='word_1_55' title='bbox 478 622 620 663; x_wconf 88' lang='lat' dir='ltr'>ordine</span> <span class='ocrx_word' id='word_1_56' title='bbox 642 623 843 664; x_wconf 70' lang='lat' dir='ltr'>consimili</span> <span class='ocrx_word' id='word_1_57' title='bbox 865 627 1034 673; x_wconf 85' lang='lat' dir='ltr'>sectata,</span> <span class='ocrx_word' id='word_1_58' title='bbox 1056 637 1158 678; x_wconf 90' lang='lat' dir='ltr'>opus</span> <span class='ocrx_word' id='word_1_59' title='bbox 1179 622 1289 664; x_wconf 91' lang='lat' dir='ltr'>idem</span> <span class='ocrx_word' id='word_1_60' title='bbox 1310 623 1481 678; x_wconf 75' lang='lat' dir='ltr'>peregit.</span> <span class='ocrx_word' id='word_1_61' title='bbox 1546 622 1696 664; x_wconf 85' lang='lat' dir='ltr'>Stante</span> 
     </span>
     <span class='ocr_line' id='line_1_8' title="bbox 166 688 1694 745; baseline 0.001 -17"><span class='ocrx_word' id='word_1_62' title='bbox 166 688 262 729; x_wconf 86' lang='lat' dir='ltr'>hinc</span> <span class='ocrx_word' id='word_1_63' title='bbox 283 689 425 739; x_wconf 87' lang='lat' dir='ltr'>altera,</span> <span class='ocrx_word' id='word_1_64' title='bbox 459 689 645 730; x_wconf 72' lang='lat' dir='ltr'>substitit</span> <span class='ocrx_word' id='word_1_65' title='bbox 682 694 723 730; x_wconf 88' lang='lat' dir='ltr'>et</span> <span class='ocrx_word' id='word_1_66' title='bbox 749 689 831 731; x_wconf 90' lang='lat' dir='ltr'>alia</span> <span class='ocrx_word' id='word_1_67' title='bbox 863 704 915 731; x_wconf 80' lang='lat' dir='ltr'>ex</span> <span class='ocrx_word' id='word_1_68' title='bbox 945 694 1064 745; x_wconf 88' lang='lat' dir='ltr'>parte</span> <span class='ocrx_word' id='word_1_69' title='bbox 1095 690 1251 738; x_wconf 86' lang='lat' dir='ltr'>altera;</span> <span class='ocrx_word' id='word_1_70' title='bbox 1286 690 1574 745; x_wconf 82' lang='lat' dir='ltr'>progrediente</span> <span class='ocrx_word' id='word_1_71' title='bbox 1597 704 1694 737; x_wconf 88' lang='lat' dir='ltr'>una,</span> 
     </span>
     <span class='ocr_line' id='line_1_9' title="bbox 166 755 1699 811; baseline 0.001 -16"><span class='ocrx_word' id='word_1_72' title='bbox 166 755 429 796; x_wconf 81' lang='lat' dir='ltr'>tantumdem</span> <span class='ocrx_word' id='word_1_73' title='bbox 450 755 717 810; x_wconf 87' lang='lat' dir='ltr'>gradiebatur</span> <span class='ocrx_word' id='word_1_74' title='bbox 738 761 779 797; x_wconf 92' lang='lat' dir='ltr'>et</span> <span class='ocrx_word' id='word_1_75' title='bbox 801 756 884 797; x_wconf 91' lang='lat' dir='ltr'>illa.</span> <span class='ocrx_word' id='word_1_76' title='bbox 955 756 1180 798; x_wconf 85' lang='lat' dir='ltr'>Elevantes</span> <span class='ocrx_word' id='word_1_77' title='bbox 1211 756 1386 811; x_wconf 87' lang='lat' dir='ltr'>denique</span> <span class='ocrx_word' id='word_1_78' title='bbox 1417 772 1490 811; x_wconf 85' lang='lat' dir='ltr'>per</span> <span class='ocrx_word' id='word_1_79' title='bbox 1520 755 1699 811; x_wconf 87' lang='lat' dir='ltr'>parietes</span> 
     </span>
     <span class='ocr_line' id='line_1_10' title="bbox 167 821 1694 878; baseline 0.001 -16"><span class='ocrx_word' id='word_1_80' title='bbox 167 821 348 863; x_wconf 88' lang='lat' dir='ltr'>Oratorii</span> <span class='ocrx_word' id='word_1_81' title='bbox 365 822 515 872; x_wconf 81' lang='lat' dir='ltr'>oculos,</span> <span class='ocrx_word' id='word_1_82' title='bbox 539 821 592 863; x_wconf 87' lang='lat' dir='ltr'>ad</span> <span class='ocrx_word' id='word_1_83' title='bbox 614 822 747 864; x_wconf 86' lang='lat' dir='ltr'>Virum</span> <span class='ocrx_word' id='word_1_84' title='bbox 764 822 893 873; x_wconf 91' lang='lat' dir='ltr'>illum,</span> <span class='ocrx_word' id='word_1_85' title='bbox 915 823 982 876; x_wconf 92' lang='lat' dir='ltr'>qui</span> <span class='ocrx_word' id='word_1_86' title='bbox 1004 838 1142 863; x_wconf 88' lang='lat' dir='ltr'>coram</span> <span class='ocrx_word' id='word_1_87' title='bbox 1161 823 1282 864; x_wconf 84' lang='lat' dir='ltr'>altari</span> <span class='ocrx_word' id='word_1_88' title='bbox 1295 821 1443 878; x_wconf 80' lang='lat' dir='ltr'>jacuit,</span> <span class='ocrx_word' id='word_1_89' title='bbox 1470 823 1694 871; x_wconf 85' lang='lat' dir='ltr'>accedunt;</span> 
     </span>
     <span class='ocr_line' id='line_1_11' title="bbox 165 889 1694 944; baseline 0.001 -15"><span class='ocrx_word' id='word_1_90' title='bbox 165 894 402 942; x_wconf 83' lang='lat' dir='ltr'>stantesque</span> <span class='ocrx_word' id='word_1_91' title='bbox 424 904 545 943; x_wconf 89' lang='lat' dir='ltr'>super</span> <span class='ocrx_word' id='word_1_92' title='bbox 567 904 659 930; x_wconf 91' lang='lat' dir='ltr'>eum</span> <span class='ocrx_word' id='word_1_93' title='bbox 681 894 866 944; x_wconf 72' lang='lat' dir='ltr'>utraeque</span> <span class='ocrx_word' id='word_1_94' title='bbox 888 889 1128 944; x_wconf 77' lang='lat' dir='ltr'>aliquandiu</span> <span class='ocrx_word' id='word_1_95' title='bbox 1145 890 1445 931; x_wconf 85' lang='lat' dir='ltr'>conticuerunt.</span> <span class='ocrx_word' id='word_1_96' title='bbox 1491 889 1694 943; x_wconf 87' lang='lat' dir='ltr'>Denique,</span> 
     </span>
     <span class='ocr_line' id='line_1_12' title="bbox 165 956 1693 1011; baseline 0.001 -16"><span class='ocrx_word' id='word_1_97' title='bbox 165 970 247 995; x_wconf 88' lang='lat' dir='ltr'>una</span> <span class='ocrx_word' id='word_1_98' title='bbox 278 971 431 1005; x_wconf 91' lang='lat' dir='ltr'>earum,</span> <span class='ocrx_word' id='word_1_99' title='bbox 458 971 547 1009; x_wconf 85' lang='lat' dir='ltr'>quae</span> <span class='ocrx_word' id='word_1_100' title='bbox 573 956 609 996; x_wconf 92' lang='lat' dir='ltr'>ei</span> <span class='ocrx_word' id='word_1_101' title='bbox 630 971 655 997; x_wconf 92' lang='lat' dir='ltr'>a</span> <span class='ocrx_word' id='word_1_102' title='bbox 677 956 835 998; x_wconf 81' lang='lat' dir='ltr'>dextris</span> <span class='ocrx_word' id='word_1_103' title='bbox 870 956 1046 1007; x_wconf 85' lang='lat' dir='ltr'>adstitit,</span> <span class='ocrx_word' id='word_1_104' title='bbox 1087 956 1227 997; x_wconf 89' lang='lat' dir='ltr'>taliter</span> <span class='ocrx_word' id='word_1_105' title='bbox 1249 972 1342 998; x_wconf 88' lang='lat' dir='ltr'>eum</span> <span class='ocrx_word' id='word_1_106' title='bbox 1369 957 1594 1011; x_wconf 79' lang='lat' dir='ltr'>alloquens,</span> <span class='ocrx_word' id='word_1_107' title='bbox 1620 956 1693 1005; x_wconf 87' lang='lat' dir='ltr'>ait,</span> 
     </span>
     <span class='ocr_line' id='line_1_13' title="bbox 167 1021 1695 1078; baseline 0.001 -16"><span class='ocrx_word' id='word_1_108' title='bbox 167 1026 191 1043; x_wconf 78' lang='grc'>“</span> <span class='ocrx_word' id='word_1_109' title='bbox 213 1021 411 1076; x_wconf 89' lang='lat' dir='ltr'>Nunquid</span> <span class='ocrx_word' id='word_1_110' title='bbox 434 1021 624 1073; x_wconf 75' lang='lat' dir='ltr'>Godrice,</span> <span class='ocrx_word' id='word_1_111' title='bbox 662 1038 728 1063; x_wconf 86' lang='lat' dir='ltr'>me</span> <span class='ocrx_word' id='word_1_112' title='bbox 755 1024 1009 1078; x_wconf 86' lang='lat' dir='ltr'>cognosceris</span> <span class='ocrx_word' id='word_1_113' title='bbox 1024 1022 1069 1064; x_wconf 65' lang='lat'>3„</span> <span class='ocrx_word' id='word_1_114' title='bbox 1133 1023 1209 1065; x_wconf 83' lang='lat' dir='ltr'>Oui</span> <span class='ocrx_word' id='word_1_115' title='bbox 1231 1023 1311 1074; x_wconf 88' lang='lat' dir='ltr'>ille,</span> <span class='ocrx_word' id='word_1_116' title='bbox 1340 1028 1364 1046; x_wconf 66' lang='lat'>‘⁶</span> <span class='ocrx_word' id='word_1_117' title='bbox 1386 1023 1582 1073; x_wconf 89' lang='lat' dir='ltr'>Domina,</span> <span class='ocrx_word' id='word_1_118' title='bbox 1605 1022 1695 1063; x_wconf 88' lang='lat' dir='ltr'>haec</span> 
     </span>
     <span class='ocr_line' id='line_1_14' title="bbox 162 1088 1697 1145; baseline 0 -16"><span class='ocrx_word' id='word_1_119' title='bbox 162 1103 283 1129; x_wconf 87' lang='lat' dir='ltr'>nemo</span> <span class='ocrx_word' id='word_1_120' title='bbox 304 1088 518 1129; x_wconf 89' lang='lat' dir='ltr'>hominum</span> <span class='ocrx_word' id='word_1_121' title='bbox 539 1089 691 1144; x_wconf 89' lang='lat' dir='ltr'>poterit</span> <span class='ocrx_word' id='word_1_122' title='bbox 713 1090 972 1144; x_wconf 88' lang='lat' dir='ltr'>aliquatenus</span> <span class='ocrx_word' id='word_1_123' title='bbox 993 1090 1255 1145; x_wconf 86' lang='lat' dir='ltr'>investigare,</span> <span class='ocrx_word' id='word_1_124' title='bbox 1276 1090 1354 1132; x_wconf 90' lang='lat' dir='ltr'>nisi</span> <span class='ocrx_word' id='word_1_125' title='bbox 1375 1090 1440 1131; x_wconf 92' lang='lat' dir='ltr'>cui</span> <span class='ocrx_word' id='word_1_126' title='bbox 1461 1089 1504 1130; x_wconf 91' lang='lat' dir='ltr'>id</span> <span class='ocrx_word' id='word_1_127' title='bbox 1526 1089 1697 1144; x_wconf 81' lang='lat' dir='ltr'>dignata</span> 
     </span>
     <span class='ocr_line' id='line_1_15' title="bbox 163 1155 1694 1210; baseline 0.001 -14"><span class='ocrx_word' id='word_1_128' title='bbox 163 1155 287 1196; x_wconf 87' lang='lat' dir='ltr'>fueris</span> <span class='ocrx_word' id='word_1_129' title='bbox 317 1170 388 1210; x_wconf 88' lang='lat' dir='ltr'>pro</span> <span class='ocrx_word' id='word_1_130' title='bbox 420 1161 494 1197; x_wconf 89' lang='lat' dir='ltr'>tua</span> <span class='ocrx_word' id='word_1_131' title='bbox 516 1156 735 1197; x_wconf 88' lang='lat' dir='ltr'>clementia</span> <span class='ocrx_word' id='word_1_132' title='bbox 764 1156 988 1198; x_wconf 77' lang='lat' dir='ltr'>revelare.”</span> <span class='ocrx_word' id='word_1_133' title='bbox 1059 1156 1168 1197; x_wconf 86' lang='lat' dir='ltr'>Tum</span> <span class='ocrx_word' id='word_1_134' title='bbox 1204 1157 1287 1208; x_wconf 89' lang='lat' dir='ltr'>illa,</span> <span class='ocrx_word' id='word_1_135' title='bbox 1327 1156 1521 1207; x_wconf 73' lang='lat' dir='ltr'>“Bene,”</span> <span class='ocrx_word' id='word_1_136' title='bbox 1546 1156 1694 1210; x_wconf 91' lang='lat' dir='ltr'>inquit,</span> 
     </span>
     <span class='ocr_line' id='line_1_16' title="bbox 165 1221 1693 1279; baseline 0.001 -17"><span class='ocrx_word' id='word_1_137' title='bbox 165 1226 189 1244; x_wconf 74' lang='lat'>‘⁴</span> <span class='ocrx_word' id='word_1_138' title='bbox 213 1221 357 1263; x_wconf 79' lang='lat' dir='ltr'>dixisti</span> <span class='ocrx_word' id='word_1_139' title='bbox 378 1240 388 1271; x_wconf 84' lang='lat'>;</span> <span class='ocrx_word' id='word_1_140' title='bbox 423 1223 533 1277; x_wconf 88' lang='lat' dir='ltr'>quia,</span> <span class='ocrx_word' id='word_1_141' title='bbox 556 1237 622 1264; x_wconf 88' lang='lat' dir='ltr'>me</span> <span class='ocrx_word' id='word_1_142' title='bbox 644 1223 906 1279; x_wconf 80' lang='lat' dir='ltr'>impetrante,</span> <span class='ocrx_word' id='word_1_143' title='bbox 933 1239 958 1265; x_wconf 89' lang='lat' dir='ltr'>a</span> <span class='ocrx_word' id='word_1_144' title='bbox 980 1223 1161 1264; x_wconf 89' lang='lat' dir='ltr'>Domino</span> <span class='ocrx_word' id='word_1_145' title='bbox 1183 1223 1446 1265; x_wconf 86' lang='lat' dir='ltr'>clementiam</span> <span class='ocrx_word' id='word_1_146' title='bbox 1463 1222 1693 1264; x_wconf 82' lang='lat' dir='ltr'>obtinuisti.</span> 
     </span>
     <span class='ocr_line' id='line_1_17' title="bbox 164 1289 1695 1344; baseline 0.001 -15"><span class='ocrx_word' id='word_1_147' title='bbox 164 1289 274 1330; x_wconf 87' lang='lat' dir='ltr'>Nam</span> <span class='ocrx_word' id='word_1_148' title='bbox 315 1293 356 1330; x_wconf 90' lang='lat' dir='ltr'>et</span> <span class='ocrx_word' id='word_1_149' title='bbox 390 1304 464 1344; x_wconf 88' lang='lat' dir='ltr'>ego</span> <span class='ocrx_word' id='word_1_150' title='bbox 509 1290 651 1331; x_wconf 82' lang='lat' dir='ltr'>Mater</span> <span class='ocrx_word' id='word_1_151' title='bbox 689 1290 916 1331; x_wconf 75' lang='lat' dir='ltr'>clementiae</span> <span class='ocrx_word' id='word_1_152' title='bbox 960 1305 1064 1342; x_wconf 89' lang='lat' dir='ltr'>sum,</span> <span class='ocrx_word' id='word_1_153' title='bbox 1098 1305 1191 1344; x_wconf 74' lang='lat' dir='ltr'>quae</span> <span class='ocrx_word' id='word_1_154' title='bbox 1229 1295 1270 1332; x_wconf 92' lang='lat' dir='ltr'>et</span> <span class='ocrx_word' id='word_1_155' title='bbox 1312 1290 1467 1333; x_wconf 79' lang='lat' dir='ltr'>Christi</span> <span class='ocrx_word' id='word_1_156' title='bbox 1500 1289 1695 1331; x_wconf 77' lang='lat' dir='ltr'>Genitrix</span> 
     </span>
     <span class='ocr_line' id='line_1_18' title="bbox 165 1355 1694 1411; baseline 0 -15"><span class='ocrx_word' id='word_1_157' title='bbox 165 1355 304 1397; x_wconf 88' lang='lat' dir='ltr'>Maria</span> <span class='ocrx_word' id='word_1_158' title='bbox 332 1355 465 1411; x_wconf 86' lang='lat' dir='ltr'>Virgo</span> <span class='ocrx_word' id='word_1_159' title='bbox 487 1361 636 1398; x_wconf 88' lang='lat' dir='ltr'>vocata</span> <span class='ocrx_word' id='word_1_160' title='bbox 667 1372 770 1399; x_wconf 88' lang='lat' dir='ltr'>sum.</span> <span class='ocrx_word' id='word_1_161' title='bbox 835 1357 914 1398; x_wconf 84' lang='lat' dir='ltr'>Illa</span> <span class='ocrx_word' id='word_1_162' title='bbox 945 1372 1054 1407; x_wconf 89' lang='lat' dir='ltr'>vero,</span> <span class='ocrx_word' id='word_1_163' title='bbox 1084 1373 1176 1411; x_wconf 81' lang='lat' dir='ltr'>quae</span> <span class='ocrx_word' id='word_1_164' title='bbox 1208 1357 1285 1398; x_wconf 89' lang='lat' dir='ltr'>tibi</span> <span class='ocrx_word' id='word_1_165' title='bbox 1315 1363 1425 1399; x_wconf 87' lang='lat' dir='ltr'>astat</span> <span class='ocrx_word' id='word_1_166' title='bbox 1453 1357 1496 1397; x_wconf 91' lang='lat' dir='ltr'>in</span> <span class='ocrx_word' id='word_1_167' title='bbox 1529 1356 1694 1398; x_wconf 89' lang='lat' dir='ltr'>sinistro</span> 
     </span>
     <span class='ocr_line' id='line_1_19' title="bbox 162 1422 1693 1479; baseline 0.001 -16"><span class='ocrx_word' id='word_1_168' title='bbox 162 1423 306 1472; x_wconf 83' lang='lat' dir='ltr'>latere,</span> <span class='ocrx_word' id='word_1_169' title='bbox 325 1427 386 1464; x_wconf 87' lang='lat' dir='ltr'>est</span> <span class='ocrx_word' id='word_1_170' title='bbox 400 1422 717 1478; x_wconf 70' lang='lat' dir='ltr'>‘2Apostolorum</span> <span class='ocrx_word' id='word_1_171' title='bbox 736 1424 891 1465; x_wconf 76' lang='lat' dir='ltr'>Christi</span> <span class='ocrx_word' id='word_1_172' title='bbox 912 1423 1130 1479; x_wconf 86' lang='lat' dir='ltr'>Apostola,</span> <span class='ocrx_word' id='word_1_173' title='bbox 1149 1424 1287 1465; x_wconf 88' lang='lat' dir='ltr'>Maria</span> <span class='ocrx_word' id='word_1_174' title='bbox 1303 1424 1575 1479; x_wconf 87' lang='lat' dir='ltr'>Magdalene;</span> <span class='ocrx_word' id='word_1_175' title='bbox 1600 1437 1693 1464; x_wconf 89' lang='lat' dir='ltr'>nos-</span> 
     </span>
     <span class='ocr_line' id='line_1_20' title="bbox 161 1489 1693 1545; baseline 0 -15"><span class='ocrx_word' id='word_1_176' title='bbox 161 1505 239 1543; x_wconf 89' lang='lat' dir='ltr'>que</span> <span class='ocrx_word' id='word_1_177' title='bbox 261 1490 303 1530; x_wconf 87' lang='lat' dir='ltr'>in</span> <span class='ocrx_word' id='word_1_178' title='bbox 324 1489 388 1531; x_wconf 90' lang='lat' dir='ltr'>his</span> <span class='ocrx_word' id='word_1_179' title='bbox 416 1490 651 1545; x_wconf 85' lang='lat' dir='ltr'>regionibus</span> <span class='ocrx_word' id='word_1_180' title='bbox 669 1491 895 1541; x_wconf 81' lang='lat' dir='ltr'>venientes,</span> <span class='ocrx_word' id='word_1_181' title='bbox 932 1496 974 1532; x_wconf 90' lang='lat' dir='ltr'>te</span> <span class='ocrx_word' id='word_1_182' title='bbox 1006 1490 1145 1532; x_wconf 87' lang='lat' dir='ltr'>videre</span> <span class='ocrx_word' id='word_1_183' title='bbox 1173 1495 1214 1531; x_wconf 91' lang='lat' dir='ltr'>et</span> <span class='ocrx_word' id='word_1_184' title='bbox 1235 1491 1388 1545; x_wconf 85' lang='lat' dir='ltr'>alloqui</span> <span class='ocrx_word' id='word_1_185' title='bbox 1412 1491 1613 1540; x_wconf 87' lang='lat' dir='ltr'>volumus,</span> <span class='ocrx_word' id='word_1_186' title='bbox 1651 1493 1693 1530; x_wconf 90' lang='lat' dir='ltr'>et</span> 
     </span>
     <span class='ocr_line' id='line_1_21' title="bbox 161 1555 1693 1612; baseline 0 -15"><span class='ocrx_word' id='word_1_187' title='bbox 161 1556 237 1597; x_wconf 84' lang='lat' dir='ltr'>tibi</span> <span class='ocrx_word' id='word_1_188' title='bbox 270 1571 398 1610; x_wconf 86' lang='lat' dir='ltr'>usque</span> <span class='ocrx_word' id='word_1_189' title='bbox 433 1557 475 1597; x_wconf 93' lang='lat' dir='ltr'>in</span> <span class='ocrx_word' id='word_1_190' title='bbox 507 1555 630 1598; x_wconf 89' lang='lat' dir='ltr'>finem</span> <span class='ocrx_word' id='word_1_191' title='bbox 659 1557 785 1598; x_wconf 87' lang='lat' dir='ltr'>seculi</span> <span class='ocrx_word' id='word_1_192' title='bbox 820 1557 1182 1612; x_wconf 87' lang='lat' dir='ltr'>patrocinabimur,</span> <span class='ocrx_word' id='word_1_193' title='bbox 1218 1562 1259 1598; x_wconf 90' lang='lat' dir='ltr'>et</span> <span class='ocrx_word' id='word_1_194' title='bbox 1293 1559 1334 1599; x_wconf 90' lang='lat' dir='ltr'>in</span> <span class='ocrx_word' id='word_1_195' title='bbox 1375 1556 1486 1598; x_wconf 92' lang='lat' dir='ltr'>omni</span> <span class='ocrx_word' id='word_1_196' title='bbox 1521 1556 1693 1598; x_wconf 87' lang='lat' dir='ltr'>tribula-</span> 
     </span>
     <span class='ocr_line' id='line_1_22' title="bbox 161 1622 1694 1678; baseline 0 -15"><span class='ocrx_word' id='word_1_197' title='bbox 161 1622 321 1664; x_wconf 87' lang='lat' dir='ltr'>tionum</span> <span class='ocrx_word' id='word_1_198' title='bbox 352 1639 542 1678; x_wconf 84' lang='lat' dir='ltr'>pressura</span> <span class='ocrx_word' id='word_1_199' title='bbox 578 1624 898 1665; x_wconf 81' lang='lat' dir='ltr'>misericorditer</span> <span class='ocrx_word' id='word_1_200' title='bbox 934 1624 1174 1665; x_wconf 83' lang='lat' dir='ltr'>conabimur</span> <span class='ocrx_word' id='word_1_201' title='bbox 1209 1624 1329 1675; x_wconf 89' lang='lat' dir='ltr'>tueri,</span> <span class='ocrx_word' id='word_1_202' title='bbox 1353 1624 1490 1665; x_wconf 85' lang='lat' dir='ltr'>fovere</span> <span class='ocrx_word' id='word_1_203' title='bbox 1526 1628 1567 1664; x_wconf 93' lang='lat' dir='ltr'>et</span> <span class='ocrx_word' id='word_1_204' title='bbox 1600 1637 1694 1663; x_wconf 92' lang='lat' dir='ltr'>con-</span> 
     </span>
     <span class='ocr_line' id='line_1_23' title="bbox 160 1688 1693 1745; baseline -0.001 -14"><span class='ocrx_word' id='word_1_205' title='bbox 160 1689 323 1731; x_wconf 67' lang='lat' dir='ltr'>sola1¹i.”</span> <span class='ocrx_word' id='word_1_206' title='bbox 385 1688 513 1745; x_wconf 81' lang='lat' dir='ltr'>Cujus</span> <span class='ocrx_word' id='word_1_207' title='bbox 537 1690 604 1731; x_wconf 91' lang='lat' dir='ltr'>ille</span> <span class='ocrx_word' id='word_1_208' title='bbox 628 1691 802 1745; x_wconf 89' lang='lat' dir='ltr'>pedibus</span> <span class='ocrx_word' id='word_1_209' title='bbox 822 1690 1058 1739; x_wconf 88' lang='lat' dir='ltr'>advolutus,</span> <span class='ocrx_word' id='word_1_210' title='bbox 1089 1695 1113 1712; x_wconf 84' lang='grc'>“</span> <span class='ocrx_word' id='word_1_211' title='bbox 1138 1691 1273 1740; x_wconf 71' lang='lat' dir='ltr'>Tibi,&#39;&#39;</span> <span class='ocrx_word' id='word_1_212' title='bbox 1295 1690 1441 1745; x_wconf 87' lang='lat' dir='ltr'>inquit,</span> <span class='ocrx_word' id='word_1_213' title='bbox 1468 1694 1493 1713; x_wconf 85' lang='lat'><strong>“</strong></span> <span class='ocrx_word' id='word_1_214' title='bbox 1510 1689 1693 1730; x_wconf 86' lang='lat' dir='ltr'>Domina</span> 
     </span>
     <span class='ocr_line' id='line_1_24' title="bbox 158 1756 1692 1812; baseline 0 -16"><span class='ocrx_word' id='word_1_215' title='bbox 158 1772 248 1797; x_wconf 87' lang='lat' dir='ltr'>mea</span> <span class='ocrx_word' id='word_1_216' title='bbox 283 1756 527 1797; x_wconf 82' lang='lat' dir='ltr'>advocatrix</span> <span class='ocrx_word' id='word_1_217' title='bbox 562 1757 756 1811; x_wconf 89' lang='lat' dir='ltr'>piissima,</span> <span class='ocrx_word' id='word_1_218' title='bbox 791 1772 856 1798; x_wconf 89' lang='lat' dir='ltr'>me</span> <span class='ocrx_word' id='word_1_219' title='bbox 898 1757 1137 1806; x_wconf 77' lang='lat' dir='ltr'>committ03</span> <span class='ocrx_word' id='word_1_220' title='bbox 1180 1763 1221 1798; x_wconf 91' lang='lat' dir='ltr'>et</span> <span class='ocrx_word' id='word_1_221' title='bbox 1264 1763 1312 1799; x_wconf 95' lang='lat' dir='ltr'>tu</span> <span class='ocrx_word' id='word_1_222' title='bbox 1342 1756 1522 1812; x_wconf 86' lang='lat' dir='ltr'>propitia</span> <span class='ocrx_word' id='word_1_223' title='bbox 1551 1771 1616 1797; x_wconf 89' lang='lat' dir='ltr'>me</span> <span class='ocrx_word' id='word_1_224' title='bbox 1650 1756 1692 1797; x_wconf 91' lang='lat' dir='ltr'>in</span> 
     </span>
     <span class='ocr_line' id='line_1_25' title="bbox 161 1822 1693 1879; baseline -0.001 -16"><span class='ocrx_word' id='word_1_225' title='bbox 161 1828 363 1864; x_wconf 75' lang='lat' dir='ltr'>aeternum</span> <span class='ocrx_word' id='word_1_226' title='bbox 412 1824 600 1878; x_wconf 90' lang='lat' dir='ltr'>dirigere,</span> <span class='ocrx_word' id='word_1_227' title='bbox 644 1829 873 1879; x_wconf 80' lang='lat' dir='ltr'>protegere,</span> <span class='ocrx_word' id='word_1_228' title='bbox 923 1830 963 1865; x_wconf 93' lang='lat' dir='ltr'>et</span> <span class='ocrx_word' id='word_1_229' title='bbox 1015 1823 1221 1865; x_wconf 89' lang='lat' dir='ltr'>custodire</span> <span class='ocrx_word' id='word_1_230' title='bbox 1262 1824 1512 1865; x_wconf 74' lang='lat' dir='ltr'>memento.⁷&#39;</span> <span class='ocrx_word' id='word_1_231' title='bbox 1575 1822 1693 1863; x_wconf 88' lang='lat' dir='ltr'>Tunc</span> 
     </span>
     <span class='ocr_line' id='line_1_26' title="bbox 158 1890 1693 1946; baseline -0.001 -16"><span class='ocrx_word' id='word_1_232' title='bbox 158 1895 332 1944; x_wconf 89' lang='lat' dir='ltr'>utraque</span> <span class='ocrx_word' id='word_1_233' title='bbox 369 1890 530 1931; x_wconf 89' lang='lat' dir='ltr'>illarum</span> <span class='ocrx_word' id='word_1_234' title='bbox 569 1906 689 1945; x_wconf 87' lang='lat' dir='ltr'>super</span> <span class='ocrx_word' id='word_1_235' title='bbox 729 1897 854 1945; x_wconf 89' lang='lat' dir='ltr'>caput</span> <span class='ocrx_word' id='word_1_236' title='bbox 890 1891 998 1932; x_wconf 90' lang='lat' dir='ltr'>illius</span> <span class='ocrx_word' id='word_1_237' title='bbox 1032 1906 1178 1932; x_wconf 88' lang='lat' dir='ltr'>manus</span> <span class='ocrx_word' id='word_1_238' title='bbox 1214 1890 1456 1946; x_wconf 80' lang='lat' dir='ltr'>composuit,</span> <span class='ocrx_word' id='word_1_239' title='bbox 1500 1894 1541 1930; x_wconf 92' lang='lat' dir='ltr'>et</span> <span class='ocrx_word' id='word_1_240' title='bbox 1582 1904 1693 1930; x_wconf 87' lang='lat' dir='ltr'>corn-</span> 
     </span>
     <span class='ocr_line' id='line_1_27' title="bbox 157 1955 1692 2012; baseline -0.001 -16"><span class='ocrx_word' id='word_1_241' title='bbox 157 1957 374 2011; x_wconf 86' lang='lat' dir='ltr'>planantes</span> <span class='ocrx_word' id='word_1_242' title='bbox 390 1957 597 1998; x_wconf 73' lang='lat' dir='ltr'>caesariem</span> <span class='ocrx_word' id='word_1_243' title='bbox 616 1955 702 2012; x_wconf 84' lang='lat' dir='ltr'>ejus</span> <span class='ocrx_word' id='word_1_244' title='bbox 725 1973 796 2012; x_wconf 88' lang='lat' dir='ltr'>per</span> <span class='ocrx_word' id='word_1_245' title='bbox 817 1956 1026 2012; x_wconf 83' lang='lat' dir='ltr'>3tempora</span> <span class='ocrx_word' id='word_1_246' title='bbox 1042 1957 1201 2011; x_wconf 85' lang='lat' dir='ltr'>capitis,</span> <span class='ocrx_word' id='word_1_247' title='bbox 1224 1956 1420 1997; x_wconf 87' lang='lat' dir='ltr'>mellifluo</span> <span class='ocrx_word' id='word_1_248' title='bbox 1441 1956 1577 1997; x_wconf 88' lang='lat' dir='ltr'>odoris</span> <span class='ocrx_word' id='word_1_249' title='bbox 1598 1970 1692 1996; x_wconf 90' lang='lat' dir='ltr'>nec-</span> 
     </span>
     <span class='ocr_line' id='line_1_28' title="bbox 158 2022 1692 2078; baseline -0.001 -15"><span class='ocrx_word' id='word_1_250' title='bbox 158 2028 247 2063; x_wconf 86' lang='lat' dir='ltr'>tare</span> <span class='ocrx_word' id='word_1_251' title='bbox 291 2023 460 2064; x_wconf 90' lang='lat' dir='ltr'>domum</span> <span class='ocrx_word' id='word_1_252' title='bbox 503 2028 637 2064; x_wconf 89' lang='lat' dir='ltr'>totam</span> <span class='ocrx_word' id='word_1_253' title='bbox 689 2023 990 2078; x_wconf 80' lang='lat' dir='ltr'>inexplicabilis</span> <span class='ocrx_word' id='word_1_254' title='bbox 1035 2023 1208 2064; x_wconf 87' lang='lat' dir='ltr'>dulcedo</span> <span class='ocrx_word' id='word_1_255' title='bbox 1251 2023 1438 2078; x_wconf 88' lang='lat' dir='ltr'>replevit.</span> <span class='ocrx_word' id='word_1_256' title='bbox 1529 2022 1692 2063; x_wconf 88' lang='lat' dir='ltr'>Deinde</span> 
     </span>
     <span class='ocr_line' id='line_1_29' title="bbox 160 2088 1691 2144; baseline -0.001 -15"><span class='ocrx_word' id='word_1_257' title='bbox 160 2089 368 2130; x_wconf 87' lang='lat' dir='ltr'>canticum</span> <span class='ocrx_word' id='word_1_258' title='bbox 391 2089 599 2143; x_wconf 87' lang='lat' dir='ltr'>quoddam</span> <span class='ocrx_word' id='word_1_259' title='bbox 616 2105 771 2130; x_wconf 90' lang='lat' dir='ltr'>novum</span> <span class='ocrx_word' id='word_1_260' title='bbox 794 2090 853 2130; x_wconf 90' lang='lat' dir='ltr'>illi</span> <span class='ocrx_word' id='word_1_261' title='bbox 879 2090 1058 2138; x_wconf 86' lang='lat' dir='ltr'>edocuit,</span> <span class='ocrx_word' id='word_1_262' title='bbox 1083 2089 1191 2143; x_wconf 89' lang='lat' dir='ltr'>quod</span> <span class='ocrx_word' id='word_1_263' title='bbox 1213 2094 1253 2130; x_wconf 92' lang='lat' dir='ltr'>et</span> <span class='ocrx_word' id='word_1_264' title='bbox 1275 2090 1364 2144; x_wconf 90' lang='lat' dir='ltr'>ipsa</span> <span class='ocrx_word' id='word_1_265' title='bbox 1396 2088 1691 2130; x_wconf 75' lang='lat' dir='ltr'>Misericordiae</span> 
     </span>
     <span class='ocr_line' id='line_1_30' title="bbox 162 2155 1690 2211; baseline 0 -16"><span class='ocrx_word' id='word_1_266' title='bbox 162 2155 304 2196; x_wconf 87' lang='lat' dir='ltr'>Mater</span> <span class='ocrx_word' id='word_1_267' title='bbox 342 2171 479 2197; x_wconf 88' lang='lat' dir='ltr'>coram</span> <span class='ocrx_word' id='word_1_268' title='bbox 513 2171 571 2207; x_wconf 91' lang='lat' dir='ltr'>eo,</span> <span class='ocrx_word' id='word_1_269' title='bbox 616 2156 732 2210; x_wconf 88' lang='lat' dir='ltr'>quasi</span> <span class='ocrx_word' id='word_1_270' title='bbox 774 2171 911 2197; x_wconf 88' lang='lat' dir='ltr'>coram</span> <span class='ocrx_word' id='word_1_271' title='bbox 945 2171 1072 2211; x_wconf 89' lang='lat' dir='ltr'>puero</span> <span class='ocrx_word' id='word_1_272' title='bbox 1114 2156 1308 2206; x_wconf 89' lang='lat' dir='ltr'>discente,</span> <span class='ocrx_word' id='word_1_273' title='bbox 1347 2156 1614 2211; x_wconf 74' lang='lat' dir='ltr'>praecinebat,</span> <span class='ocrx_word' id='word_1_274' title='bbox 1649 2159 1690 2195; x_wconf 89' lang='lat' dir='ltr'>et</span> 
     </span>
     <span class='ocr_line' id='line_1_31' title="bbox 159 2221 1690 2271; baseline 0 -9"><span class='ocrx_word' id='word_1_275' title='bbox 159 2222 398 2263; x_wconf 87' lang='lat' dir='ltr'>harmonico</span> <span class='ocrx_word' id='word_1_276' title='bbox 423 2227 548 2263; x_wconf 89' lang='lat' dir='ltr'>cantu</span> <span class='ocrx_word' id='word_1_277' title='bbox 578 2222 681 2263; x_wconf 91' lang='lat' dir='ltr'>illud</span> <span class='ocrx_word' id='word_1_278' title='bbox 710 2238 803 2263; x_wconf 91' lang='lat' dir='ltr'>cum</span> <span class='ocrx_word' id='word_1_279' title='bbox 826 2222 982 2264; x_wconf 89' lang='lat' dir='ltr'>musico</span> <span class='ocrx_word' id='word_1_280' title='bbox 1015 2222 1293 2263; x_wconf 88' lang='lat' dir='ltr'>modulamine</span> <span class='ocrx_word' id='word_1_281' title='bbox 1315 2227 1480 2263; x_wconf 85' lang='lat' dir='ltr'>cantare</span> <span class='ocrx_word' id='word_1_282' title='bbox 1502 2221 1690 2271; x_wconf 86' lang='lat' dir='ltr'>docebat,</span> 
     </span>
     <span class='ocr_line' id='line_1_32' title="bbox 159 2287 1691 2344; baseline -0.001 -16"><span class='ocrx_word' id='word_1_283' title='bbox 159 2288 267 2343; x_wconf 89' lang='lat' dir='ltr'>quod</span> <span class='ocrx_word' id='word_1_284' title='bbox 286 2288 353 2329; x_wconf 88' lang='lat' dir='ltr'>ille</span> <span class='ocrx_word' id='word_1_285' title='bbox 375 2289 527 2343; x_wconf 76' lang='lat' dir='ltr'>saepius</span> <span class='ocrx_word' id='word_1_286' title='bbox 556 2289 853 2343; x_wconf 84' lang='lat' dir='ltr'>subsequenter</span> <span class='ocrx_word' id='word_1_287' title='bbox 874 2295 966 2344; x_wconf 82' lang='lat' dir='ltr'>post</span> <span class='ocrx_word' id='word_1_288' title='bbox 989 2304 1079 2330; x_wconf 88' lang='lat' dir='ltr'>eam</span> <span class='ocrx_word' id='word_1_289' title='bbox 1105 2290 1264 2341; x_wconf 85' lang='lat' dir='ltr'>cecinit,</span> <span class='ocrx_word' id='word_1_290' title='bbox 1289 2294 1329 2330; x_wconf 92' lang='lat' dir='ltr'>et</span> <span class='ocrx_word' id='word_1_291' title='bbox 1354 2289 1480 2344; x_wconf 88' lang='lat' dir='ltr'>ipsius</span> <span class='ocrx_word' id='word_1_292' title='bbox 1503 2287 1691 2329; x_wconf 74' lang='lat' dir='ltr'>melodiae</span> 
     </span>
     <span class='ocr_line' id='line_1_33' title="bbox 159 2355 1691 2397; baseline 0 -2"><span class='ocrx_word' id='word_1_293' title='bbox 159 2355 365 2396; x_wconf 90' lang='lat' dir='ltr'>canticum</span> <span class='ocrx_word' id='word_1_294' title='bbox 405 2355 563 2397; x_wconf 87' lang='lat' dir='ltr'>cunctis</span> <span class='ocrx_word' id='word_1_295' title='bbox 600 2355 744 2397; x_wconf 89' lang='lat' dir='ltr'>diebus</span> <span class='ocrx_word' id='word_1_296' title='bbox 780 2357 876 2397; x_wconf 75' lang='lat' dir='ltr'>vitae</span> <span class='ocrx_word' id='word_1_297' title='bbox 913 2371 996 2397; x_wconf 75' lang='lat' dir='ltr'>suae</span> <span class='ocrx_word' id='word_1_298' title='bbox 1031 2356 1216 2397; x_wconf 87' lang='lat' dir='ltr'>retinuit.</span> <span class='ocrx_word' id='word_1_299' title='bbox 1280 2356 1444 2397; x_wconf 75' lang='lat' dir='ltr'>Textus</span> <span class='ocrx_word' id='word_1_300' title='bbox 1475 2370 1571 2397; x_wconf 89' lang='lat' dir='ltr'>vero</span> <span class='ocrx_word' id='word_1_301' title='bbox 1605 2369 1691 2396; x_wconf 88' lang='lat' dir='ltr'>ver-</span> 
     </span>
    </p>
   </div>
   <div class='ocr_carea' id='block_1_3' title="bbox 157 2481 1692 2945">
    <p class='ocr_par' dir='ltr' id='par_1_3' title="bbox 206 2481 837 2529">
     <span class='ocr_line' id='line_1_34' title="bbox 206 2481 837 2529; baseline 0 -13"><span class='ocrx_word' id='word_1_302' title='bbox 206 2483 214 2501; x_wconf 92' lang='lat'>¹</span> <span class='ocrx_word' id='word_1_303' title='bbox 238 2481 493 2528; x_wconf 64' lang='lat' dir='ltr'>occidentales]</span> <span class='ocrx_word' id='word_1_304' title='bbox 522 2482 765 2516; x_wconf 83' lang='lat' dir='ltr'>Occidentalis.</span> <span class='ocrx_word' id='word_1_305' title='bbox 787 2481 837 2529; x_wconf 71' lang='lat' dir='ltr'>[l]</span> 
     </span>
    </p>

    <p class='ocr_par' dir='ltr' id='par_1_4' title="bbox 158 2526 1692 2852">
     <span class='ocr_line' id='line_1_35' title="bbox 203 2526 1692 2575; baseline -0.002 -13"><span class='ocrx_word' id='word_1_306' title='bbox 203 2529 217 2550; x_wconf 84' lang='lat'>2</span> <span class='ocrx_word' id='word_1_307' title='bbox 233 2529 464 2574; x_wconf 77' lang='lat' dir='ltr'>Apostolorum</span> <span class='ocrx_word' id='word_1_308' title='bbox 483 2528 609 2564; x_wconf 62' lang='lat' dir='ltr'>Christi</span> <span class='ocrx_word' id='word_1_309' title='bbox 629 2528 814 2575; x_wconf 66' lang='lat' dir='ltr'>Apostola]</span> <span class='ocrx_word' id='word_1_310' title='bbox 844 2528 884 2561; x_wconf 91' lang='lat' dir='ltr'>In</span> <span class='ocrx_word' id='word_1_311' title='bbox 918 2529 1088 2562; x_wconf 83' lang='lat' dir='ltr'>reference</span> <span class='ocrx_word' id='word_1_312' title='bbox 1117 2534 1151 2562; x_wconf 88' lang='lat' dir='ltr'>to</span> <span class='ocrx_word' id='word_1_313' title='bbox 1176 2528 1225 2562; x_wconf 87' lang='lat' dir='ltr'>St.</span> <span class='ocrx_word' id='word_1_314' title='bbox 1247 2528 1374 2562; x_wconf 88' lang='lat' dir='ltr'>Matth.</span> <span class='ocrx_word' id='word_1_315' title='bbox 1401 2527 1523 2561; x_wconf 78' lang='lat' dir='ltr'>xxviii.</span> <span class='ocrx_word' id='word_1_316' title='bbox 1551 2527 1582 2561; x_wconf 88' lang='lat'>7.</span> <span class='ocrx_word' id='word_1_317' title='bbox 1635 2526 1692 2560; x_wconf 88' lang='lat' dir='ltr'>In—</span> 
     </span>
     <span class='ocr_line' id='line_1_36' title="bbox 159 2572 1691 2620; baseline -0.003 -11"><span class='ocrx_word' id='word_1_318' title='bbox 159 2581 292 2609; x_wconf 87' lang='lat' dir='ltr'>stances</span> <span class='ocrx_word' id='word_1_319' title='bbox 311 2576 348 2609; x_wconf 86' lang='lat' dir='ltr'>of</span> <span class='ocrx_word' id='word_1_320' title='bbox 362 2575 418 2608; x_wconf 88' lang='lat' dir='ltr'>the</span> <span class='ocrx_word' id='word_1_321' title='bbox 436 2587 496 2609; x_wconf 91' lang='lat' dir='ltr'>use</span> <span class='ocrx_word' id='word_1_322' title='bbox 514 2575 552 2608; x_wconf 86' lang='lat' dir='ltr'>of</span> <span class='ocrx_word' id='word_1_323' title='bbox 562 2575 618 2608; x_wconf 84' lang='lat' dir='ltr'>the</span> <span class='ocrx_word' id='word_1_324' title='bbox 637 2587 729 2608; x_wconf 88' lang='lat' dir='ltr'>same</span> <span class='ocrx_word' id='word_1_325' title='bbox 748 2575 944 2620; x_wconf 77' lang='lat' dir='ltr'>expression</span> <span class='ocrx_word' id='word_1_326' title='bbox 963 2587 1064 2608; x_wconf 87' lang='lat' dir='ltr'>occur</span> <span class='ocrx_word' id='word_1_327' title='bbox 1082 2575 1263 2608; x_wconf 82' lang='lat' dir='ltr'>elsewhere</span> <span class='ocrx_word' id='word_1_328' title='bbox 1281 2587 1287 2609; x_wconf 79' lang='lat' dir='ltr'><em>z</em></span> <span class='ocrx_word' id='word_1_329' title='bbox 1307 2575 1381 2608; x_wconf 81' lang='lat' dir='ltr'>“Et</span> <span class='ocrx_word' id='word_1_330' title='bbox 1394 2575 1421 2607; x_wconf 89' lang='lat' dir='ltr'>si</span> <span class='ocrx_word' id='word_1_331' title='bbox 1438 2573 1597 2618; x_wconf 86' lang='lat' dir='ltr'>discipuli</span> <span class='ocrx_word' id='word_1_332' title='bbox 1613 2572 1691 2606; x_wconf 87' lang='lat' dir='ltr'>ideo</span> 
     </span>
     <span class='ocr_line' id='line_1_37' title="bbox 158 2619 1691 2667; baseline -0.003 -12"><span class='ocrx_word' id='word_1_333' title='bbox 158 2623 313 2667; x_wconf 83' lang='lat' dir='ltr'>Apostoli</span> <span class='ocrx_word' id='word_1_334' title='bbox 333 2622 453 2665; x_wconf 81' lang='lat' dir='ltr'>vocati,</span> <span class='ocrx_word' id='word_1_335' title='bbox 472 2622 549 2666; x_wconf 87' lang='lat' dir='ltr'>quia</span> <span class='ocrx_word' id='word_1_336' title='bbox 566 2622 660 2654; x_wconf 86' lang='lat' dir='ltr'>missi</span> <span class='ocrx_word' id='word_1_337' title='bbox 682 2627 759 2654; x_wconf 85' lang='lat' dir='ltr'>suut</span> <span class='ocrx_word' id='word_1_338' title='bbox 774 2622 815 2654; x_wconf 84' lang='lat' dir='ltr'>ab</span> <span class='ocrx_word' id='word_1_339' title='bbox 831 2621 909 2666; x_wconf 84' lang='lat' dir='ltr'>Ipso</span> <span class='ocrx_word' id='word_1_340' title='bbox 923 2621 965 2654; x_wconf 88' lang='lat' dir='ltr'>ad</span> <span class='ocrx_word' id='word_1_341' title='bbox 983 2621 1236 2667; x_wconf 63' lang='lat' dir='ltr'>praedicandum</span> <span class='ocrx_word' id='word_1_342' title='bbox 1255 2621 1477 2665; x_wconf 74' lang='lat' dir='ltr'>Evangelium</span> <span class='ocrx_word' id='word_1_343' title='bbox 1493 2619 1583 2653; x_wconf 88' lang='lat' dir='ltr'>omni</span> <span class='ocrx_word' id='word_1_344' title='bbox 1599 2630 1691 2652; x_wconf 87' lang='lat' dir='ltr'>erea-</span> 
     </span>
     <span class='ocr_line' id='line_1_38' title="bbox 158 2665 1690 2713; baseline -0.003 -12"><span class='ocrx_word' id='word_1_345' title='bbox 158 2675 262 2711; x_wconf 72' lang='lat' dir='ltr'>turae3</span> <span class='ocrx_word' id='word_1_346' title='bbox 280 2681 342 2702; x_wconf 87' lang='lat' dir='ltr'>nee</span> <span class='ocrx_word' id='word_1_347' title='bbox 356 2669 468 2702; x_wconf 87' lang='lat' dir='ltr'>minus</span> <span class='ocrx_word' id='word_1_348' title='bbox 484 2668 524 2702; x_wconf 90' lang='lat' dir='ltr'>B.</span> <span class='ocrx_word' id='word_1_349' title='bbox 544 2668 654 2701; x_wconf 84' lang='lat' dir='ltr'>Maria</span> <span class='ocrx_word' id='word_1_350' title='bbox 669 2667 873 2712; x_wconf 83' lang='lat' dir='ltr'>Magdalena</span> <span class='ocrx_word' id='word_1_351' title='bbox 886 2667 928 2700; x_wconf 85' lang='lat' dir='ltr'>ab</span> <span class='ocrx_word' id='word_1_352' title='bbox 945 2668 1023 2713; x_wconf 84' lang='lat' dir='ltr'>Ipso</span> <span class='ocrx_word' id='word_1_353' title='bbox 1036 2667 1183 2700; x_wconf 89' lang='lat' dir='ltr'>Domino</span> <span class='ocrx_word' id='word_1_354' title='bbox 1198 2667 1365 2700; x_wconf 85' lang='lat' dir='ltr'>destinata</span> <span class='ocrx_word' id='word_1_355' title='bbox 1377 2673 1427 2700; x_wconf 85' lang='lat' dir='ltr'>cst</span> <span class='ocrx_word' id='word_1_356' title='bbox 1440 2666 1481 2700; x_wconf 87' lang='lat' dir='ltr'>ad</span> <span class='ocrx_word' id='word_1_357' title='bbox 1496 2665 1690 2711; x_wconf 76' lang='lat' dir='ltr'>Apostolos,</span> 
     </span>
     <span class='ocr_line' id='line_1_39' title="bbox 158 2711 1690 2759; baseline -0.001 -12"><span class='ocrx_word' id='word_1_358' title='bbox 158 2722 323 2759; x_wconf 83' lang='lat' dir='ltr'>quatenus</span> <span class='ocrx_word' id='word_1_359' title='bbox 349 2715 555 2748; x_wconf 86' lang='lat' dir='ltr'>dubietatem</span> <span class='ocrx_word' id='word_1_360' title='bbox 576 2721 608 2747; x_wconf 89' lang='lat' dir='ltr'>et</span> <span class='ocrx_word' id='word_1_361' title='bbox 626 2714 897 2747; x_wconf 79' lang='lat' dir='ltr'>incredulitatem</span> <span class='ocrx_word' id='word_1_362' title='bbox 924 2714 1000 2747; x_wconf 80' lang='lat' dir='ltr'>Suae</span> <span class='ocrx_word' id='word_1_363' title='bbox 1027 2714 1280 2747; x_wconf 82' lang='lat' dir='ltr'>resurrectionis</span> <span class='ocrx_word' id='word_1_364' title='bbox 1306 2713 1347 2746; x_wconf 87' lang='lat' dir='ltr'>ab</span> <span class='ocrx_word' id='word_1_365' title='bbox 1373 2713 1507 2746; x_wconf 88' lang='lat' dir='ltr'>illorum</span> <span class='ocrx_word' id='word_1_366' title='bbox 1534 2711 1690 2745; x_wconf 81' lang='lat' dir='ltr'>cordibus</span> 
     </span>
     <span class='ocr_line' id='line_1_40' title="bbox 158 2758 1690 2804; baseline -0.003 -9"><span class='ocrx_word' id='word_1_367' title='bbox 158 2761 377 2795; x_wconf 80' lang='lat' dir='ltr'>removeret.⁷&#39;</span> <span class='ocrx_word' id='word_1_368' title='bbox 403 2761 479 2795; x_wconf 86' lang='lat' dir='ltr'>Odo</span> <span class='ocrx_word' id='word_1_369' title='bbox 498 2761 703 2794; x_wconf 84' lang='lat' dir='ltr'>Floriaeens.</span> <span class='ocrx_word' id='word_1_370' title='bbox 723 2761 763 2793; x_wconf 85' lang='lat' dir='ltr'>de</span> <span class='ocrx_word' id='word_1_371' title='bbox 782 2761 815 2793; x_wconf 83' lang='lat' dir='ltr'>S.</span> <span class='ocrx_word' id='word_1_372' title='bbox 831 2760 942 2793; x_wconf 71' lang='lat' dir='ltr'>Maria</span> <span class='ocrx_word' id='word_1_373' title='bbox 960 2760 1077 2804; x_wconf 81' lang='lat' dir='ltr'>Magd.</span> <span class='ocrx_word' id='word_1_374' title='bbox 1093 2772 1146 2804; x_wconf 85' lang='lat' dir='ltr'>ap.</span> <span class='ocrx_word' id='word_1_375' title='bbox 1162 2761 1251 2793; x_wconf 86' lang='lat' dir='ltr'>Acta</span> <span class='ocrx_word' id='word_1_376' title='bbox 1268 2760 1324 2793; x_wconf 82' lang='lat' dir='ltr'>SS.</span> <span class='ocrx_word' id='word_1_377' title='bbox 1342 2759 1411 2793; x_wconf 89' lang='lat' dir='ltr'>Jul.</span> <span class='ocrx_word' id='word_1_378' title='bbox 1428 2772 1458 2793; x_wconf 93' lang='lat' dir='ltr'>v.</span> <span class='ocrx_word' id='word_1_379' title='bbox 1475 2761 1556 2800; x_wconf 75' lang='lat'>221;</span> <span class='ocrx_word' id='word_1_380' title='bbox 1568 2758 1690 2800; x_wconf 84' lang='lat' dir='ltr'>where,</span> 
     </span>
     <span class='ocr_line' id='line_1_41' title="bbox 159 2805 1375 2852; baseline -0.001 -12"><span class='ocrx_word' id='word_1_381' title='bbox 159 2808 192 2840; x_wconf 88' lang='lat' dir='ltr'>in</span> <span class='ocrx_word' id='word_1_382' title='bbox 212 2808 268 2841; x_wconf 81' lang='lat' dir='ltr'>the</span> <span class='ocrx_word' id='word_1_383' title='bbox 285 2808 426 2852; x_wconf 79' lang='lat' dir='ltr'>margin,</span> <span class='ocrx_word' id='word_1_384' title='bbox 446 2819 501 2840; x_wconf 85' lang='lat' dir='ltr'>are</span> <span class='ocrx_word' id='word_1_385' title='bbox 519 2807 614 2840; x_wconf 82' lang='lat' dir='ltr'>these</span> <span class='ocrx_word' id='word_1_386' title='bbox 632 2807 751 2848; x_wconf 70' lang='lat' dir='ltr'>words,</span> <span class='ocrx_word' id='word_1_387' title='bbox 779 2808 798 2826; x_wconf 69' lang='lat'>‘⁶</span> <span class='ocrx_word' id='word_1_388' title='bbox 813 2806 893 2840; x_wconf 85' lang='lat' dir='ltr'>Fuit</span> <span class='ocrx_word' id='word_1_389' title='bbox 913 2806 1153 2851; x_wconf 84' lang='lat' dir='ltr'>Apostolorum</span> <span class='ocrx_word' id='word_1_390' title='bbox 1173 2805 1375 2851; x_wconf 79' lang='lat' dir='ltr'>Apostola.”</span> 
     </span>
    </p>

    <p class='ocr_par' dir='ltr' id='par_1_5' title="bbox 157 2850 1689 2945">
     <span class='ocr_line' id='line_1_42' title="bbox 203 2850 1689 2899; baseline -0.002 -12"><span class='ocrx_word' id='word_1_391' title='bbox 203 2855 215 2874; x_wconf 87' lang='lat'>³</span> <span class='ocrx_word' id='word_1_392' title='bbox 239 2853 426 2899; x_wconf 54' lang='lat' dir='ltr'>Tempora]</span> <span class='ocrx_word' id='word_1_393' title='bbox 456 2854 528 2886; x_wconf 77' lang='lat' dir='ltr'>MS.</span> <span class='ocrx_word' id='word_1_394' title='bbox 542 2854 695 2898; x_wconf 77' lang='lat' dir='ltr'>timpora.</span> <span class='ocrx_word' id='word_1_395' title='bbox 734 2852 827 2897; x_wconf 69' lang='lat' dir='ltr'>See§</span> <span class='ocrx_word' id='word_1_396' title='bbox 846 2855 922 2886; x_wconf 77' lang='lat'>193.</span> <span class='ocrx_word' id='word_1_397' title='bbox 970 2852 1009 2885; x_wconf 90' lang='lat' dir='ltr'>In</span> <span class='ocrx_word' id='word_1_398' title='bbox 1028 2852 1095 2885; x_wconf 83' lang='lat' dir='ltr'>like</span> <span class='ocrx_word' id='word_1_399' title='bbox 1113 2864 1253 2885; x_wconf 84' lang='lat' dir='ltr'>manner</span> <span class='ocrx_word' id='word_1_400' title='bbox 1270 2853 1303 2885; x_wconf 88' lang='lat' dir='ltr'>in</span> <span class='ocrx_word' id='word_1_401' title='bbox 1323 2852 1518 2897; x_wconf 81' lang='lat' dir='ltr'>Reginald’s</span> <span class='ocrx_word' id='word_1_402' title='bbox 1538 2850 1689 2884; x_wconf 82' lang='lat' dir='ltr'>Libellus</span> 
     </span>
     <span class='ocr_line' id='line_1_43' title="bbox 157 2897 1578 2945; baseline -0.001 -12"><span class='ocrx_word' id='word_1_403' title='bbox 157 2901 198 2934; x_wconf 89' lang='lat' dir='ltr'>de</span> <span class='ocrx_word' id='word_1_404' title='bbox 217 2902 251 2935; x_wconf 80' lang='lat' dir='ltr'>S.</span> <span class='ocrx_word' id='word_1_405' title='bbox 267 2900 390 2934; x_wconf 73' lang='lat' dir='ltr'>cuthb.</span> <span class='ocrx_word' id='word_1_406' title='bbox 410 2912 442 2945; x_wconf 83' lang='lat' dir='ltr'>p.</span> <span class='ocrx_word' id='word_1_407' title='bbox 463 2901 540 2943; x_wconf 74' lang='lat'>227,</span> <span class='ocrx_word' id='word_1_408' title='bbox 569 2902 587 2918; x_wconf 75' lang='lat'>‘⁶</span> <span class='ocrx_word' id='word_1_409' title='bbox 604 2901 733 2944; x_wconf 81' lang='lat' dir='ltr'>Sagitta</span> <span class='ocrx_word' id='word_1_410' title='bbox 750 2899 925 2944; x_wconf 80' lang='lat' dir='ltr'>pervolans</span> <span class='ocrx_word' id='word_1_411' title='bbox 944 2900 1016 2942; x_wconf 80' lang='lat' dir='ltr'>ejus</span> <span class='ocrx_word' id='word_1_412' title='bbox 1034 2899 1178 2943; x_wconf 83' lang='lat' dir='ltr'>timpora</span> <span class='ocrx_word' id='word_1_413' title='bbox 1195 2899 1307 2932; x_wconf 88' lang='lat' dir='ltr'>media</span> <span class='ocrx_word' id='word_1_414' title='bbox 1327 2897 1578 2943; x_wconf 45' lang='lat' dir='ltr'>trusis-figebat?</span> 
     </span>
    </p>
   </div>
  </div>
 </body>
</html>
