1839 3186
502 220 561 251 ET
595 218 859 250 MIRACULIS
895 218 931 249 s.
957 217 1172 250 GoDRicl.
1530 209 1603 248 121

77 325 271 375 tionibus,
310 323 572 365 meditationi
612 328 653 364 et
690 321 1029 377 contemplationi
1067 321 1305 369 coelestium,
1349 321 1610 373 inserviebat,

77 392 187 446 quod
225 391 325 432 nulli
363 391 421 431 rei
457 390 666 431 forinsecae
700 389 896 430 adhibere
939 403 1106 443 operam
1148 388 1414 442 praevalebat.
1479 389 1614 444 Igitur

79 458 257 513 primum
283 457 477 512 puerulus
508 457 689 510 quidam,
726 455 738 477 1
756 456 895 496 fratris
917 455 979 496 sui
1010 453 1129 504 filius,
1162 470 1235 509 per
1265 469 1394 496 annos
1420 455 1614 496 undecim

80 525 116 566 ei
158 524 390 565 ministrare
424 523 574 578 coepit3
623 538 702 577 quo
739 527 924 576 tempore
960 521 1062 562 nihil
1104 521 1213 575 quod
1252 520 1423 570 viveret,
1464 527 1614 577 praetcr

81 606 249 632 vaccam
286 591 415 632 solam
445 590 605 631 habuit.
677 590 735 630 Et
764 588 859 643 quia
890 604 992 643 puer
1030 588 1097 628 ille
1134 588 1269 628 adhuc
1301 588 1497 642 parvulus
1525 594 1614 630 erat

81 662 205 711 atque
227 657 483 707 tenerrimus,
517 656 664 711 saepius
685 655 892 697 matutino
921 669 1064 710 sopore
1099 654 1304 704 detentus,
1344 655 1493 696 ducere
1529 656 1614 696 ani-

82 724 165 765 mal
187 724 290 764 illud
311 723 364 764 ad
385 738 538 778 pascua
559 723 624 764 vel
655 737 822 777 vespere
852 721 1047 763 reducere
1069 721 1254 762 oblivisci
1286 721 1429 763 solitus
1452 727 1525 772 est,
1550 723 1614 764 vel

82 790 188 832 forte
221 805 294 845 pro
331 790 449 832 solito
483 789 621 831 labore
654 794 862 845 pertaesus.
927 788 1044 829 Tunc
1081 788 1141 829 vir
1177 788 1256 829 Dei
1290 788 1428 842 aliqua
1464 789 1530 830 die
1562 789 1616 830 ad

83 857 257 898 bestiam
280 857 463 907 accessit,
500 861 541 897 et
574 856 817 897 cinctorium
847 871 965 897 suum
998 855 1100 895 collo
1126 853 1214 910 ejus
1235 855 1540 910 circumposuit,
1575 861 1616 897 et

85 924 201 977 quasi
236 924 396 964 ratione
434 923 496 964 vel
528 922 742 963 intellectu
769 922 945 977 potienti
983 921 1039 963 sic
1067 921 1139 972 ait,
1175 926 1201 944 ‘⁶
1229 922 1378 973 Veni,”
1415 922 1615 977 inquiens,

88 995 112 1011 “
134 1005 300 1044 sequere
332 1005 410 1040 me,
437 995 478 1030 et
508 1004 670 1030 mecum
695 989 749 1029 ad
784 1004 937 1044 pascua
961 995 1035 1029 tua
1056 988 1272 1043 procede.”
1335 989 1436 1042 Quae
1459 990 1614 1039 exiens,

85 1056 251 1097 vidente
272 1072 398 1111 puero
422 1061 462 1096 et
485 1056 576 1096 haec
600 1055 807 1106 audiente,
831 1060 973 1096 secuta
996 1060 1057 1096 est
1080 1071 1187 1096 eum.
1258 1055 1334 1097 Cui
1359 1056 1510 1097 iterum
1533 1056 1616 1106 ille,

88 1128 113 1144 “
132 1122 334 1177 Praecipio
359 1123 435 1163 tibi
456 1122 497 1163 in
520 1122 684 1163 nomine
708 1122 889 1172 Domini,
915 1122 1108 1176 quatinus
1129 1122 1282 1176 absque
1313 1122 1424 1163 omni
1447 1123 1617 1164 ductore

87 1189 271 1243 quotidie
291 1189 390 1230 dum
412 1194 501 1230 orto
524 1190 607 1230 sole
629 1194 793 1244 tempus
819 1188 959 1237 fuerit,
993 1188 1078 1230 sola
1106 1188 1159 1229 ad
1181 1194 1255 1229 tua
1291 1204 1443 1243 pascua
1463 1190 1613 1238 abeas3

88 1261 129 1296 et
150 1257 261 1297 omni
283 1256 452 1297 meridie
480 1261 520 1296 et
546 1271 726 1310 vespere,
766 1255 865 1296 dum
895 1260 1173 1310 opportunum
1204 1261 1368 1310 tempus
1390 1256 1617 1306 advenerit,

88 1322 174 1364 sine
203 1322 314 1363 omni
336 1322 519 1364 ductoris
546 1322 771 1364 ministerio
798 1322 908 1363 domi
931 1322 1103 1369 redeas3
1144 1327 1185 1363 et
1207 1323 1371 1376 quando
1398 1323 1525 1364 ubera
1546 1329 1620 1364 tua

88 1405 174 1444 prae
196 1390 315 1430 lactis
346 1390 462 1444 copia
493 1389 716 1444 mulgenda
737 1389 902 1439 fuerint,
938 1389 992 1430 ad
1022 1405 1087 1430 me
1119 1389 1189 1430 ubi
1216 1390 1346 1438 fuero,
1372 1390 1538 1438 venias3
1578 1395 1618 1431 et

90 1456 245 1497 emulso
266 1456 402 1506 ubere,
428 1456 578 1497 iterum
593 1461 817 1497 exonerata
838 1456 892 1496 ad
914 1471 1078 1511 pascua,
1107 1456 1138 1497 si
1161 1462 1325 1511 tempus
1346 1458 1413 1505 sit,
1435 1457 1619 1499 redeas.”

92 1523 334 1563 Mirandum
366 1523 486 1578 plane
528 1528 568 1563 et
610 1523 943 1578 obstupendum!
1009 1523 1078 1563 Ex
1121 1523 1185 1564 die
1222 1523 1291 1564 illa
1330 1528 1371 1565 et
1414 1524 1618 1579 deinceps,

91 1604 251 1644 semper
275 1605 400 1631 vacca
435 1589 505 1630 illa
539 1590 715 1630 termino
741 1589 992 1644 competenti
1020 1590 1121 1630 exiit
1154 1595 1195 1630 et
1229 1590 1364 1640 rediit,
1392 1595 1432 1631 et
1461 1591 1621 1644 quoties

91 1656 211 1697 lactis
240 1656 489 1711 pinguedine
512 1671 583 1711 per
614 1657 723 1697 diem
757 1656 884 1697 ubera
905 1656 1013 1697 illius
1048 1662 1183 1697 essent
1213 1657 1398 1711 gravida,
1422 1657 1535 1698 venit
1567 1658 1621 1698 ad

90 1723 233 1770 illum;
269 1729 310 1764 et
334 1723 366 1764 si
386 1723 491 1763 forte
523 1723 666 1764 fuisset
698 1723 737 1763 in
769 1723 968 1772 Ecclesia,
1004 1723 1074 1763 illa
1101 1724 1240 1764 stabat
1262 1724 1316 1764 ad
1337 1724 1488 1765 ostium
1509 1725 1620 1774 foris,

91 1790 275 1844 rugitum
297 1790 360 1831 vel
395 1790 581 1830 balatum
618 1789 840 1844 proferens,
877 1795 917 1830 et
946 1789 1060 1843 quasi
1096 1805 1189 1830 eum
1222 1790 1440 1832 advocans.
1505 1791 1622 1832 Tunc

92 1856 172 1906 ille,
210 1856 312 1897 hora
343 1856 539 1897 orationis
583 1857 762 1911 expleta,
810 1855 944 1896 denuo
981 1855 1078 1897 foris
1110 1856 1276 1911 prodiit,
1315 1862 1356 1898 et
1392 1858 1449 1899 sic
1485 1858 1538 1898 ab
1575 1873 1622 1899 eo

93 1923 250 1963 emulsa
271 1938 349 1977 quo
374 1923 546 1963 decebat
563 1923 705 1964 abivit.

152 1989 274 2042 Quod
301 1989 363 2030 vir
384 1989 453 2030 ille
476 1989 543 2043 qui
573 1991 664 2030 haec
687 1989 805 2040 vidit,
829 1989 970 2030 retulit
990 2006 1000 2038 3
1036 1988 1104 2044 qui
1126 1989 1249 2031 modo
1279 1994 1466 2032 maturus
1498 1995 1539 2032 et
1562 1992 1624 2032 vir

92 2055 107 2076 Q
114 2056 359 2111 grandaevus
381 2056 538 2097 existit.

142 2179 150 2197 ¹
173 2179 307 2213 Fratris
323 2179 506 2225 suifilessus]
533 2179 626 2223 This,
653 2191 696 2213 no
724 2179 841 2220 doubt,
868 2180 896 2213 is
915 2179 971 2213 the
998 2186 1125 2214 correct
1142 2180 1304 2226 reading:
1331 2180 1388 2214 the
1414 2193 1624 2227 anonymous

95 2225 215 2270 legend
232 2226 336 2270 gives,
358 2228 376 2244 “
392 2227 468 2259 Suae
487 2227 608 2259 sororis
626 2226 773 2259 filium.’'
802 2226 852 2260 Cf.
872 2226 888 2271 ξ
910 2229 987 2260 131.

141 2283 154 2303 2
175 2283 380 2317 Grcmcloevus
404 2284 542 2329 existit]
568 2284 611 2317 So
629 2284 686 2317 the
706 2284 801 2318 Harl.
819 2284 941 2329 legend
958 2297 964 2318 :
993 2286 1014 2303 “
1029 2285 1115 2318 Cum
1139 2285 1277 2330 longum
1292 2292 1426 2331 tempus
1452 2286 1485 2319 in
1512 2298 1624 2320 eremo

98 2329 266 2363 solitarius
293 2331 472 2374 exegisset,
491 2330 686 2375 compulsus
705 2337 754 2363 est
772 2331 813 2363 ab
832 2331 950 2364 amicis
967 2331 1090 2364 habere
1116 2332 1308 2365 ministrum
1327 2333 1383 2377 qui
1403 2334 1476 2376 ejus
1502 2334 1623 2366 vitulas

96 2376 290 2410 custodiret.
342 2376 473 2409 Habuit
499 2388 576 2421 ergo
601 2377 791 2422 puerulum,
820 2389 890 2411 suae
916 2378 1037 2411 sororis
1063 2378 1183 2422 filium,
1206 2379 1261 2423 qui
1288 2379 1317 2412 01
1344 2380 1440 2412 3111115
1466 2380 1623 2413 undecim

96 2423 310 2456 ministravit.
360 2423 435 2456 Hoc
459 2430 609 2468 tempore
636 2423 767 2456 nullum
797 2424 922 2457 animal
949 2431 1069 2469 praeter
1095 2437 1229 2458 vaccam
1257 2426 1392 2459 unicam
1418 2426 1623 2471 possidebat,

97 2481 195 2514 quam
215 2469 375 2514 puerulus
392 2482 451 2515 per
469 2469 672 2503 oblivionem
695 2482 783 2515 saepe
801 2470 854 2503 vel
871 2471 1010 2504 taedium
1037 2471 1158 2505 ducere
1180 2472 1221 2505 ad
1245 2484 1370 2516 pascua
1388 2472 1440 2505 vel
1465 2473 1624 2506 reducere

98 2516 285 2550 omittebat.
313 2516 378 2549 Die
397 2515 541 2561 quadam
560 2517 701 2549 accessit
721 2518 768 2549 vir
787 2523 923 2550 sanctus
941 2517 983 2550 ad
1002 2530 1087 2561 eam,
1102 2524 1135 2551 et
1149 2519 1283 2563 cingulo
1298 2519 1384 2551 collo
1397 2521 1469 2563 ejus
1482 2520 1623 2552 circum—

97 2563 206 2607 posito
225 2575 231 2596 :
259 2565 267 2580 4
283 2563 397 2605 Veni,'
429 2563 528 2603 dixit,
549 2565 556 2580 ⁶
572 2569 604 2595 et
621 2574 755 2596 mecum
774 2563 816 2596 ad
833 2575 959 2608 pascua
976 2571 1034 2597 tua
1051 2565 1193 2609 procede
1209 2565 1228 2606 3⁷
1248 2572 1280 2598 et
1299 2565 1433 2598 vidente
1451 2578 1553 2610 puero
1571 2578 1623 2599 se-

98 2615 175 2641 cuta
201 2615 262 2642 est.
312 2609 440 2642 Iterum
466 2610 513 2642 ait
540 2609 612 2643 illi:
640 2612 648 2627 ‘
665 2610 828 2655 Praecipio
855 2610 888 2643 in
915 2611 1050 2644 nomine
1080 2611 1230 2654 Domini,
1256 2618 1294 2645 ut
1319 2612 1391 2645 51110
1418 2612 1555 2645 ductore
1580 2612 1622 2645 ad

97 2667 239 2700 pascuas
256 2655 430 2701 [accedas]
447 2662 479 2688 et
498 2656 614 2688 redeas
631 2656 722 2689 horis
741 2656 891 2701 quotidie
914 2658 1120 2702 opportunis,
1139 2658 1317 2701 matutina,
1335 2658 1532 2701 meridiana,
1551 2671 1622 2692 ves-

96 2702 238 2746 pertina.
275 2702 461 2746 Mulgenda
475 2714 608 2747 quoque
625 2715 757 2748 semper
770 2703 812 2735 ad
829 2715 883 2736 me
899 2704 1023 2747 venias,
1038 2704 1230 2749 ubicunque
1243 2705 1367 2750 poteris
1381 2716 1435 2737 me
1450 2705 1622 2739 invenire?

98 2747 128 2780 O
148 2760 223 2781 vere
248 2748 436 2781 mirabilem
464 2748 575 2781 Deum
602 2749 635 2782 in
662 2750 788 2782 sanetis
814 2750 912 2783 Suis!
966 2750 1019 2783 Ex
1047 2750 1104 2783 illo
1131 2751 1185 2784 die
1210 2751 1346 2784 brutum
1376 2751 1512 2794 animal,
1538 2764 1576 2785 30
1595 2752 1622 2785 51

98 2794 227 2827 ratione
252 2800 412 2837 uteretur,
435 2795 546 2840 paruit
571 2796 769 2840 imperatis3
796 2796 879 2828 adeo
898 2802 945 2839 ut,
972 2797 999 2830 si
1018 2798 1102 2830 forte
1127 2797 1208 2830 hora
1232 2797 1405 2841 mulgendi
1425 2798 1623 2832 venerabilis

99 2840 267 2873 Godricus
294 2847 382 2873 esset
400 2842 433 2873 in
454 2841 620 2883 01310110,
639 2842 696 2875 1113
714 2849 807 2876 stans
834 2842 957 2876 deforis
984 2843 1078 2876 illum
1102 2844 1288 2888 mugitibus
1314 2844 1510 2878 advocabat.
1561 2845 1624 2878 Ille

100 2899 186 2929 vero,
206 2893 355 2931 tempore
373 2887 533 2920 orationis
551 2888 699 2932 expleto,
715 2889 821 2922 exivit
840 2896 873 2922 et
891 2889 1018 2934 mulsit,
1037 2897 1069 2923 et
1084 2890 1232 2923 illamox
1250 2890 1344 2934 abiit,
1359 2891 1446 2924 sicut
1460 2903 1542 2936 puer
1556 2892 1623 2936 ille,

96 2934 152 2977 qui
170 2934 270 2967 modo
289 2940 339 2966 est
355 2933 563 2978 grandaevus,
582 2935 783 2968 enarravit.’⁷
