1839 3186
205 155 290 194 414
727 163 962 195 LIBELLUS
998 164 1063 194 DE
1098 165 1215 195 VITA

206 277 247 313 et
269 271 350 312 mei
369 268 603 312 miserere.”
666 268 783 309 Inter
805 283 896 322 quae
920 269 1046 310 verba
1063 268 1161 309 dum
1184 283 1354 310 manum
1376 274 1630 324 protractam
1651 285 1743 325 pro-

205 337 375 380 tendere
395 337 619 386 nitebatur,
635 335 772 377 subito
793 350 962 375 manum
984 336 1035 376 ab
1057 335 1170 376 omni
1191 336 1472 377 contractione
1493 337 1672 378 solutam
1693 352 1740 378 ac

203 406 422 447 liberatam
444 404 484 444 in
506 418 548 444 se
564 408 734 457 stupens
747 401 1043 450 admirabatur,
1064 417 1340 456 conversaque
1353 402 1407 443 ad
1428 403 1558 444 socios
1571 418 1740 444 manum

204 487 347 514 sanam
369 486 417 511 ac
439 469 756 511 directissimam
777 483 915 509 coram
938 468 1098 509 cunctis
1121 469 1315 523 protulit3
1350 484 1473 522 quam
1503 469 1636 510 omnis
1662 484 1738 510 coe-

205 544 273 580 tus
293 537 422 593 ipsius
442 536 567 578 turba
586 535 699 590 prius
721 534 954 576 diutissimo
976 539 1160 589 tempore
1181 534 1305 576 fuisse
1319 540 1576 576 contractam
1591 551 1738 590 cogno-

205 605 278 648 vit.
341 604 404 645 At
431 612 572 644 tamen
600 616 694 642 cum
716 601 836 642 sociis
860 601 993 641 laetior
1017 600 1164 641 effecta
1184 601 1234 641 ad
1266 601 1528 655 sepulchrum
1558 602 1634 643 viri
1658 602 1737 643 Dei

204 676 343 727 grates
374 668 586 711 referendo
618 668 817 722 pervenit,
852 671 893 707 et
928 667 1181 708 testantibus
1217 667 1335 708 sociis
1372 683 1638 722 quaecumque
1669 668 1738 709 illo

204 741 491 794 pervenerant,
514 750 654 776 coram
677 734 837 775 cunctis
858 733 1103 788 exponendo
1127 733 1324 774 1detexit.

303 900 449 926 CXXXII.
482 899 533 923 DE
564 897 745 922 MULIERE
777 896 873 921 ALIA
906 896 931 919 A
963 896 1116 920 CANCRO
1148 896 1196 920 ΕΤ
1228 897 1396 921 FISTULA
1429 898 1642 925 LIBERATA.

267 1002 288 1056 ἓ
312 1003 408 1042 500.
443 1000 553 1040 ALIA
575 997 775 1053 quaedam,
797 996 942 1051 Agnes
958 996 1135 1046 nomine,
1152 996 1193 1036 in
1215 996 1357 1038 villula
1372 998 1423 1038 de
1439 997 1736 1054 Spinethorph‚
1754 1046 1755 1050 Ἰ

204 1082 353 1109 novem
385 1066 503 1107 annis
543 1064 789 1120 aegritudine
824 1062 1060 1103 miseranda
1096 1062 1370 1114 laboraverat,
1411 1063 1526 1119 cujus
1560 1066 1735 1107 miseriae

205 1135 357 1176 nullius
378 1132 611 1175 sollicitudo
642 1129 798 1184 aliquid
827 1128 997 1170 remedii
1019 1129 1240 1170 contulisse
1264 1130 1445 1171 valebat.
1508 1130 1668 1186 Nempe
1695 1132 1738 1173 in

205 1201 352 1242 cavilla
372 1214 479 1255 genu
498 1199 620 1239 unius
636 1197 815 1252 primum
837 1195 1014 1249 quinque
1036 1195 1238 1236 foramina
1258 1195 1300 1236 in
1321 1196 1490 1237 modum
1511 1196 1658 1239 fistulae
1672 1199 1737 1239 vel

205 1268 342 1308 cancri
363 1269 659 1321 praeruperant,
683 1263 734 1303 de
756 1260 870 1317 cujus
890 1267 1006 1316 peste
1029 1261 1184 1303 diutius
1205 1262 1378 1304 interius
1398 1268 1621 1315 maturata,
1640 1279 1737 1318 qua-

204 1339 299 1375 tuor
322 1334 489 1374 demum
510 1332 591 1372 alia
613 1345 665 1371 ex
692 1333 810 1384 parte
831 1328 962 1369 altera
982 1343 1090 1382 genu
1114 1328 1241 1382 ipsius
1265 1329 1568 1383 praecedebant.
1633 1331 1735 1383 Quae

204 1400 343 1441 onmia
361 1400 555 1440 humores
573 1396 720 1438 lividos
732 1395 892 1451 jugiter
914 1394 1112 1435 distillare
1134 1399 1444 1446 consueverant,
1469 1411 1516 1437 ac
1539 1411 1632 1437 cum
1648 1398 1734 1452 pal-

204 1467 306 1507 lenti
325 1466 474 1507 rubore
494 1464 659 1505 horride
678 1461 859 1517 patendo
880 1461 1117 1515 turgebant.
1182 1461 1318 1516 Igitur
1339 1462 1496 1504 cunctis
1519 1462 1737 1518 desperata

205 1549 278 1588 per
309 1531 511 1573 austra-les
539 1529 707 1584 Angliae
736 1527 838 1569 fines
862 1528 1089 1568 multorum
1119 1527 1211 1568 loca
1235 1533 1468 1569 sanctorum
1499 1528 1623 1577 adiit3
1663 1530 1737 1571 sed

202 1599 260 1640 nil
296 1598 440 1640 salutis
476 1601 708 1645 consecuta,
736 1595 903 1635 demum
935 1593 1231 1635 comitantibus
1266 1594 1421 1645 multis,
1448 1595 1501 1635 ad
1536 1595 1735 1638 Finchale

205 1665 405 1720 pervenit.
468 1664 569 1716 Quae
602 1662 698 1703 licet
729 1661 786 1702 ibi
823 1659 939 1714 quasi
967 1659 1144 1701 salutem
1174 1666 1420 1715 perceptura
1452 1661 1586 1715 prima
1614 1668 1737 1704 nocte

203 1731 472 1787 procidisset3
507 1744 627 1770 mane
650 1733 792 1769 tamen
812 1727 937 1776 facto,
960 1741 1043 1767 una
1064 1741 1158 1767 curn
1179 1727 1297 1768 sociis
1316 1742 1498 1768 remeare
1521 1728 1735 1783 disposuit,

202 1798 516 1853 regrediensque
552 1800 673 1836 nocte
709 1794 811 1849 ipsa,
849 1793 949 1834 dum
984 1793 1027 1833 in
1059 1793 1201 1834 villula
1227 1791 1356 1847 juxta
1379 1793 1528 1835 Tesam
1565 1793 1734 1849 2posita,

203 1865 340 1918 quiete
361 1863 548 1904 membra
568 1866 803 1903 recreatura
825 1860 1103 1908 decumberet,
1119 1874 1212 1900 ecce
1229 1860 1380 1901 virDei
1396 1859 1598 1903 Godricus
1620 1876 1736 1903 secus

202 1931 486 1972 habitaculum
523 1927 781 1969 dormitionis
812 1926 940 1981 ipsius
975 1926 1180 1980 apparuit,
1216 1931 1257 1966 et
1285 1926 1426 1967 taliter
1456 1942 1626 1968 exorsus
1661 1928 1732 1978 ait,

202 2002 228 2020 ‘⁴
249 1997 406 2038 Videto
427 2000 474 2036 ut
500 1995 565 2035 die
587 1994 767 2036 crastina
788 2007 911 2047 quam
933 1991 1056 2033 citius
1076 1991 1129 2032 ad
1150 2007 1216 2033 me
1237 1992 1279 2032 in
1296 1992 1496 2033 Finchale
1518 1993 1671 2045 venias,
1686 1999 1734 2035 ut

203 2064 379 2105 salutem
400 2061 457 2103 ibi
478 2066 595 2102 tuam
616 2060 824 2115 percipere
850 2058 1027 2100 valeas.·'
1088 2058 1217 2098 Mane
1238 2058 1348 2099 facto
1374 2063 1575 2112 quantum
1596 2060 1733 2114 potuit

202 2129 438 2184 properavit
472 2132 514 2168 et
548 2127 684 2177 rediit,
718 2130 759 2166 et
795 2125 947 2165 iterata
983 2123 1072 2165 vice
1106 2123 1189 2164 illic
1220 2124 1370 2165 iterum
1401 2125 1605 2179 procidit;
1643 2141 1733 2180 quae

203 2197 402 2236 Sanctum
418 2194 498 2234 Dei
514 2193 665 2234 iterum
688 2192 796 2233 circa
816 2206 857 2232 se
880 2190 1217 2231 deambulantem
1238 2191 1503 2245 conspiciens,
1528 2192 1639 2232 omni
1661 2208 1733 2247 po-

202 2263 299 2317 pulo
336 2275 434 2301 mox
458 2260 502 2300 id
538 2258 783 2314 propalavit,
816 2261 858 2297 et
897 2255 1161 2307 exclamavit,
1195 2261 1235 2297 et
1269 2257 1389 2307 dixit,
1426 2261 1451 2278 ‘⁶
1470 2257 1545 2307 Tu,
1579 2257 1731 2300 Sancte

203 2328 394 2377 Godrice,
412 2326 517 2367 sicut
539 2325 640 2366 mihi
662 2323 868 2379 pollicitus
888 2337 942 2373 es,
962 2323 1057 2371 mei,
1074 2323 1256 2373 obsecro,
1271 2324 1464 2364 miserere
1482 2341 1493 2372 ς
1518 2339 1614 2364 nam
1628 2329 1674 2365 tu
1689 2340 1731 2366 es

200 2395 268 2436 ille
290 2394 358 2448 qui
384 2392 590 2447 quondam
614 2391 680 2431 hic
710 2395 912 2430 nocturno
941 2394 1126 2443 tempore
1154 2389 1271 2442 aquis
1301 2389 1436 2431 nudus
1467 2396 1726 2444 pernoctans,

248 2498 256 2517 ¹
280 2495 447 2540 Detexit]
472 2495 567 2528 Thus
584 2492 767 2526 recounted
785 2492 819 2524 in
837 2491 894 2524 the
914 2491 1075 2525 Harleian
1092 2504 1302 2537 anonymous
1320 2494 1527 2539 manuscript
1544 2508 1550 2529 z
1571 2495 1730 2529 “Mulier

200 2544 355 2590 quaedam
381 2542 422 2575 de
439 2540 611 2587 provincia
629 2539 789 2572 Cravenae
818 2538 935 2571 multis
961 2539 1057 2571 annis
1082 2550 1220 2571 manum
1246 2539 1373 2573 habens
1397 2546 1612 2583 contractam,
1636 2542 1729 2575 nulla

199 2591 309 2636 potuit
325 2589 535 2622 medicorum
558 2586 730 2620 curatione
755 2584 875 2618 sanari.
927 2584 1012 2617 Haec
1030 2585 1073 2618 ad
1090 2585 1205 2618 Sancti
1224 2586 1362 2619 Godriei
1380 2586 1611 2620 habitaculum
1629 2588 1729 2632 profi--

199 2638 341 2679 ciscens,
370 2634 458 2680 apud
489 2633 687 2667 Neutonam
715 2643 793 2664 cum
822 2630 923 2664 sociis
950 2630 1089 2675 fatigata
1114 2631 1229 2664 labore
1258 2632 1387 2665 itineris
1416 2633 1590 2676 requievit.
1646 2634 1727 2667 Post

199 2684 347 2729 quietem
374 2682 437 2714 iter
466 2681 652 2724 incoeptum
675 2688 833 2723 peragere
859 2676 1034 2719 festinans,
1062 2677 1215 2720 ‘Beate‚’
1253 2678 1374 2722 inquit,
1392 2679 1574 2723 ‘Godrice,
1605 2680 1727 2723 adjuva

197 2730 275 2763 me.’
323 2729 483 2772 Dumque
500 2737 621 2759 manus
638 2725 681 2758 ad
698 2723 919 2757 calciamenta
944 2723 1169 2768 protenderet,
1187 2724 1291 2757 sensit
1308 2736 1447 2757 manum
1465 2724 1556 2758 illam
1575 2725 1617 2759 ab
1635 2727 1725 2759 omni

196 2775 425 2810 contractione
443 2773 600 2806 solutam.
648 2771 724 2805 Hoc
742 2770 844 2814 igitur
862 2770 931 2802 suis
952 2769 1133 2803 comitibus
1159 2769 1412 2814 demonstravit,
1439 2777 1472 2804 et
1490 2772 1538 2804 sic
1556 2772 1597 2805 ad
1615 2772 1727 2818 sepul-

195 2823 311 2856 chrum
330 2820 444 2854 Sancti
463 2831 540 2852 cum
556 2818 738 2863 gratiarum
758 2816 889 2849 actione
905 2815 1095 2861 pervenit.⁷⁷

240 2869 252 2886 ²
272 2866 418 2912 Pasira]
448 2866 610 2909 Positam,
630 2864 705 2897 MS.
725 2862 824 2896 Bodl.
