1839 3186
179 186 235 227 ΒΞ
702 195 935 227 LIBELLUS
972 194 1035 225 DE
1071 194 1187 225 vrrA

183 298 383 354 paulatim
420 298 472 339 ad
505 297 740 354 hujusmodi
774 299 1028 354 propositum
1064 298 1189 339 animi
1222 299 1331 339 vota*
1353 298 1573 354 porrigere,
1610 299 1712 341 desi-

185 365 298 406 derio
322 365 554 407 solitudinis
587 380 660 407 sua
692 365 831 407 studia
862 371 1127 415 commutare,
1166 365 1407 419 negotiandi
1427 366 1540 406 lucra
1562 366 1710 406 exinde

184 432 306 487 paulo
333 431 468 473 minus
500 431 717 473 aestimare.
788 432 930 486 Atque
962 432 1012 473 de
1047 432 1136 473 loco
1167 432 1209 472 111
1246 431 1373 473 alium
1404 432 1711 487 commigrando

187 513 296 539 nunc
332 513 440 553 genu
475 497 607 548 flexit,
644 504 767 539 terrae
802 500 934 540 solum
965 499 1112 554 saepius
1157 497 1392 548 osculando,
1434 499 1557 540 modo
1587 499 1645 540 ibi
1669 514 1711 540 se

185 564 410 620 supplicem
449 570 538 606 toto
590 580 757 621 corpore
797 566 1104 620 prosternendo,
1146 565 1213 606 hic
1261 566 1441 607 extensis
1482 565 1524 606 in
1565 566 1711 606 coelum

183 631 385 682 manibus,
418 631 498 672 Dei
531 631 792 673 clementiam
822 632 1092 687 gemebundis
1123 631 1290 672 vocibus
1319 632 1588 686 implorando,
1613 632 1710 673 alibi

182 713 382 753 procurvo
410 698 564 753 poplite
586 703 627 739 et
655 697 871 740 ¹submisso
900 698 1046 753 capitis
1076 698 1228 739 vertice
1261 697 1341 738 Dei
1372 698 1578 753 magnalia
1607 700 1712 740 mira

184 764 414 806 devotionis
453 765 728 806 exsultatione
762 765 1055 819 prosequendo,
1096 763 1264 813 “Hi0,''
1301 764 1498 818 inquiens,
1541 765 1711 806 “Outh-

180 831 335 881 bertus,
365 831 432 871 1110
469 832 531 872 vir
567 831 657 872 Deo
689 830 874 881 dilectus,
911 831 1050 872 dulces
1082 830 1245 872 Christo
1276 830 1538 872 lacrimarum
1571 847 1712 886 preces

182 897 346 947 obtulit,
379 897 445 938 1110
476 912 701 952 procurvus
732 913 870 939 coram
892 897 1072 938 Domino
1085 895 1233 952 jacuit,
1265 897 1346 938 huc
1377 897 1543 938 acclinis
1564 897 1711 939 somnii

182 963 423 1019 obrepentia
457 964 626 1005 obsonia
658 965 797 1014 sensit,
834 964 900 1005 hic
937 964 1110 1019 pedibus
1151 963 1302 1005 sanctis
1346 969 1499 1005 terram
1540 963 1712 1006 2evulsa

181 1030 334 1085 cespite
359 1030 556 1081 exaravit,
589 1030 655 1072 hic
683 1030 733 1072 de
764 1047 864 1086 rupe
897 1030 1114 1072 durissima
1142 1030 1219 1072 sibi
1251 1025 1438 1071 ³fontem
1460 1030 1611 1081 elicuit,
1643 1030 1710 1072 hic

181 1095 198 1117 4
203 1095 364 1152 jejunia
385 1096 569 1138 ciborum
589 1097 812 1139 abstinenti
834 1097 1087 1139 continentia
1107 1097 1345 1139 relevavit.”

240 1164 348 1216 §13
383 1163 493 1205 Haec
527 1168 567 1204 et
593 1162 830 1219 hujusmodi
863 1165 925 1206 vir
953 1165 1029 1205 iste
1064 1164 1211 1219 saepius
1242 1179 1380 1205 secum
1413 1179 1545 1218 agere,
1570 1161 1711 1218 hujus-

183 1229 342 1271 cemodi
364 1235 517 1279 tenore,
545 1230 704 1284 quoties
733 1230 775 1271 in
805 1230 1020 1285 praefatam
1054 1230 1283 1272 devenisset
1308 1230 1498 1280 insulam,
1521 1230 1590 1284 pia
1613 1234 1712 1272 vota

181 1296 351 1338 vocibus
372 1296 650 1337 concionando
679 1298 905 1351 propalare.
968 1296 1110 1351 Atque
1147 1312 1198 1337 ex
1229 1301 1329 1337 tunc
1353 1301 1394 1337 et
1431 1296 1634 1351 deinceps,
1663 1302 1710 1337 ut

183 1363 330 1417 saepius
364 1363 685 1404 adventantibus
721 1363 775 1404 ad
811 1378 852 1404 50
895 1363 1092 1404 fratribus
1127 1362 1282 1413 retulit,
1320 1362 1499 1418 Spiritus
1540 1363 1709 1404 Domini

183 1429 226 1470 in
250 1429 383 1470 cordis
416 1428 502 1484 ejus
528 1429 737 1484 proposito
771 1430 1056 1472 vehementius
1086 1429 1217 1479 irruit,
1240 1433 1364 1483 atque
1385 1429 1486 1470 vitae
1518 1429 1709 1470 solitariae

183 1511 321 1537 50011111
340 1496 478 1537 studia
494 1495 763 1537 meditatione
792 1496 933 1537 sedula
958 1496 1192 1550 parturivit.
1257 1495 1344 1536 Nec
1371 1495 1542 1536 lubrioae
1568 1495 1709 1550 volup-

183 1563 284 1604 tatis
304 1567 448 1617 postea
477 1562 643 1603 colonus
670 1562 844 1613 exstitit,
875 1563 948 1604 sed.
980 1563 1055 1603 sub
1084 1562 1256 1603 seculari
1282 1562 1429 1603 habitu
1449 1562 1580 1617 magis
1605 1577 1709 1603 sem-

184 1644 257 1684 per
276 1629 523 1670 monachum
547 1622 809 1683 51111010110111.

230 1741 239 1761 ¹
259 1739 447 1785 subruis-³0]
471 1738 669 1781 Summisso,
697 1739 738 1771 Β,

227 1787 240 1807 2
262 1786 383 1821 Evulsa
399 1785 545 1831 cespite]
575 1785 701 1818 Evulsa
718 1797 735 1818 e
753 1786 890 1830 cespite,
915 1786 958 1819 H.
1009 1786 1072 1818 800
1089 1785 1146 1818 the
1165 1784 1368 1830 description
1387 1785 1424 1817 of
1445 1785 1494 1819 St.
1515 1784 1709 1818 Cutlibert’s

182 1833 355 1866 residence
372 1838 406 1865 at
424 1832 545 1875 Farne,
563 1832 661 1876 given
677 1832 723 1877 by
739 1832 843 1875 Beda,
862 1832 933 1865 Vit.
953 1832 986 1865 S.
1007 1832 1131 1865 Cuthb.
1151 1843 1223 1876 cap.
1243 1832 1324 1864 xvii.
1344 1828 1361 1877 ξ
1382 1834 1437 1865 30.

229 1880 242 1899 ³
262 1880 410 1913 Fontem.
457 1879 519 1912 See
537 1879 593 1912 the
611 1890 703 1912 same
722 1878 807 1922 Life,
826 1890 897 1924 cap.
916 1879 1010 1912 xviii.
1031 1876 1048 1923 ξ
1068 1881 1123 1912 31.

230 1927 243 1947 4
259 1926 404 1970 quunia.
452 1926 503 1958 Id.
524 1922 541 1969 ξ
562 1928 616 1959 32.

229 1974 242 1992 ⁵
259 1969 475 2017 Praetendit]
501 1972 574 2004 The
601 1971 696 2004 Harl.
721 1971 796 2004 Ms.
814 1971 892 2004 thus
910 1971 1070 2016 proceeds
1089 1971 1169 2003 with
1188 1970 1244 2003 the
1262 1970 1428 2003 narrative
1445 1983 1451 2004 :
1480 1971 1500 1988 ‘⁶
1512 1970 1647 2004 Sciebat
1665 1983 1708 2004 cx

183 2025 303 2052 natura
320 2019 421 2051 maris
439 2024 472 2051 et
490 2018 639 2051 siderum
652 2017 703 2050 vel
722 2018 936 2050 serenitatem
951 2018 1048 2060 aeris,
1063 2017 1115 2050 vel
1133 2017 1262 2050 futuras
1280 2016 1461 2062 praedicere
1478 2022 1709 2062 tempestates.

183 2065 386 2110 Navigando
403 2076 461 2110 per
474 2064 622 2097 diversas
639 2064 803 2108 regiones,
827 2064 901 2097 loca
926 2070 1118 2097 sanctorum
1143 2063 1288 2108 plurima
1313 2063 1481 2105 visitabat,
1507 2075 1648 2107 quorum
1674 2075 1710 2097 50

182 2112 369 2156 patrocinio
401 2110 616 2144 devotissime
645 2110 913 2143 commendabat.
978 2111 1070 2143 Inter
1099 2122 1181 2154 quos
1207 2110 1376 2155 praecipue
1405 2109 1569 2154 templum
1594 2110 1708 2143 Sancti

183 2158 342 2201 Andreae,
361 2157 449 2202 quod
468 2162 518 2190 est
535 2157 568 2189 in
587 2157 710 2198 Scotia,
736 2157 859 2201 saepius
876 2156 1023 2189 invisere
1041 2162 1074 2189 et
1098 2156 1144 2189 ibi
1163 2163 1239 2189 vota
1265 2156 1392 2189 solvere
1418 2156 1603 2189 consuevit.
1653 2157 1707 2189 Ex

183 2204 284 2248 hujus
312 2203 488 2237 occasione
509 2203 638 2236 itineris
661 2202 703 2235 ad
727 2203 872 2236 insulani
895 2202 1142 2246 Lindisfarniae,
1173 2203 1207 2235 in
1233 2215 1298 2247 qua
1322 2202 1465 2235 Sanctus
1493 2202 1573 2235 olim
1602 2202 1710 2235 Cuth-

184 2251 298 2284 bcrtus
317 2250 430 2283 sedem
449 2250 557 2282 tenuit
576 2249 811 2294 episcopalem,
836 2261 898 2283 nec
923 2261 989 2282 non
1010 2249 1053 2282 ad
1072 2249 1216 2282 insulam
1237 2249 1357 2292 Farne,
1379 2249 1437 2282 ubi
1456 2249 1598 2282 Sanctus
1616 2249 1707 2282 idem

183 2297 330 2331 solitarie
344 2297 484 2338 vixerat,
497 2295 622 2341 pluries
640 2295 805 2329 veniebat.
843 2296 907 2339 Ibi,
922 2296 1010 2328 sicut
1027 2296 1099 2340 ipse
1116 2295 1330 2340 postmodum
1349 2295 1523 2337 referebat,
1539 2295 1579 2328 de
1594 2296 1707 2329 Sancti

184 2344 252 2376 vita
282 2343 432 2387 cogitans
462 2342 581 2375 uberes
610 2342 766 2375 lacrimas
792 2342 1025 2387 perfundebat.
1085 2342 1169 2375 Inde
1198 2342 1301 2387 coepit
1328 2341 1369 2375 ad
1397 2341 1601 2374 desiderium
1629 2342 1708 2375 soli-

182 2390 310 2423 tudinis
336 2389 491 2434 aspirare,
519 2395 551 2421 01
569 2388 805 2433 negotiationis
832 2389 926 2422 lucra
954 2388 1093 2422 minoris
1122 2401 1221 2433 quam
1251 2388 1351 2421 fuerit
1380 2388 1500 2421 solitus
1529 2388 1706 2422 aestiniare.

183 2436 413 2470 Deambulans
430 2447 489 2480 per
506 2435 650 2468 insulam
668 2435 723 2468 hic
739 2447 828 2479 genu
845 2435 962 2479 flectit,
980 2435 1034 2468 1110
1053 2435 1161 2468 50111111
1180 2435 1404 2477 deosculatur,
1422 2434 1477 2467 hic
1494 2446 1614 2467 manus
1631 2446 1707 2479 pro-

183 2483 291 2516 tendit
308 2483 342 2515 in
361 2482 495 2524 coelum,
513 2481 654 2514 laudans
672 2480 796 2526 ubique
815 2481 1000 2514 Dominum
1027 2487 1059 2514 et
1084 2481 1237 2515 adorans.
1288 2482 1296 2498 ‘
1310 2481 1401 2521 Hic‚'
1418 2481 1537 2524 inquit,
1557 2482 1707 2515 ‘amicus

185 2530 249 2562 Dei
275 2528 480 2562 Cnthbertus
510 2527 635 2570 orabat,
662 2527 718 2560 hic
736 2528 883 2571 jacebat,
910 2528 966 2561 hic
991 2527 1105 2560 cibum
1135 2527 1299 2572 capiebat,
1329 2527 1384 2560 hic
1412 2527 1537 2560 sanctis
1563 2527 1706 2571 pedibus

184 2582 304 2609 terram
324 2574 418 2617 fodit,
436 2574 492 2606 1110
511 2573 551 2606 (10
574 2585 655 2618 rupe
672 2573 735 2606 sibi
753 2585 856 2618 aquas
873 2574 974 2607 fontis
1001 2574 1140 2607 elicuit.'
1190 2574 1331 2616 Quoties
1357 2572 1399 2606 ad
1424 2573 1568 2605 insulam
1596 2573 1706 2607 Fame

184 2622 275 2655 venit
293 2620 459 2654 Godricus
476 2620 540 2653 hoc
558 2620 658 2652 modo
677 2631 712 2652 sc
729 2619 857 2663 habuit,
875 2620 964 2653 unde
977 2621 1085 2665 magis
1103 2626 1134 2653 et
1152 2620 1259 2664 magis
1273 2620 1305 2652 in
1323 2619 1435 2652 annno
1449 2619 1554 2663 ipsius
1572 2620 1707 2653 affectio

185 2668 342 2701 solitariae
361 2666 622 2700 conversationis
640 2665 817 2699 invaluit.’'
