1839 3186
1616 214 1633 225 μ

541 225 598 256 ET
633 224 896 256 MIRAOULIS
934 223 965 254 s.
1000 223 1213 255 conarer.
1582 214 1620 253 3'

161 329 273 383 §20.
306 328 401 369 Non
422 327 555 369 multo
578 327 726 369 deinde
759 328 896 383 elapso
928 333 1124 382 tempore,
1158 325 1372 382 cujusdam
1406 327 1545 369 divitis
1570 329 1631 369 sui

101 397 383 450 compatriotae
406 395 665 450 dispensator
686 394 860 443 exstitit,
888 395 955 448 qui
976 394 1105 436 totius
1128 394 1273 435 domus
1296 394 1462 435 familiae
1485 410 1567 436 suae
1594 396 1629 436 ei
1654 414 1657 415 ⁷

100 477 241 503 curam
272 468 313 504 et
345 462 662 504 sollicitudinem
689 462 919 517 delegavit3
955 461 1023 515 qui
1059 460 1294 516 hujusmodi
1326 461 1521 516 praelatus
1552 462 1628 503 sol-

97 528 314 580 licitudini,
350 529 392 570 in
435 529 624 570 omnibus
660 528 737 570 sibi
777 527 1013 583 anteposuit
1058 528 1249 569 timorem
1290 527 1384 568 Dei.
1456 528 1628 570 Servare

98 596 264 650 quidem
288 596 480 651 cupiebat
506 595 569 636 1et
600 595 690 637 Deo
712 595 877 636 honoris
900 595 1073 650 gloriam
1098 595 1139 635 in
1164 595 1368 636 imitanda
1390 595 1557 645 virtute,
1585 601 1626 637 et

97 662 248 704 domno
297 678 370 705 suo
418 661 630 704 fidelitatis
680 662 960 704 sinceritatem
1018 677 1111 702 cum
1153 661 1264 702 omni
1308 663 1539 703 reverentia
1584 667 1625 703 et

95 730 277 779 honore3
317 735 361 771 at
385 735 526 771 tamen
552 735 592 771 et
618 729 817 784 proximis
845 728 1154 771 devotissimam
1176 729 1401 784 puritatem
1421 729 1464 770 in
1485 729 1623 770 multi-

93 797 227 838 modae
252 797 545 839 familiaritatis
568 796 704 851 gra-tia
731 802 772 837 et
794 796 1003 838 societatis
1030 811 1182 837 amore.
1254 796 1317 837 At
1343 795 1438 850 quia
1459 796 1623 851 plurimi

94 864 135 904 in
160 864 305 905 eadem
327 864 474 905 domus
499 863 656 904 familia
667 863 854 920 juniores
877 869 1001 904 aetate
1024 863 1283 913 exstiterant,
1311 863 1378 917 qui
1402 879 1503 918 opus
1528 863 1623 904 fidei

94 930 245 985 iniquis
278 931 470 986 operibus
502 930 817 986 2profanabant,
860 931 1170 985 attemptabant
1210 930 1359 985 singuli
1395 946 1537 971 eorum
1574 936 1621 971 ut

94 998 224 1039 solitae
257 997 475 1053 pravitatis
507 1012 589 1038 suae
622 998 776 1038 scelera
810 997 944 1052 ipsum
976 997 1166 1047 laterent,
1190 1002 1231 1038 et
1268 997 1375 1038 clam
1406 1012 1488 1038 suae
1520 1012 1623 1051 opus

89 1065 282 1119 nequitiae
324 1069 641 1119 perpetrarent3
675 1068 876 1105 noverant
916 1064 1082 1118 quidem
1125 1064 1221 1118 quia
1261 1064 1294 1105 si
1329 1064 1464 1118 aliquo
1500 1064 1623 1104 modo

89 1131 271 1186 ipsorum
300 1130 456 1173 fraudis
477 1146 636 1173 venena
660 1131 903 1182 dinosceret,
926 1131 1162 1172 nullatenus
1183 1146 1325 1171 eorum
1349 1131 1623 1172 ministerium

91 1198 199 1240 circa
230 1198 429 1240 domnum
470 1213 590 1240 suum
629 1198 868 1252 aliquandiu
904 1198 1137 1239 sustineret.
1209 1197 1335 1238 Unde
1371 1198 1544 1253 contigit
1575 1204 1623 1238 ut

91 1264 302 1321 superficie
335 1271 456 1307 tenus
487 1265 634 1306 timore
667 1265 961 1320 dispensatoris
989 1264 1180 1320 praedicti
1206 1280 1230 1305 a
1254 1265 1376 1306 rebus
1398 1264 1537 1305 domni
1560 1265 1621 1306 sui

89 1332 199 1374 furto
231 1332 533 1383 subtrahendis,
567 1347 638 1373 seu
669 1332 964 1386 alio-quolibet
986 1331 1108 1372 modo
1147 1330 1340 1387 injuriose
1377 1332 1619 1382 tractandis,

89 1414 216 1441 manu
235 1404 526 1455 temperarent,
560 1399 633 1440 sed
660 1404 801 1440 tamen
824 1398 863 1439 in
888 1398 1031 1440 alienis
1051 1399 1173 1440 rebus
1194 1398 1402 1448 laedendis,
1427 1413 1497 1440 seu
1527 1399 1620 1440 sub-

90 1466 254 1508 stantiis
276 1466 527 1521 diripiendis,
551 1467 616 1507 vel
638 1466 765 1507 etiam
796 1465 1042 1507 animalibus
1072 1471 1195 1520 raptu
1221 1465 1467 1515 auferendis,
1491 1466 1620 1506 omni-

89 1533 224 1575 modis
256 1533 444 1575 insistere
474 1538 769 1587 procurarent3
805 1537 846 1573 et
882 1537 1001 1573 tauto
1035 1532 1195 1574 avidius
1232 1532 1366 1573 aliena
1396 1532 1617 1583 laedebant,

91 1605 244 1655 quanto
272 1600 408 1642 minus
437 1599 577 1640 domni
609 1600 670 1641 sui
700 1599 866 1641 divitias
887 1600 1106 1654 ampliores
1138 1600 1375 1654 contingere
1406 1615 1489 1640 non
1520 1615 1620 1655 pree-

90 1672 361 1722 sumpserant.
424 1666 497 1707 Ad
531 1667 695 1721 rapinas
726 1666 854 1722 igitur
891 1667 956 1708 vel
988 1667 1101 1708 furta
1137 1666 1334 1716 conversi,
1372 1667 1620 1708 esurientem

90 1734 270 1775 animam
312 1733 414 1775 furti
456 1733 641 1787 nequitia
690 1734 912 1782 satiabant,
970 1733 1038 1788 qui
1082 1734 1206 1774 noxio
1248 1733 1386 1774 animo
1434 1733 1619 1775 innocuis

89 1801 280 1842 manibus
316 1800 387 1842 vix
431 1815 456 1841 a
498 1799 638 1840 domni
680 1801 741 1841 sui
785 1800 1051 1841 fraudulenta
1088 1800 1272 1854 nequitia
1315 1800 1616 1854 temperabant.

90 1867 276 1921 Cumque
297 1867 512 1921 aliquoties
543 1867 716 1907 aliorum
745 1882 840 1908 oves
864 1882 935 1908 seu
956 1872 1145 1907 armenta
1175 1882 1273 1907 nece
1304 1867 1419 1907 illata
1450 1867 1620 1908 subdole

81 1932 354 1989 jugulassent,
382 1933 679 1988 decoriatisque
700 1934 810 1989 ipsis,
836 1949 978 1975 carnes
1003 1933 1114 1973 domi
1140 1933 1396 1983 detulissent,
1425 1933 1617 1975 dicebant

91 2016 131 2042 se
160 2001 225 2042 vel
249 2006 443 2042 venatum
474 2000 564 2050 isse,
588 2001 653 2041 vel
684 2000 871 2055 aucupio,
906 2016 977 2041 seu
1009 2000 1190 2054 quolibet
1215 2000 1295 2040 alio
1321 2000 1421 2041 artis
1456 2000 1618 2055 ingenio

89 2068 190 2108 talia
229 2067 485 2122 perquisisse.
548 2067 742 2108 Edebant
777 2067 903 2122 igitur
944 2072 985 2107 et
1019 2067 1229 2116 bibebant,
1270 2072 1310 2108 et
1353 2082 1619 2121 quaecumque

89 2134 259 2189 pinguia
289 2134 573 2183 comedebant,
607 2139 648 2175 et
681 2134 767 2175 dies
797 2134 922 2175 festos
953 2133 1094 2189 gaudii
1130 2134 1251 2175 simul
1287 2139 1328 2175 et
1367 2133 1543 2175 convivii
1577 2134 1618 2175 in

89 2202 227 2242 orbem
247 2200 452 2242 ducebant
476 2218 486 2249 ;
522 2216 615 2241 cum
630 2200 777 2255 quibus
802 2206 842 2242 et
862 2201 947 2255 ipse
966 2200 1222 2255 dispensator
1247 2201 1398 2256 saepius
1419 2200 1619 2242 invitatus

89 2268 144 2308 ad
175 2267 362 2309 convivia
405 2268 610 2315 veniebat,
647 2272 688 2308 et
731 2267 817 2309 dies
858 2268 899 2308 in
936 2267 1083 2308 laetitia
1118 2272 1159 2307 et
1210 2267 1619 2309 commessationibus

90 2349 182 2375 cum
205 2334 284 2376 illis
307 2334 582 2389 expendebat.

150 2401 171 2455 ξ
196 2404 263 2443 21.
298 2401 501 2456 Denique,
528 2401 624 2455 quia
645 2401 828 2455 nequitia
850 2400 1009 2442 3fraudi
1034 2401 1146 2442 tibiis
1170 2401 1342 2443 aduncis
1363 2402 1433 2442 vix
1463 2401 1618 2443 diutius

90 2472 227 2522 potest
265 2468 472 2522 obrepere,
507 2469 627 2523 coepit
660 2473 700 2508 et
732 2483 873 2509 eorum
906 2468 1180 2509 simulationis
1223 2468 1378 2510 astutia
1416 2468 1617 2523 paulatim

88 2534 176 2576 viro
208 2534 288 2575 Dei
319 2534 575 2576 manifestius
597 2535 766 2575 elucere.
839 2535 1028 2588 Namque
1069 2535 1167 2575 dum
1199 2535 1321 2575 modo
1353 2526 1473 2585 frixa,
1511 2550 1619 2575 nunc

91 2601 211 2650 elixa,
235 2601 479 2655 quandoque
502 2601 626 2642 etiam
645 2601 793 2642 farcita
814 2602 993 2643 verubus
1015 2602 1191 2643 assanda
1212 2600 1475 2656 configerent,
1499 2602 1618 2641 nihil—

90 2682 167 2720 que
189 2668 344 2722 saporis
366 2667 499 2709 carnis
518 2667 719 2709 venaticae
733 2668 998 2722 gustantibus
1019 2668 1261 2723 sapuissent,
1286 2668 1433 2722 saepius
1454 2668 1507 2708 ad
1529 2668 1619 2708 illos

90 2733 152 2775 vir
196 2733 276 2774 Dei
318 2734 499 2784 advenit,
543 2734 696 2784 dicens,
730 2739 755 2756 “
780 2734 975 2786 Videte,''
1016 2735 1163 2789 inquit,
1202 2738 1225 2756 “
1251 2733 1376 2783 filioli,
1420 2749 1470 2774 116
1511 2734 1617 2775 forte

185 2843 193 2861 ¹
223 2843 271 2876 Et
292 2842 396 2889 Deo]
426 2843 471 2876 Et
488 2843 564 2876 ideo
581 2843 718 2876 honoris
731 2843 871 2888 gloriam
890 2843 1055 2876 imitanda
1071 2848 1165 2876 tanta
1182 2844 1285 2876 animi
1304 2843 1437 2887 virtute,
1457 2844 1503 2877 H.

183 2889 196 2910 ²
223 2888 482 2935 Prcfimabanc]
512 2889 782 2934 Prophanabant,
803 2889 902 2923 MSS.

189 2936 200 2954 ³
224 2935 380 2981 Fraudass]
409 2936 563 2979 Fraudis,
586 2935 632 2969 H.

1376 2997 1435 3027 112
