1839 3186
550 230 609 260 ET
645 230 912 264 MIRACULIS
950 233 984 264 S.
1012 232 1224 264 GODRICI.
1571 226 1653 265 423

556 401 661 426 CLIII.
695 402 745 427 DE
776 402 1010 428 EPILENTICO
1040 402 1211 428 CURATO.

175 495 314 547 §523
352 497 526 550 QmDAM
568 498 631 540 vir
667 498 717 539 de
753 497 982 540 Olakestun
1019 496 1149 539 filium
1188 497 1454 553 epilenticum
1489 497 1650 547 habuit,

117 576 238 615 quem
259 578 332 618 per
353 579 482 606 annos
502 564 701 619 plurimos
733 580 805 620 per
825 565 980 606 multos
1009 564 1193 606 medicos
1216 563 1458 619 perducens,
1483 563 1585 603 nihil
1615 564 1650 604 ei

116 628 282 670 omnino
303 630 475 672 remedii
505 630 744 673 adinvenire
774 631 1006 687 praevaluit.
1077 630 1265 672 Tandem
1297 629 1449 672 salubri
1481 630 1649 670 consilio

115 694 355 746 adinvento,
379 695 509 738 filium
531 703 794 753 agrotantem
814 714 952 740 secum
974 697 1029 739 ad
1050 697 1312 753 sepulchrum
1335 696 1411 738 viri
1447 695 1528 737 Dei
1560 711 1650 751 per-

116 760 251 811 duxit,
276 778 397 816 quem
429 768 470 805 et
492 764 549 805 ibi
580 779 696 806 secus
726 765 916 807 tumbam
946 765 1130 806 locatum
1161 763 1390 805 constituit.
1455 762 1539 803 Per
1562 763 1649 803 dies

112 826 242 881 igitur
267 833 351 871 tres
386 830 443 871 ibi
479 831 728 882 demoratus,
752 830 882 874 filium
918 846 1037 874 suum
1071 846 1217 873 sanum
1245 829 1415 886 recepit,
1447 828 1649 871 incolum-

112 908 257 949 emque
279 910 417 938 secum
439 897 550 938 domi
574 897 755 940 reduxit.

540 1061 643 1087 CLIV.
675 1061 726 1086 DE
757 1060 914 1087 INSENSI
947 1060 994 1085 ET
1024 1060 1213 1086 FURENTI.

171 1141 193 1196 ξ
217 1144 314 1185 524.
354 1142 484 1185 Eccoc
506 1159 613 1186 uxor
636 1144 841 1186 Willelmi
866 1149 1140 1199 cognomento
1172 1144 1222 1185 de
1247 1143 1469 1184 Waltham
1491 1143 1533 1185 in
1557 1143 1646 1185 Du-

110 1208 247 1250 nelmo
278 1211 571 1261 conversantis,
603 1210 735 1252 filium
770 1211 976 1266 quendam
1011 1210 1274 1251 Willelmum
1305 1211 1470 1251 nomine
1502 1225 1646 1251 exsen—

111 1289 196 1316 sem
227 1275 387 1327 habuit,
422 1278 491 1331 qui
522 1278 582 1319 ita
617 1277 762 1319 rabido
795 1293 908 1318 more
945 1277 1076 1318 furuit
1111 1277 1221 1331 quod
1256 1277 1428 1317 modum
1459 1277 1645 1318 omnium

110 1346 282 1384 eatenus
311 1348 506 1385 notorum
542 1345 600 1386 eis
630 1344 857 1385 furentium
889 1343 1124 1385 excesserit,
1189 1343 1270 1396 Qui
1299 1343 1340 1384 1a
1374 1343 1479 1384 festo
1503 1343 1647 1384 Sancti

110 1406 293 1450 Andreae
316 1424 444 1464 usque
475 1411 530 1452 ad
550 1410 692 1466 vigilia
713 1411 857 1452 Sancti
879 1410 909 1451 J
913 1410 1088 1452 ohannis
1112 1409 1315 1465 Baptistae
1337 1409 1379 1450 in
1404 1424 1452 1450 ea
1473 1409 1644 1452 infirmi-

108 1478 196 1515 tate
217 1475 485 1530 perduravit;
519 1477 629 1519 unde
661 1482 750 1518 tam
775 1478 901 1518 matri
929 1491 1079 1518 exosus
1103 1491 1227 1530 quam
1249 1476 1517 1530 desperabilis
1547 1476 1643 1518 fuit.

110 1540 244 1593 Quem
284 1542 354 1583 illo
394 1544 643 1598 perductum
683 1544 738 1585 ad
779 1548 905 1598 caput
941 1543 1146 1598 sepulchri
1177 1542 1419 1591 constituit3
1465 1543 1538 1584 sed
1576 1543 1643 1584 die

108 1608 290 1649 secunda
320 1624 401 1663 qua
435 1611 504 1652 illo
542 1611 677 1666 ipsum
714 1610 925 1665 perduxit,
958 1609 1088 1650 filium
1119 1624 1266 1651 sanum
1296 1608 1494 1664 percepit.
1558 1609 1643 1651 Hic

106 1679 231 1728 caput
263 1690 426 1730 semper
463 1692 682 1720 recurvum
718 1677 773 1718 ad
802 1677 997 1719 humeros
1026 1676 1188 1726 habuit,
1214 1691 1290 1717 nec
1320 1675 1424 1717 illud
1458 1692 1641 1731 unquam

106 1745 231 1782 antea
251 1746 362 1783 recte
384 1743 588 1786 directum
610 1750 751 1785 tenere
773 1743 1005 1798 praevaluit,
1029 1742 1102 1784 sed
1123 1742 1179 1784 ibi
1200 1743 1320 1798 plene
1342 1743 1574 1798 praevaluit.

565 1923 651 1949 cLV.
685 1924 737 1949 DE
767 1924 874 1950 GAECO
904 1923 1173 1950 ILLUMINATO.

162 2026 184 2080 ᾗ
208 2026 306 2066 525.
343 2024 565 2065 UCTREDUs
604 2024 654 2064 de
693 2023 846 2065 Ulchel
881 2022 946 2064 ²et
984 2037 1091 2063 uxor
1125 2020 1224 2077 ejus,
1266 2019 1396 2061 filium
1432 2020 1639 2074 quendam

104 2091 334 2132 Henricum
369 2091 535 2132 nomine
566 2090 726 2141 habuit,
750 2090 818 2145 qui
848 2105 922 2145 per
942 2103 1073 2130 annos
1103 2088 1207 2130 duos
1236 2087 1391 2128 lumine
1422 2086 1636 2127 oculorum

100 2157 288 2212 privatus
317 2157 410 2199 fuit.
481 2157 562 2210 Qui
594 2172 716 2211 super
746 2157 885 2198 oculos
919 2156 1036 2211 pueri
1071 2154 1311 2196 3denarium
1346 2153 1400 2194 ad
1433 2152 1636 2194 Sanctum

102 2224 306 2265 Thomam
330 2238 425 2265 cum
447 2228 545 2265 voto
567 2224 900 2273 incurvaverunt,
924 2237 989 2264 sec
1011 2222 1069 2263 nil
1092 2222 1152 2262 ita
1183 2219 1456 2276 proficientes,
1481 2234 1634 2260 caecum

100 2306 240 2332 secum
273 2290 328 2331 ad
360 2290 561 2331 Sanctum
595 2290 822 2330 Godricum
855 2289 1170 2344 perduxerunt3
1206 2287 1275 2342 qui
1305 2286 1374 2327 illo
1407 2286 1633 2341 perductus

96 2357 231 2398 visum
252 2356 421 2411 recepit,
445 2360 486 2397 et
508 2356 667 2397 cunctis
687 2355 967 2411 gaudentibus
987 2359 1106 2410 pater
1128 2354 1342 2395 denarium
1362 2367 1483 2406 quem
1506 2352 1633 2393 Sanc-

96 2428 141 2464 to
183 2423 354 2464 Thomae
401 2427 657 2472 curvaverat,
699 2422 759 2462 illi
802 2422 970 2463 obtulit.
1061 2421 1191 2462 Forte
1235 2419 1402 2474 quidem
1453 2418 1633 2461 Sanctus

98 2489 280 2531 Thomas
301 2504 407 2530 caeco
427 2488 569 2529 lumen
588 2488 760 2530 reddere
781 2489 931 2539 renuit,
951 2492 992 2528 et
1013 2487 1106 2529 ideo
1129 2487 1284 2528 Sancto
1307 2485 1487 2527 Godrico
1508 2484 1631 2540 hujus

95 2555 264 2598 virtutis
291 2555 536 2596 miraculum
558 2555 798 2605 reservavit,
820 2560 868 2595 ut
890 2554 1034 2609 quanti
1065 2554 1204 2595 meriti
1228 2553 1406 2594 Sanctus
1429 2551 1633 2593 Godricus

95 2622 214 2673 foret,
238 2621 492 2671 ostenderet,
515 2620 584 2675 qui
606 2621 665 2662 illi
686 2621 728 2663 in
750 2621 838 2663 coeli
859 2621 991 2677 gloria
1012 2620 1191 2663 concivis
1212 2623 1419 2675 regnaret.

142 2778 150 2796 ¹
169 2773 300 2817 Afesto
319 2773 353 2807 S.
369 2772 538 2819 Andreae.]
575 2773 679 2807 From
697 2776 742 2807 30
761 2773 852 2807 Nov.
871 2780 905 2806 to
924 2775 968 2807 23
986 2772 1087 2806 June.

138 2822 152 2840 ²
170 2820 219 2853 Et
235 2831 319 2853 uxor
334 2820 429 2866 ejus]
454 2820 566 2853 These
583 2820 677 2853 three
694 2820 803 2853 words
820 2831 876 2853 are
894 2818 1088 2864 expuncted
1106 2818 1140 2851 in
1158 2817 1215 2851 the
1234 2817 1367 2863 Bodley
1385 2817 1474 2861 MS.,
1493 2816 1553 2850 but
1571 2816 1628 2850 thc

93 2865 289 2900 conclusion
307 2866 344 2899 of
357 2866 414 2900 the
432 2866 598 2899 narrative
616 2866 779 2899 demands
795 2865 884 2899 their
900 2865 1079 2899 retention.

140 2913 153 2932 ³
173 2911 390 2958 Denarium]
418 2913 481 2947 See
500 2912 517 2958 ξ
536 2914 615 2956 493,
633 2912 700 2946 and
717 2912 774 2946 the
791 2918 882 2946 note.
