1839 3186
518 253 578 284 ET
613 252 881 284 MIRACULIS
917 253 954 284 s.
983 252 1199 284 GODRICI.
1545 242 1628 283 229

88 457 173 483 CAP.
212 456 275 482 CX.
346 455 538 484 QUOMODO
574 453 821 480 POSTULANTI
867 453 1012 478 FRATRI
1055 453 1214 482 QUARTO
1261 453 1328 478 DIE
1374 453 1482 478 ANTE
1532 452 1624 477 EJUS

146 522 301 549 OBITUM
346 522 389 547 SE
433 521 508 546 PRO
551 521 599 546 EO
649 521 859 545 MISSURUM
896 520 1096 554 PROMISIT,
1142 519 1275 548 ATQUE
1318 520 1370 544 UT
1421 519 1625 544 PRAEDleT

146 589 271 615 OPERE
292 589 341 614 ET
377 588 523 613 MANDA
531 588 578 613 TO
608 586 901 612 COMPLEVERIT·
914 570 925 591 l

145 688 163 740 ἕ
186 688 284 729 216.
316 686 561 728 AEGROTARE
583 685 761 740 quodam
782 690 968 740 tempore
985 685 1106 740 coepit
1128 685 1190 727 vir
1212 685 1291 727 Dei
1313 686 1397 728 fere
1418 701 1546 740 usque
1567 685 1622 727 ad

88 759 276 804 mortem,
301 753 411 808 quod
431 753 627 794 fratribus
646 767 745 793 mox
760 752 1052 793 Dunelmensis
1069 751 1265 794 Ecclesiae
1287 752 1621 803 Qdenunciatum,

92 821 291 876 quosdam
312 835 363 860 ex
384 820 581 860 fratribus
604 818 657 859 ad
678 818 805 873 ipsius
827 818 1028 859 citaverat
1052 818 1289 859 unctionem
1310 837 1320 867 ς
1357 835 1436 873 quo
1457 819 1626 860 inuncto

91 893 132 929 et
155 903 258 943 pene
283 886 474 927 morienti
501 885 721 934 simillimo,
745 885 913 938 quidam
935 885 1123 934 fratrum,
1147 886 1311 926 nomine
1334 885 1624 935 ³Benedictus,

91 953 240 995 anxius
271 952 511 1007 perquisivit
533 951 696 1005 quando
715 966 757 992 se
781 951 1029 991 moriturum
1051 951 1241 992 credidit.
1303 951 1376 992 Ad
1397 967 1519 1006 quem
1540 952 1622 1000 ille,

95 1025 120 1043 “
144 1020 231 1061 Nec
263 1019 314 1060 (16
341 1019 419 1059 hac
449 1017 693 1073 aegritudine
722 1017 846 1057 modo
877 1017 1077 1057 morietur
1099 1017 1315 1069 Godricus,
1353 1018 1426 1059 sed
1456 1018 1552 1058 licet
1584 1018 1626 1058 in

91 1087 281 1142 proximo
322 1085 388 1134 sit,
433 1099 514 1124 non
555 1089 696 1124 tamen
732 1083 773 1123 in
813 1084 890 1123 hoc
926 1083 1155 1137 tempore.”
1226 1084 1343 1124 Tunc
1383 1084 1510 1125 frater
1543 1084 1625 1133 ille,

94 1158 118 1175 “
142 1153 306 1193 Ι)0111116
327 1151 398 1206 mi,
422 1151 601 1200 obsecro,
633 1155 680 1190 ut
710 1149 873 1203 quando
902 1149 988 1190 dies
1010 1149 1069 1189 tui
1094 1149 1292 1191 transitus
1314 1150 1390 1191 tibi
1412 1150 1624 1199 institerit,

93 1224 190 1260 tuus
226 1217 478 1258 Benedictus
507 1218 585 1257 hoc
623 1231 648 1256 a
683 1222 724 1256 te
758 1215 959 1269 praescire,
997 1221 1037 1255 et
1075 1215 1157 1256 tuis
1190 1216 1386 1257 interesse
1425 1217 1630 1270 exsequiis

95 1284 263 1341 possit.”
333 1283 492 1335 Quibus
521 1282 584 1323 vir
611 1282 704 1331 Dei,
730 1287 754 1304 ‘⁶
776 1282 951 1331 Revera,
984 1280 1054 1330 fili,
1093 1287 1239 1335 quarto
1274 1282 1339 1322 die
1372 1283 1632 1337 praecedente

96 1352 256 1392 obitum
279 1365 431 1398 meum,
456 1348 644 1389 accersiri
666 1354 707 1389 te
728 1348 878 1388 faciam
895 1348 949 1388 ad
970 1363 1035 1388 me
1050 1363 1122 1402 per
1143 1347 1321 1401 aliquem
1347 1349 1629 1390 ministrorum

94 1417 322 1459 meorum.”
384 1414 761 1456 Intercurrentibus
794 1414 950 1467 aliquot
986 1415 1115 1463 annis,
1152 1413 1334 1455 instante
1381 1415 1446 1456 die
1486 1415 1633 1456 mortis

95 1484 172 1526 viri
195 1483 288 1533 Dei,
316 1482 493 1523 eundem
514 1481 682 1521 fratrem
709 1480 762 1521 ad
793 1495 834 1521 se
856 1481 1096 1528 accersivit;
1133 1481 1201 1533 qui
1221 1481 1320 1530 dies,
1343 1486 1390 1522 ut
1412 1481 1497 1536 ipse
1520 1482 1633 1535 prius

97 1551 430 1606 prophetaverat,
455 1553 625 1601 quartus
641 1547 693 1587 ab
713 1547 829 1587 obitu
850 1546 957 1588 illius
983 1546 1158 1587 exstitit.
1221 1547 1379 1599 Quarto
1402 1547 1550 1588 dehinc
1569 1546 1634 1588 die

96 1616 151 1658 ad
172 1615 259 1671 ejus
280 1615 495 1669 exsequias
515 1613 647 1662 affuit,
667 1618 708 1653 et
729 1618 828 1653 tunc
848 1627 941 1653 vere
964 1613 1098 1653 virum
1123 1612 1203 1653 Dei
1225 1613 1372 1667 spiritu
1394 1614 1635 1668 prophetico

101 1682 342 1738 praepollere
380 1680 606 1736 persensitg
641 1694 801 1734 nempe,
837 1684 878 1719 et
911 1679 1021 1719 diem
1058 1683 1264 1720 statutum
1301 1686 1342 1721 et
1386 1681 1633 1735 promissum

99 1754 195 1790 ante
229 1762 357 1789 annos
393 1747 549 1801 aliquot
581 1746 729 1795 tenuit,
764 1750 804 1786 et
834 1744 1027 1799 quicquid
1049 1745 1289 1800 prophetice
1320 1747 1509 1801 promisit
1541 1746 1636 1787 46)(-

98 1815 233 1857 solvit.

99 1925 224 1958 similis
250 1930 338 1957 esset
355 1924 536 1968 armigero.
589 1924 671 1957 Post
688 1923 832 1956 Missam
860 1934 939 1956 aure
959 1922 1095 1966 juvenis
1118 1922 1239 1955 leniter
1264 1921 1483 1967 apprehensa,
1509 1921 1641 1954 monuit

104 1983 182 2005 eum
200 1983 242 2004 ne
260 1970 406 2015 amplius
432 1969 583 2003 ordinem
610 1981 709 2003 suum
736 1969 950 2002 dissimulare
976 1975 1207 2013 preesumeret.
1258 1968 1465 2012 ‘Indignum
1494 1967 1568 2010 est‚’
1588 1967 1639 1999 in-

102 2018 185 2062 quit,
206 2019 213 2035 ί
229 2017 292 2050 Dei
312 2017 399 2050 dona
416 2017 586 2062 percipere
605 2017 660 2061 qui
687 2028 810 2049 munus
829 2022 1006 2060 acceptum
1025 2027 1044 2048 a
1062 2015 1147 2058 Deo,
1169 2015 1254 2058 Ejus
1273 2015 1442 2059 obsequiis
1460 2020 1559 2058 negat
1577 2014 1640 2046 im—

101 2063 270 2110 pendere.⁷
284 2062 305 2077 '⁹

152 2111 162 2130 1
189 2110 229 2143 In
248 2109 304 2142 the
324 2109 408 2142 Harl
439 2109 514 2143 MS.
534 2109 672 2154 chapter
690 2108 901 2142 LXXXIX.

150 2156 163 2174 ²
182 2154 454 2201 Denunciatum]
483 2155 710 2188 Denunciavit
728 2162 771 2198 61,
793 2155 840 2189 H.

151 2205 163 2224 ³
187 2202 407 2247 Benedictus]
431 2202 493 2235 See
512 2201 528 2246 ξ
549 2204 624 2235 182.

151 2251 164 2270 ⁴
185 2247 368 2294 Exsolvit]
397 2250 416 2266 ‘⁶
432 2248 494 2281 Vir
512 2254 648 2281 sanctus
667 2247 813 2292 quodam
832 2253 983 2291 tempore
1008 2247 1153 2291 graviter
1178 2247 1364 2291 aegrotavit,
1383 2253 1584 2292 quapropter
1601 2246 1644 2280 ad

106 2297 212 2341 ipsius
237 2295 433 2328 unctionem
460 2294 578 2327 fratres
604 2293 846 2326 Dunelmensis
873 2293 1036 2326 Ecclesiae
1062 2300 1300 2326 convenerunt.
1354 2293 1525 2327 Unctione
1555 2305 1647 2326 eom—

107 2343 208 2387 pleta,
228 2341 365 2386 quidam
383 2341 536 2381 fratrum,
559 2340 696 2372 nomine
718 2339 936 2382 Benedictus,
956 2339 1173 2383 interrogavit
1191 2351 1269 2372 eum
1289 2339 1423 2384 quando
1442 2351 1477 2372 se
1495 2339 1647 2372 crederet

109 2389 322 2422 moriturum.
372 2387 427 2420 Ad
445 2398 545 2430 quem
564 2386 620 2418 ille
637 2398 643 2419 :
672 2387 681 2403 ⁴
695 2386 864 2418 Godrieus
882 2397 944 2418 nec
963 2396 1005 2418 ex
1030 2386 1094 2418 hac
1120 2385 1328 2428 infirmitate,
1347 2397 1408 2418 1160
1427 2386 1459 2417 111
1478 2386 1541 2419 hoc
1560 2392 1646 2418 tem-

110 2446 189 2480 pore
215 2432 399 2467 morietur?
451 2432 547 2465 Tunc
568 2432 680 2474 frater,
700 2433 708 2449 ζ
723 2432 896 2474 Obsecro,'
915 2432 973 2474 ait,
993 2431 1150 2474 ‘domne,
1169 2438 1206 2464 ut
1224 2438 1302 2464 tuus
1329 2431 1535 2465 Benedictus
1561 2443 1647 2476 prae-

111 2481 196 2514 scire
221 2480 270 2513 tui
297 2479 458 2512 transitus
488 2478 577 2511 diem
605 2484 637 2510 et
663 2478 730 2511 tuis
762 2478 923 2510 interesse
953 2478 1060 2522 possit
1088 2478 1282 2522 cxsequiis.'
1332 2481 1339 2495 ‘
1356 2478 1508 2521 Reveraj
1527 2478 1648 2522 inquit,

112 2527 197 2568 ι1111,
218 2532 336 2571 quarto
364 2525 417 2558 die
443 2524 645 2569 praecedenti
672 2530 705 2556 te
732 2524 854 2557 faciam
881 2523 1061 2557 accersiri!
1123 2523 1223 2556 Vixit
1252 2530 1367 2557 autem
1397 2523 1524 2568 aliquot
1553 2524 1650 2556 annis

113 2579 240 2618 postea,
259 2578 292 2605 61
315 2571 370 2604 1116
401 2577 518 2615 quarto
543 2571 597 2603 (116
623 2576 701 2603 ante
727 2570 833 2615 ipsius
857 2569 987 2602 obitum
1011 2576 1150 2603 vocatus
1173 2570 1321 2613 advenit,
1345 2576 1378 2604 et
1401 2570 1585 2615 exsequiis,
1611 2575 1648 2602 ut

112 2619 284 2664 pollicitus
302 2624 382 2661 erat,
401 2616 591 2650 interfuit.”
618 2617 730 2650 Anon.
751 2615 911 2649 Harleian
931 2615 1081 2660 Legcnd.
