1839 3186
189 172 273 213 464
711 178 944 210 LIBELLUs
981 179 1045 209 DE
1081 179 1197 210 VITA

186 289 350 335 verant,
383 289 425 325 et
454 288 614 339 patrem
648 288 689 325 et
713 283 855 325 villam
886 298 968 337 qua
999 282 1175 338 degebat
1215 298 1309 325 cum
1340 284 1593 338 parentibus,
1627 286 1728 327 satis

190 356 312 393 notos
338 350 583 392 ¹habebant.

188 516 293 543 CCXI.
333 517 384 541 DE
414 516 641 542 PROPHETIA
673 516 760 540 VIRI
796 516 875 550 DEI,
908 516 957 540 ET
992 515 1109 541 OBITU
1147 515 1357 541 CUJUSDAM
1390 515 1725 542 ADOLESCENTULI.

248 615 266 667 ᾧ
294 617 391 657 593.
427 614 766 655 PATERFAMILIAS
789 614 958 668 quidam
982 614 1023 654 in
1047 613 1254 655 Dunelmo
1280 615 1455 667 exstitit,
1480 616 1549 669 qui
1571 618 1729 672 negoti-

190 697 308 723 orum
331 682 620 736 temporalium
650 696 738 735 quae
761 681 823 722 vir
855 680 935 721 Dei
959 680 1105 721 habuit
1134 680 1373 722 familiarior
1397 688 1638 736 procurator
1659 699 1729 725 ex-

189 748 334 789 sistere
355 748 580 795 consuevit;
609 747 677 802 qui
695 748 862 789 thorum
880 747 983 788 sacri
1001 747 1193 788 connubii
1210 747 1529 799 adulteraverat,
1542 754 1583 790 et
1600 748 1729 791 filium

190 815 366 855 nothum
389 814 440 855 de
462 814 690 855 concubina
720 814 863 868 pellice
895 818 1176 869 generaverat,
1201 829 1322 867 quem
1354 829 1477 868 quam
1505 816 1729 869 plurimum

191 881 351 922 dilexit.
386 880 479 923 Viri
498 881 577 922 Dei
598 880 955 921 benedictionibus
969 879 1084 920 illum
1099 880 1392 922 commendans
1406 881 1525 932 dixit,
1546 886 1571 903 ‘⁶
1587 882 1727 933 Pater,

190 946 274 988 filio
295 962 386 988 meo
407 947 655 996 benedicito,
679 947 774 1001 quia
794 946 891 987 licet
912 946 953 986 in
985 946 1188 987 adulterio
1221 962 1315 988 eum
1339 948 1564 1002 genuerim,
1587 953 1729 990 tamen

192 1012 353 1054 confido
376 1013 486 1067 quod
510 1013 646 1054 adhuc
668 1012 755 1068 ejus
777 1012 791 1034 2
806 1013 848 1054 in
873 1013 1130 1054 sacerdotem
1156 1013 1433 1064 consecrandi,
1455 1014 1543 1056 vita
1564 1015 1727 1065 comite,

195 1080 370 1122 Missam
393 1080 612 1121 auditurus
633 1080 750 1121 sim.”
796 1079 955 1132 Quibus
977 1079 1038 1120 vir
1061 1079 1153 1130 Dei,
1179 1084 1204 1101 ‘²
1225 1079 1471 1121 Literaturae
1493 1081 1644 1123 notitia
1664 1082 1728 1123 fac

192 1147 309 1188 illum
330 1146 555 1196 informari,
579 1147 674 1200 quia
695 1146 801 1187 forte
823 1146 940 1187 bonae
962 1145 1098 1186 adhuc
1125 1146 1275 1187 indolis
1296 1146 1533 1190 adolescens
1560 1149 1726 1202 poterit,

193 1213 284 1254 Deo
309 1213 563 1268 providente,
585 1212 685 1254 fieri.
748 1212 810 1254 At
833 1217 974 1253 tamen
1004 1227 1215 1266 nunquam
1239 1213 1294 1253 ad
1324 1213 1543 1254 sacerdotii
1569 1215 1728 1269 apicem

192 1280 427 1335 pertinget3
464 1285 505 1320 et
537 1279 723 1334 quamvis
745 1279 795 1320 de
827 1294 874 1320 eo
905 1279 1085 1334 gaudere
1116 1279 1158 1320 in
1190 1279 1325 1320 seculo
1349 1280 1491 1335 possis,
1517 1295 1728 1335 nunquam

192 1352 334 1388 tamen
357 1345 443 1401 ejus
467 1346 642 1388 Missam
665 1346 883 1387 auditurus
906 1345 1025 1386 eris.”
1088 1345 1190 1387 Post
1222 1346 1382 1387 obitum
1412 1361 1508 1388 vero
1540 1347 1616 1388 viri
1648 1348 1728 1388 Dei

192 1412 492 1454 adolescentior
508 1412 690 1463 effectus,
714 1412 814 1468 ligni
838 1412 991 1467 pedum
1016 1411 1198 1452 materiae
1221 1412 1298 1453 sibi
1319 1413 1561 1467 praecisurus
1585 1414 1639 1455 ad
1660 1429 1730 1455 ne-

193 1495 286 1521 mus
306 1479 348 1520 in
371 1494 450 1533 quo
466 1493 612 1534 corpus
632 1479 760 1534 ipsius
781 1484 971 1520 sanctum
994 1478 1211 1533 requiescit
1234 1483 1295 1520 est
1316 1479 1544 1534 profectus3
1570 1486 1611 1521 et
1630 1481 1729 1522 dum

194 1551 345 1592 conatu
367 1545 525 1588 fortiori
550 1545 744 1587 feriturus
768 1545 892 1586 altius
915 1545 1090 1586 securim
1112 1545 1276 1595 extulit,
1300 1545 1361 1586 sui
1383 1545 1509 1600 ipsius
1531 1546 1636 1587 forte
1660 1562 1728 1602 pe-

195 1613 290 1653 dem
312 1613 489 1653 alterum
511 1627 604 1653 cum
629 1611 755 1662 venis,
781 1612 929 1662 nervis,
953 1616 994 1653 et
1016 1611 1174 1653 ossibus
1204 1626 1332 1665 usque
1363 1612 1405 1652 in
1433 1612 1628 1663 medium,
1652 1614 1729 1655 sibi

193 1678 393 1734 praecidit.
455 1678 630 1720 Delatus
651 1678 777 1734 igitur
797 1678 840 1720 in
863 1678 1062 1719 Finchale
1086 1677 1225 1718 triduo
1247 1677 1489 1733 sanguinem
1511 1679 1561 1720 de
1584 1680 1729 1722 vulne-

194 1746 306 1787 ribus
327 1744 409 1787 suis
420 1743 579 1800 jugiter
601 1745 809 1786 effundere
831 1760 913 1785 non
944 1743 1141 1793 cessavit;
1175 1759 1272 1786 vero
1298 1749 1442 1799 postea
1462 1750 1582 1786 nocte
1604 1747 1730 1787 tertia

195 1812 386 1867 spiritum
408 1811 556 1853 emisit.
619 1811 681 1852 At
703 1826 796 1853 vero
820 1811 909 1866 ipsa
929 1811 1032 1852 hora
1055 1810 1194 1852 obitus
1217 1811 1325 1853 illius
1347 1811 1446 1852 dum
1466 1812 1642 1853 lucernae
1664 1813 1729 1854 vel

195 1878 301 1933 ignis
322 1878 363 1919 in
378 1878 499 1918 domo
516 1878 770 1920 tenebrosior
787 1878 1020 1919 subluceret
1037 1876 1220 1931 effectus,
1242 1893 1350 1927 ecce,
1364 1877 1541 1919 Sanctus
1559 1878 1730 1920 Domini

196 1944 414 1994 Godricus,
437 1945 673 1986 videntibus
705 1944 864 1986 duabus
895 1944 1135 1986 mulieribus
1166 1944 1207 1985 in
1243 1959 1292 1985 ea
1322 1944 1654 1995 consistentibus,
1688 1950 1729 1986 et

194 2012 337 2053 statim
356 2011 490 2066 ipsum
511 2011 864 2066 cognoscentibus,
885 2026 957 2065 per
977 2010 1186 2051 modicum
1207 2010 1391 2052 foramen
1407 2011 1503 2052 ostii
1524 2012 1729 2053 tenebrati

194 2078 331 2119 subito
363 2077 563 2128 introivit,
588 2082 629 2118 et
661 2077 886 2132 procedens
916 2092 1087 2117 manum
1118 2091 1240 2131 super
1271 2076 1509 2131 emigrantis
1535 2092 1606 2118 ora
1636 2093 1728 2133 pro-

195 2144 349 2196 tendit;
386 2144 497 2198 quod
525 2144 641 2197 quasi
663 2143 934 2199 3egredientis
965 2142 1147 2184 animam
1177 2148 1437 2198 protecturus
1459 2143 1614 2186 diutius
1645 2144 1729 2199 egit

246 2265 252 2284 ⁰
283 2263 485 2310 Habebunt]
514 2263 588 2297 The
606 2274 817 2308 anonymous
836 2262 999 2296 Harleian
1017 2263 1233 2309 Manuscript
1250 2263 1329 2297 thus
1346 2264 1507 2309 proceeds
1524 2277 1530 2298 :
1559 2264 1728 2298 “Juvenis

196 2311 332 2356 quidam
352 2311 387 2344 in
406 2310 586 2343 Lindeseia
603 2315 712 2352 natus,
731 2309 772 2343 ab
790 2315 885 2343 utero
903 2309 1019 2343 matris
1045 2321 1184 2343 manum
1202 2316 1361 2343 retortam
1380 2310 1423 2343 ad
1439 2310 1614 2344 brachium
1632 2317 1666 2344 et
1683 2312 1730 2345 ita

196 2359 415 2401 conjunctam
445 2356 594 2400 brachio,
621 2362 657 2389 ut
691 2356 757 2389 duo
780 2356 878 2401 pellis
908 2367 975 2388 una
1000 2362 1204 2400 contegeret.
1255 2356 1420 2390 Processu
1448 2357 1609 2402 temporis
1638 2357 1729 2391 idem

196 2403 317 2437 surdus
335 2403 399 2436 fuit
418 2409 451 2436 et
468 2408 597 2436 mutus.
648 2402 717 2435 Istc
738 2402 885 2447 plurima
910 2408 1103 2436 sanctorum
1128 2402 1247 2435 limina
1266 2403 1424 2447 visitavit,
1444 2403 1503 2436 sed
1528 2403 1613 2437 nihil
1639 2404 1728 2437 sani—

196 2450 276 2483 tatis
292 2449 436 2494 accepit.
489 2448 643 2482 Tandem
662 2448 753 2481 venit
772 2448 814 2481 ad
836 2448 987 2481 tumbam
1007 2449 1122 2481 Sancti
1140 2449 1290 2491 Godrici,
1309 2449 1365 2482 ubi
1386 2455 1435 2482 est
1454 2450 1495 2483 ab
1513 2450 1729 2483 incommodo

196 2496 321 2541 triplici
347 2495 521 2528 liberatus.
572 2494 697 2527 Manus
716 2501 749 2527 et
774 2494 890 2539 lingua
916 2501 994 2527 sunt
1020 2495 1195 2539 absolutae,
1215 2507 1312 2528 aures
1338 2501 1474 2540 apertae,
1493 2496 1541 2529 sic
1559 2502 1597 2529 ut
1614 2508 1729 2529 eornm

196 2542 348 2587 quolibet
366 2554 426 2575 suo
446 2541 605 2585 deinceps
623 2541 818 2585 fungeretur
837 2540 985 2574 officio.”

242 2589 256 2609 2
283 2588 327 2622 In
356 2589 549 2622 sacerdotem
579 2586 815 2633 consecranda]
846 2586 919 2619 The
949 2587 1195 2621 circumstance
1225 2587 1262 2620 of
1286 2586 1340 2620 his
1370 2587 1592 2634 illegitimacy
1618 2600 1686 2622 was
1711 2600 1730 2622 a

197 2635 370 2668 canonical
391 2635 561 2678 objection
578 2640 612 2666 to
638 2633 690 2666 his
710 2633 876 2677 attaining
900 2632 957 2666 the
984 2633 1064 2678 holy
1082 2633 1179 2667 order
1197 2634 1235 2666 of
1255 2634 1460 2679 priesthood.
1510 2635 1572 2668 See
1591 2635 1731 2668 Summa

198 2681 430 2726 Sylvestrinae,
449 2681 501 2715 tit.
522 2679 624 2723 Ordo,
644 2679 661 2724 ξ
680 2679 715 2713 ii.
736 2679 769 2716 ἾῘ
789 2679 866 2712 Nec
884 2679 1076 2712 undecimo.

243 2728 256 2746 ³
283 2727 493 2772 Egredientis
510 2725 680 2772 animam]
711 2725 783 2758 The
802 2725 875 2759 soul
894 2725 931 2758 of
952 2725 1009 2758 the
1028 2726 1131 2771 dying
1153 2738 1273 2771 person
1292 2738 1360 2759 was
1378 2727 1546 2773 supposed
1563 2733 1598 2760 to
1615 2727 1731 2773 depart

197 2773 282 2806 from
301 2774 358 2806 the
375 2774 505 2816 mouth,
526 2773 559 2805 in
579 2772 635 2805 the
650 2772 736 2805 form
750 2772 787 2805 of
800 2784 819 2804 a
833 2771 936 2806 child.
986 2772 1048 2804 See
1063 2772 1176 2817 copies
1188 2773 1225 2805 os
1238 2772 1330 2817 early
1344 2774 1551 2818 engravings,
1571 2774 1605 2807 in
1619 2774 1731 2807 which

198 2819 265 2852 this
283 2819 359 2852 idea
376 2820 403 2852 is
422 2819 589 2864 depicted‚
611 2819 643 2851 in
664 2818 812 2852 Douce's
832 2818 1058 2851 Illustrations
1073 2819 1110 2852 of
1126 2818 1345 2864 Shakspeare,
1362 2825 1440 2853 note
1459 2831 1501 2853 on
1520 2820 1638 2864 Henry
1653 2820 1730 2863 VI„

198 2871 271 2909 part
291 2868 321 2910 2,
340 2872 394 2898 act
412 2865 459 2899 iii.
479 2877 526 2899 sc.
540 2868 570 2909 3,
590 2864 641 2898 vol
673 2864 708 2898 ii.
726 2876 757 2910 p.
780 2867 833 2908 19,
852 2864 933 2898 edit.
954 2865 1054 2898 1807.
