<?xml version="1.0" encoding="UTF-8"?>
<!DOCTYPE html PUBLIC "-//W3C//DTD XHTML 1.0 Transitional//EN"
    "http://www.w3.org/TR/xhtml1/DTD/xhtml1-transitional.dtd">
<html xmlns="http://www.w3.org/1999/xhtml" xml:lang="en" lang="en">
 <head>
  <title>
</title>
<meta http-equiv="Content-Type" content="text/html;charset=utf-8" />
  <meta name='ocr-system' content='tesseract 3.04.00' />
  <meta name='ocr-capabilities' content='ocr_page ocr_carea ocr_par ocr_line ocrx_word'/>
</head>
<body>
  <div class='ocr_page' id='page_1' title='image "./libellusdevitaet00regi_0442.png"; bbox 0 0 1839 3186; ppageno 0'>
   <div class='ocr_carea' id='block_1_1' title="bbox 198 175 1205 222">
    <p class='ocr_par' dir='ltr' id='par_1_1' title="bbox 198 175 1205 222">
     <span class='ocr_line' id='line_1_1' title="bbox 198 175 1205 222; baseline 0.006 -8"><span class='ocrx_word' id='word_1_1' title='bbox 198 175 280 215; x_wconf 83' lang='lat'>396</span> <span class='ocrx_word' id='word_1_2' title='bbox 727 188 962 222; x_wconf 52' lang='lat' dir='ltr'>LIBELL&#39;Us</span> <span class='ocrx_word' id='word_1_3' title='bbox 994 189 1058 220; x_wconf 81' lang='lat' dir='ltr'>DE</span> <span class='ocrx_word' id='word_1_4' title='bbox 1089 188 1205 220; x_wconf 83' lang='lat' dir='ltr'>VITA</span> 
     </span>
    </p>
   </div>
   <div class='ocr_carea' id='block_1_2' title="bbox 517 387 1428 416">
    <p class='ocr_par' dir='ltr' id='par_1_2' title="bbox 517 387 1428 416">
     <span class='ocr_line' id='line_1_2' title="bbox 517 387 1428 416; baseline 0.003 -4"><span class='ocrx_word' id='word_1_5' title='bbox 517 387 658 413; x_wconf 88' lang='lat' dir='ltr'>LXVIII.</span> <span class='ocrx_word' id='word_1_6' title='bbox 696 388 747 413; x_wconf 90' lang='lat' dir='ltr'>DE</span> <span class='ocrx_word' id='word_1_7' title='bbox 778 389 986 416; x_wconf 84' lang='lat' dir='ltr'><strong>LANGUIDO</strong></span> <span class='ocrx_word' id='word_1_8' title='bbox 1017 390 1062 415; x_wconf 84' lang='lat' dir='ltr'>IN</span> <span class='ocrx_word' id='word_1_9' title='bbox 1093 390 1225 416; x_wconf 86' lang='lat' dir='ltr'><strong>CURRU</strong></span> <span class='ocrx_word' id='word_1_10' title='bbox 1258 390 1428 416; x_wconf 87' lang='lat' dir='ltr'><strong>DELATO.</strong></span> 
     </span>
    </p>
   </div>
   <div class='ocr_carea' id='block_1_3' title="bbox 198 488 1734 1009">
    <p class='ocr_par' dir='ltr' id='par_1_3' title="bbox 198 488 1734 1009">
     <span class='ocr_line' id='line_1_3' title="bbox 260 488 1731 546; baseline 0.001 -17"><span class='ocrx_word' id='word_1_11' title='bbox 260 489 282 543; x_wconf 53' lang='grc' dir='ltr'>ᾗ</span> <span class='ocrx_word' id='word_1_12' title='bbox 314 490 411 530; x_wconf 74' lang='lat'><strong>432.</strong></span> <span class='ocrx_word' id='word_1_13' title='bbox 445 488 678 530; x_wconf 77' lang='lat' dir='ltr'><strong>AUDOENUS</strong></span> <span class='ocrx_word' id='word_1_14' title='bbox 692 489 861 543; x_wconf 89' lang='lat' dir='ltr'>quidam</span> <span class='ocrx_word' id='word_1_15' title='bbox 884 490 934 531; x_wconf 91' lang='lat' dir='ltr'>de</span> <span class='ocrx_word' id='word_1_16' title='bbox 957 490 1249 546; x_wconf 86' lang='lat' dir='ltr'>Hagethhorn,</span> <span class='ocrx_word' id='word_1_17' title='bbox 1269 490 1412 532; x_wconf 89' lang='lat' dir='ltr'>multis</span> <span class='ocrx_word' id='word_1_18' title='bbox 1433 490 1552 532; x_wconf 90' lang='lat' dir='ltr'>annis</span> <span class='ocrx_word' id='word_1_19' title='bbox 1573 490 1731 545; x_wconf 90' lang='lat' dir='ltr'>langui-</span> 
     </span>
     <span class='ocr_line' id='line_1_4' title="bbox 198 554 1731 611; baseline 0.003 -16"><span class='ocrx_word' id='word_1_20' title='bbox 198 554 276 596; x_wconf 90' lang='lat' dir='ltr'>dus</span> <span class='ocrx_word' id='word_1_21' title='bbox 299 554 343 596; x_wconf 90' lang='lat' dir='ltr'>in</span> <span class='ocrx_word' id='word_1_22' title='bbox 368 555 477 597; x_wconf 90' lang='lat' dir='ltr'>lecto</span> <span class='ocrx_word' id='word_1_23' title='bbox 499 555 722 605; x_wconf 70' lang='lat' dir='ltr'>decubuit,</span> <span class='ocrx_word' id='word_1_24' title='bbox 758 556 827 610; x_wconf 90' lang='lat' dir='ltr'>qui</span> <span class='ocrx_word' id='word_1_25' title='bbox 857 556 911 597; x_wconf 91' lang='lat' dir='ltr'>ad</span> <span class='ocrx_word' id='word_1_26' title='bbox 936 572 1056 598; x_wconf 87' lang='lat' dir='ltr'>omne</span> <span class='ocrx_word' id='word_1_27' title='bbox 1087 557 1148 598; x_wconf 89' lang='lat' dir='ltr'>sui</span> <span class='ocrx_word' id='word_1_28' title='bbox 1171 557 1446 598; x_wconf 89' lang='lat' dir='ltr'>ministerium</span> <span class='ocrx_word' id='word_1_29' title='bbox 1475 557 1536 598; x_wconf 89' lang='lat' dir='ltr'>Vel</span> <span class='ocrx_word' id='word_1_30' title='bbox 1558 557 1731 611; x_wconf 83' lang='lat' dir='ltr'>quodvis</span> 
     </span>
     <span class='ocr_line' id='line_1_5' title="bbox 199 622 1731 678; baseline 0.001 -16"><span class='ocrx_word' id='word_1_31' title='bbox 199 622 414 676; x_wconf 74' lang='lat' dir='ltr'>negotium</span> <span class='ocrx_word' id='word_1_32' title='bbox 449 622 671 663; x_wconf 90' lang='lat' dir='ltr'>immobilis</span> <span class='ocrx_word' id='word_1_33' title='bbox 707 623 872 663; x_wconf 89' lang='lat' dir='ltr'>omnino</span> <span class='ocrx_word' id='word_1_34' title='bbox 910 624 1088 673; x_wconf 78' lang='lat' dir='ltr'>exstitit,</span> <span class='ocrx_word' id='word_1_35' title='bbox 1120 629 1164 664; x_wconf 91' lang='lat' dir='ltr'>at</span> <span class='ocrx_word' id='word_1_36' title='bbox 1199 629 1340 665; x_wconf 90' lang='lat' dir='ltr'>tamen</span> <span class='ocrx_word' id='word_1_37' title='bbox 1373 624 1537 664; x_wconf 89' lang='lat' dir='ltr'>omnino</span> <span class='ocrx_word' id='word_1_38' title='bbox 1566 638 1731 678; x_wconf 88' lang='lat' dir='ltr'>prorsus</span> 
     </span>
     <span class='ocr_line' id='line_1_6' title="bbox 200 687 1731 744; baseline 0.001 -16"><span class='ocrx_word' id='word_1_39' title='bbox 200 687 361 729; x_wconf 80' lang='lat' dir='ltr'>incessu</span> <span class='ocrx_word' id='word_1_40' title='bbox 388 688 541 742; x_wconf 88' lang='lat' dir='ltr'>pedum</span> <span class='ocrx_word' id='word_1_41' title='bbox 572 689 868 743; x_wconf 70' lang='lat' dir='ltr'>aegrotantium</span> <span class='ocrx_word' id='word_1_42' title='bbox 900 695 941 730; x_wconf 92' lang='lat' dir='ltr'>et</span> <span class='ocrx_word' id='word_1_43' title='bbox 973 690 1108 731; x_wconf 88' lang='lat' dir='ltr'>acrius</span> <span class='ocrx_word' id='word_1_44' title='bbox 1136 689 1387 731; x_wconf 81' lang='lat' dir='ltr'>tumentium</span> <span class='ocrx_word' id='word_1_45' title='bbox 1417 690 1616 744; x_wconf 85' lang='lat' dir='ltr'>privatus,</span> <span class='ocrx_word' id='word_1_46' title='bbox 1653 690 1731 731; x_wconf 92' lang='lat' dir='ltr'>sibi</span> 
     </span>
     <span class='ocr_line' id='line_1_7' title="bbox 202 755 1734 811; baseline 0.002 -16"><span class='ocrx_word' id='word_1_47' title='bbox 202 758 245 795; x_wconf 89' lang='lat' dir='ltr'>et</span> <span class='ocrx_word' id='word_1_48' title='bbox 273 755 463 797; x_wconf 88' lang='lat' dir='ltr'>omnibus</span> <span class='ocrx_word' id='word_1_49' title='bbox 485 755 752 809; x_wconf 74' lang='lat' dir='ltr'>desperabilis</span> <span class='ocrx_word' id='word_1_50' title='bbox 779 755 871 797; x_wconf 87' lang='lat' dir='ltr'>fuit.</span> <span class='ocrx_word' id='word_1_51' title='bbox 935 756 1019 797; x_wconf 89' lang='lat' dir='ltr'>Hic</span> <span class='ocrx_word' id='word_1_52' title='bbox 1041 757 1137 798; x_wconf 90' lang='lat' dir='ltr'>illuc</span> <span class='ocrx_word' id='word_1_53' title='bbox 1163 758 1205 798; x_wconf 89' lang='lat' dir='ltr'>in</span> <span class='ocrx_word' id='word_1_54' title='bbox 1227 772 1341 798; x_wconf 87' lang='lat' dir='ltr'>carro</span> <span class='ocrx_word' id='word_1_55' title='bbox 1364 756 1623 811; x_wconf 87' lang='lat' dir='ltr'>deportatus,</span> <span class='ocrx_word' id='word_1_56' title='bbox 1646 761 1686 798; x_wconf 91' lang='lat' dir='ltr'>et</span> <span class='ocrx_word' id='word_1_57' title='bbox 1708 772 1734 798; x_wconf 90' lang='lat' dir='ltr'>a</span> 
     </span>
     <span class='ocr_line' id='line_1_8' title="bbox 201 820 1731 877; baseline 0.001 -16"><span class='ocrx_word' id='word_1_58' title='bbox 201 820 304 861; x_wconf 89' lang='lat' dir='ltr'>feria</span> <span class='ocrx_word' id='word_1_59' title='bbox 334 826 455 862; x_wconf 86' lang='lat' dir='ltr'>sexta</span> <span class='ocrx_word' id='word_1_60' title='bbox 483 836 610 875; x_wconf 88' lang='lat' dir='ltr'>usque</span> <span class='ocrx_word' id='word_1_61' title='bbox 637 822 680 862; x_wconf 88' lang='lat' dir='ltr'>in</span> <span class='ocrx_word' id='word_1_62' title='bbox 711 822 856 863; x_wconf 89' lang='lat' dir='ltr'>feriam</span> <span class='ocrx_word' id='word_1_63' title='bbox 878 828 1068 877; x_wconf 82' lang='lat' dir='ltr'>quartam</span> <span class='ocrx_word' id='word_1_64' title='bbox 1101 823 1309 877; x_wconf 88' lang='lat' dir='ltr'>sequentis</span> <span class='ocrx_word' id='word_1_65' title='bbox 1341 823 1616 864; x_wconf 81' lang='lat' dir='ltr'>hebdomadae</span> <span class='ocrx_word' id='word_1_66' title='bbox 1648 822 1731 864; x_wconf 86' lang='lat' dir='ltr'>illic</span> 
     </span>
     <span class='ocr_line' id='line_1_9' title="bbox 203 886 1733 945; baseline 0.003 -18"><span class='ocrx_word' id='word_1_67' title='bbox 203 886 453 939; x_wconf 87' lang='lat' dir='ltr'>demoratus,</span> <span class='ocrx_word' id='word_1_68' title='bbox 470 903 519 929; x_wconf 89' lang='lat' dir='ltr'>ea</span> <span class='ocrx_word' id='word_1_69' title='bbox 538 888 604 929; x_wconf 89' lang='lat' dir='ltr'>die</span> <span class='ocrx_word' id='word_1_70' title='bbox 621 888 677 929; x_wconf 86' lang='lat' dir='ltr'>ibi</span> <span class='ocrx_word' id='word_1_71' title='bbox 692 889 914 930; x_wconf 84' lang='lat' dir='ltr'>sanitatem</span> <span class='ocrx_word' id='word_1_72' title='bbox 931 889 1128 945; x_wconf 79' lang='lat' dir='ltr'>percepit,</span> <span class='ocrx_word' id='word_1_73' title='bbox 1145 895 1186 931; x_wconf 91' lang='lat' dir='ltr'>et</span> <span class='ocrx_word' id='word_1_74' title='bbox 1204 905 1342 945; x_wconf 89' lang='lat' dir='ltr'>sospes</span> <span class='ocrx_word' id='word_1_75' title='bbox 1356 905 1403 931; x_wconf 88' lang='lat' dir='ltr'>ac</span> <span class='ocrx_word' id='word_1_76' title='bbox 1421 904 1543 932; x_wconf 88' lang='lat' dir='ltr'>sanus</span> <span class='ocrx_word' id='word_1_77' title='bbox 1560 889 1733 945; x_wconf 87' lang='lat' dir='ltr'>pedibus</span> 
     </span>
     <span class='ocr_line' id='line_1_10' title="bbox 200 953 726 1009; baseline 0.004 -15"><span class='ocrx_word' id='word_1_78' title='bbox 200 954 374 1009; x_wconf 88' lang='lat' dir='ltr'>propriis</span> <span class='ocrx_word' id='word_1_79' title='bbox 396 953 566 996; x_wconf 88' lang='lat' dir='ltr'>domum</span> <span class='ocrx_word' id='word_1_80' title='bbox 587 954 726 996; x_wconf 88' lang='lat' dir='ltr'>rediit.</span> 
     </span>
    </p>
   </div>
   <div class='ocr_carea' id='block_1_4' title="bbox 647 1118 1283 1147">
    <p class='ocr_par' dir='ltr' id='par_1_4' title="bbox 647 1118 1283 1147">
     <span class='ocr_line' id='line_1_11' title="bbox 647 1118 1283 1147; baseline 0.002 -4"><span class='ocrx_word' id='word_1_81' title='bbox 647 1118 753 1143; x_wconf 86' lang='lat' dir='ltr'>LXIX.</span> <span class='ocrx_word' id='word_1_82' title='bbox 786 1118 838 1143; x_wconf 87' lang='lat' dir='ltr'>DE</span> <span class='ocrx_word' id='word_1_83' title='bbox 869 1118 1041 1147; x_wconf 80' lang='lat' dir='ltr'><strong>QUODAM</strong></span> <span class='ocrx_word' id='word_1_84' title='bbox 1073 1118 1283 1144; x_wconf 90' lang='lat' dir='ltr'>MONACHO.</span> 
     </span>
    </p>
   </div>
   <div class='ocr_carea' id='block_1_5' title="bbox 199 1218 1731 1741">
    <p class='ocr_par' dir='ltr' id='par_1_5' title="bbox 199 1218 1731 1741">
     <span class='ocr_line' id='line_1_12' title="bbox 271 1218 1731 1273; baseline 0 -14"><span class='ocrx_word' id='word_1_85' title='bbox 271 1219 293 1273; x_wconf 57' lang='grc' dir='ltr'><strong>ἓ</strong></span> <span class='ocrx_word' id='word_1_86' title='bbox 330 1220 427 1261; x_wconf 77' lang='lat'><strong>433.</strong></span> <span class='ocrx_word' id='word_1_87' title='bbox 461 1218 639 1271; x_wconf 75' lang='lat' dir='ltr'><strong>QUIDAM</strong></span> <span class='ocrx_word' id='word_1_88' title='bbox 669 1218 897 1260; x_wconf 85' lang='lat' dir='ltr'>monachus</span> <span class='ocrx_word' id='word_1_89' title='bbox 931 1218 1236 1270; x_wconf 87' lang='lat' dir='ltr'>Dunelmensis,</span> <span class='ocrx_word' id='word_1_90' title='bbox 1275 1218 1515 1260; x_wconf 88' lang='lat' dir='ltr'>Willelmus</span> <span class='ocrx_word' id='word_1_91' title='bbox 1550 1218 1731 1269; x_wconf 82' lang='lat' dir='ltr'>nomine,</span> 
     </span>
     <span class='ocr_line' id='line_1_13' title="bbox 203 1285 1731 1340; baseline 0.001 -14"><span class='ocrx_word' id='word_1_92' title='bbox 203 1285 244 1326; x_wconf 92' lang='lat' dir='ltr'>in</span> <span class='ocrx_word' id='word_1_93' title='bbox 260 1300 343 1326; x_wconf 89' lang='lat' dir='ltr'>uno</span> <span class='ocrx_word' id='word_1_94' title='bbox 362 1300 435 1327; x_wconf 90' lang='lat' dir='ltr'>suo</span> <span class='ocrx_word' id='word_1_95' title='bbox 451 1285 580 1326; x_wconf 87' lang='lat' dir='ltr'>latere</span> <span class='ocrx_word' id='word_1_96' title='bbox 596 1289 763 1327; x_wconf 88' lang='lat' dir='ltr'>tantum</span> <span class='ocrx_word' id='word_1_97' title='bbox 782 1286 965 1326; x_wconf 91' lang='lat' dir='ltr'>dolorem</span> <span class='ocrx_word' id='word_1_98' title='bbox 980 1300 1028 1326; x_wconf 93' lang='lat' dir='ltr'>ac</span> <span class='ocrx_word' id='word_1_99' title='bbox 1043 1290 1249 1326; x_wconf 88' lang='lat' dir='ltr'>tumorem</span> <span class='ocrx_word' id='word_1_100' title='bbox 1267 1285 1506 1340; x_wconf 80' lang='lat' dir='ltr'>aliquandiu</span> <span class='ocrx_word' id='word_1_101' title='bbox 1520 1285 1731 1334; x_wconf 76' lang='lat' dir='ltr'>sustinuit,</span> 
     </span>
     <span class='ocr_line' id='line_1_14' title="bbox 202 1352 1729 1407; baseline -0.001 -14"><span class='ocrx_word' id='word_1_102' title='bbox 202 1352 312 1406; x_wconf 90' lang='lat' dir='ltr'>quod</span> <span class='ocrx_word' id='word_1_103' title='bbox 345 1367 511 1393; x_wconf 88' lang='lat' dir='ltr'>omnem</span> <span class='ocrx_word' id='word_1_104' title='bbox 542 1352 774 1407; x_wconf 88' lang='lat' dir='ltr'>appetitum</span> <span class='ocrx_word' id='word_1_105' title='bbox 809 1352 889 1393; x_wconf 86' lang='lat' dir='ltr'>cibi</span> <span class='ocrx_word' id='word_1_106' title='bbox 917 1353 982 1394; x_wconf 86' lang='lat' dir='ltr'>vel</span> <span class='ocrx_word' id='word_1_107' title='bbox 1015 1358 1138 1407; x_wconf 90' lang='lat' dir='ltr'>potus</span> <span class='ocrx_word' id='word_1_108' title='bbox 1169 1352 1381 1402; x_wconf 85' lang='lat' dir='ltr'>amittens,</span> <span class='ocrx_word' id='word_1_109' title='bbox 1413 1352 1455 1393; x_wconf 89' lang='lat' dir='ltr'>in</span> <span class='ocrx_word' id='word_1_110' title='bbox 1488 1352 1577 1406; x_wconf 89' lang='lat' dir='ltr'>ipso</span> <span class='ocrx_word' id='word_1_111' title='bbox 1601 1352 1729 1393; x_wconf 90' lang='lat' dir='ltr'>latere</span> 
     </span>
     <span class='ocr_line' id='line_1_15' title="bbox 200 1418 1729 1474; baseline 0 -15"><span class='ocrx_word' id='word_1_112' title='bbox 200 1419 445 1460; x_wconf 84' lang='lat' dir='ltr'>decumbere</span> <span class='ocrx_word' id='word_1_113' title='bbox 478 1433 554 1459; x_wconf 91' lang='lat' dir='ltr'>nec</span> <span class='ocrx_word' id='word_1_114' title='bbox 585 1418 765 1472; x_wconf 87' lang='lat' dir='ltr'>quietem</span> <span class='ocrx_word' id='word_1_115' title='bbox 796 1419 859 1459; x_wconf 89' lang='lat' dir='ltr'>vel</span> <span class='ocrx_word' id='word_1_116' title='bbox 896 1433 1083 1473; x_wconf 88' lang='lat' dir='ltr'>soporem</span> <span class='ocrx_word' id='word_1_117' title='bbox 1114 1420 1323 1474; x_wconf 85' lang='lat' dir='ltr'>percipere</span> <span class='ocrx_word' id='word_1_118' title='bbox 1352 1419 1518 1459; x_wconf 88' lang='lat' dir='ltr'>omnino</span> <span class='ocrx_word' id='word_1_119' title='bbox 1550 1433 1633 1459; x_wconf 91' lang='lat' dir='ltr'>non</span> <span class='ocrx_word' id='word_1_120' title='bbox 1659 1434 1729 1473; x_wconf 88' lang='lat' dir='ltr'>po-</span> 
     </span>
     <span class='ocr_line' id='line_1_16' title="bbox 200 1485 1730 1540; baseline -0.001 -14"><span class='ocrx_word' id='word_1_121' title='bbox 200 1486 343 1526; x_wconf 88' lang='lat' dir='ltr'>tuerit.</span> <span class='ocrx_word' id='word_1_122' title='bbox 406 1485 491 1526; x_wconf 90' lang='lat' dir='ltr'>Hic</span> <span class='ocrx_word' id='word_1_123' title='bbox 511 1500 536 1526; x_wconf 91' lang='lat' dir='ltr'>a</span> <span class='ocrx_word' id='word_1_124' title='bbox 557 1485 736 1540; x_wconf 88' lang='lat' dir='ltr'>quodam</span> <span class='ocrx_word' id='word_1_125' title='bbox 757 1485 885 1526; x_wconf 85' lang='lat' dir='ltr'>fratre</span> <span class='ocrx_word' id='word_1_126' title='bbox 906 1485 1034 1540; x_wconf 86' lang='lat' dir='ltr'>ipsius</span> <span class='ocrx_word' id='word_1_127' title='bbox 1053 1485 1232 1527; x_wconf 76' lang='lat' dir='ltr'>ecclesiae</span> <span class='ocrx_word' id='word_1_128' title='bbox 1250 1485 1448 1539; x_wconf 85' lang='lat' dir='ltr'>quiddam</span> <span class='ocrx_word' id='word_1_129' title='bbox 1469 1485 1520 1526; x_wconf 90' lang='lat' dir='ltr'>de</span> <span class='ocrx_word' id='word_1_130' title='bbox 1542 1485 1730 1540; x_wconf 88' lang='lat' dir='ltr'>portione</span> 
     </span>
     <span class='ocr_line' id='line_1_17' title="bbox 199 1550 1729 1607; baseline -0.001 -14"><span class='ocrx_word' id='word_1_131' title='bbox 199 1552 465 1606; x_wconf 87' lang='lat' dir='ltr'>reliquiarum</span> <span class='ocrx_word' id='word_1_132' title='bbox 496 1551 640 1592; x_wconf 85' lang='lat' dir='ltr'>Sancti</span> <span class='ocrx_word' id='word_1_133' title='bbox 670 1551 840 1593; x_wconf 73' lang='lat' dir='ltr'>Godriei</span> <span class='ocrx_word' id='word_1_134' title='bbox 873 1551 1092 1607; x_wconf 85' lang='lat' dir='ltr'>1percepit,</span> <span class='ocrx_word' id='word_1_135' title='bbox 1127 1557 1169 1593; x_wconf 88' lang='lat' dir='ltr'>et</span> <span class='ocrx_word' id='word_1_136' title='bbox 1202 1552 1356 1593; x_wconf 86' lang='lat' dir='ltr'>tumori</span> <span class='ocrx_word' id='word_1_137' title='bbox 1386 1567 1433 1593; x_wconf 90' lang='lat' dir='ltr'>ac</span> <span class='ocrx_word' id='word_1_138' title='bbox 1465 1551 1595 1592; x_wconf 90' lang='lat' dir='ltr'>dolori</span> <span class='ocrx_word' id='word_1_139' title='bbox 1625 1550 1729 1606; x_wconf 84' lang='lat' dir='ltr'>ejus-</span> 
     </span>
     <span class='ocr_line' id='line_1_18' title="bbox 202 1617 1731 1673; baseline 0 -14"><span class='ocrx_word' id='word_1_140' title='bbox 202 1618 297 1659; x_wconf 89' lang='lat' dir='ltr'>dem</span> <span class='ocrx_word' id='word_1_141' title='bbox 330 1618 471 1659; x_wconf 88' lang='lat' dir='ltr'>lateris</span> <span class='ocrx_word' id='word_1_142' title='bbox 507 1618 748 1673; x_wconf 80' lang='lat' dir='ltr'>supposuit3</span> <span class='ocrx_word' id='word_1_143' title='bbox 784 1617 856 1660; x_wconf 87' lang='lat' dir='ltr'>sed</span> <span class='ocrx_word' id='word_1_144' title='bbox 891 1618 998 1659; x_wconf 89' lang='lat' dir='ltr'>infra</span> <span class='ocrx_word' id='word_1_145' title='bbox 1035 1618 1121 1660; x_wconf 88' lang='lat' dir='ltr'>dies</span> <span class='ocrx_word' id='word_1_146' title='bbox 1151 1618 1414 1660; x_wconf 86' lang='lat' dir='ltr'>brevissimos</span> <span class='ocrx_word' id='word_1_147' title='bbox 1447 1623 1561 1659; x_wconf 91' lang='lat' dir='ltr'>totus</span> <span class='ocrx_word' id='word_1_148' title='bbox 1592 1622 1731 1659; x_wconf 86' lang='lat' dir='ltr'>tumor</span> 
     </span>
     <span class='ocr_line' id='line_1_19' title="bbox 199 1684 1689 1741; baseline 0 -14"><span class='ocrx_word' id='word_1_149' title='bbox 199 1685 367 1727; x_wconf 86' lang='lat' dir='ltr'>sedatus</span> <span class='ocrx_word' id='word_1_150' title='bbox 390 1700 439 1727; x_wconf 89' lang='lat' dir='ltr'>ac</span> <span class='ocrx_word' id='word_1_151' title='bbox 460 1684 576 1727; x_wconf 87' lang='lat' dir='ltr'>dolor</span> <span class='ocrx_word' id='word_1_152' title='bbox 596 1685 664 1726; x_wconf 90' lang='lat' dir='ltr'>ille</span> <span class='ocrx_word' id='word_1_153' title='bbox 684 1684 943 1727; x_wconf 88' lang='lat' dir='ltr'>interraneus</span> <span class='ocrx_word' id='word_1_154' title='bbox 966 1685 1205 1727; x_wconf 80' lang='lat' dir='ltr'>exinanitus</span> <span class='ocrx_word' id='word_1_155' title='bbox 1227 1690 1267 1727; x_wconf 91' lang='lat' dir='ltr'>et</span> <span class='ocrx_word' id='word_1_156' title='bbox 1289 1686 1456 1741; x_wconf 85' lang='lat' dir='ltr'>fugatus</span> <span class='ocrx_word' id='word_1_157' title='bbox 1477 1684 1689 1727; x_wconf 85' lang='lat' dir='ltr'>abscessit.</span> 
     </span>
    </p>
   </div>
   <div class='ocr_carea' id='block_1_6' title="bbox 384 1845 1553 1880">
    <p class='ocr_par' dir='ltr' id='par_1_6' title="bbox 384 1845 1553 1880">
     <span class='ocr_line' id='line_1_20' title="bbox 384 1845 1553 1880; baseline 0.001 -7"><span class='ocrx_word' id='word_1_158' title='bbox 384 1847 480 1873; x_wconf 85' lang='lat' dir='ltr'><strong>Lxx.</strong></span> <span class='ocrx_word' id='word_1_159' title='bbox 518 1847 570 1872; x_wconf 91' lang='lat' dir='ltr'>DE</span> <span class='ocrx_word' id='word_1_160' title='bbox 600 1846 731 1872; x_wconf 86' lang='lat' dir='ltr'><strong>PUERO</strong></span> <span class='ocrx_word' id='word_1_161' title='bbox 762 1846 789 1872; x_wconf 87' lang='grc' dir='ltr'><strong>Α</strong></span> <span class='ocrx_word' id='word_1_162' title='bbox 820 1846 1074 1872; x_wconf 84' lang='lat' dir='ltr'><strong>NATIVITATE</strong></span> <span class='ocrx_word' id='word_1_163' title='bbox 1103 1845 1231 1880; x_wconf 83' lang='lat' dir='ltr'>MUTO,</span> <span class='ocrx_word' id='word_1_164' title='bbox 1264 1846 1312 1871; x_wconf 87' lang='grc' dir='ltr'>ΕΤ</span> <span class='ocrx_word' id='word_1_165' title='bbox 1344 1845 1553 1874; x_wconf 76' lang='lat' dir='ltr'><strong>LIBERATO·</strong></span> 
     </span>
    </p>
   </div>
   <div class='ocr_carea' id='block_1_7' title="bbox 198 1945 1730 2800">
    <p class='ocr_par' dir='ltr' id='par_1_7' title="bbox 198 1945 1730 2800">
     <span class='ocr_line' id='line_1_21' title="bbox 258 1945 1727 2002; baseline -0.001 -14"><span class='ocrx_word' id='word_1_166' title='bbox 258 1948 280 2002; x_wconf 58' lang='grc' dir='ltr'><strong>ἓ</strong></span> <span class='ocrx_word' id='word_1_167' title='bbox 313 1948 412 1990; x_wconf 69' lang='lat'><strong>434.</strong></span> <span class='ocrx_word' id='word_1_168' title='bbox 447 1947 547 1989; x_wconf 81' lang='lat' dir='ltr'>Yvo</span> <span class='ocrx_word' id='word_1_169' title='bbox 572 1948 623 1989; x_wconf 91' lang='lat' dir='ltr'>de</span> <span class='ocrx_word' id='word_1_170' title='bbox 651 1947 915 1998; x_wconf 84' lang='lat' dir='ltr'>Brinkelaue,</span> <span class='ocrx_word' id='word_1_171' title='bbox 951 1962 1045 1988; x_wconf 90' lang='lat' dir='ltr'>cum</span> <span class='ocrx_word' id='word_1_172' title='bbox 1076 1945 1160 1988; x_wconf 86' lang='lat' dir='ltr'>filio</span> <span class='ocrx_word' id='word_1_173' title='bbox 1192 1961 1264 1988; x_wconf 89' lang='lat' dir='ltr'>suo</span> <span class='ocrx_word' id='word_1_174' title='bbox 1296 1961 1322 1988; x_wconf 90' lang='lat' dir='ltr'>a</span> <span class='ocrx_word' id='word_1_175' title='bbox 1351 1945 1573 1988; x_wconf 87' lang='lat' dir='ltr'>nativitate</span> <span class='ocrx_word' id='word_1_176' title='bbox 1596 1949 1727 1996; x_wconf 90' lang='lat' dir='ltr'>muto,</span> 
     </span>
     <span class='ocr_line' id='line_1_22' title="bbox 200 2012 1730 2068; baseline -0.001 -13"><span class='ocrx_word' id='word_1_177' title='bbox 200 2014 400 2056; x_wconf 87' lang='lat' dir='ltr'>Sanctum</span> <span class='ocrx_word' id='word_1_178' title='bbox 422 2014 452 2055; x_wconf 87' lang='lat' dir='ltr'><strong>J</strong></span> <span class='ocrx_word' id='word_1_179' title='bbox 456 2015 661 2056; x_wconf 89' lang='lat' dir='ltr'>ohannem</span> <span class='ocrx_word' id='word_1_180' title='bbox 678 2019 719 2055; x_wconf 90' lang='lat' dir='ltr'>et</span> <span class='ocrx_word' id='word_1_181' title='bbox 742 2014 922 2055; x_wconf 88' lang='lat' dir='ltr'>Beatum</span> <span class='ocrx_word' id='word_1_182' title='bbox 940 2013 1166 2055; x_wconf 77' lang='lat' dir='ltr'>Godricum</span> <span class='ocrx_word' id='word_1_183' title='bbox 1187 2028 1261 2068; x_wconf 88' lang='lat' dir='ltr'>pro</span> <span class='ocrx_word' id='word_1_184' title='bbox 1282 2014 1398 2068; x_wconf 89' lang='lat' dir='ltr'>pueri</span> <span class='ocrx_word' id='word_1_185' title='bbox 1422 2012 1530 2053; x_wconf 89' lang='lat' dir='ltr'>illius</span> <span class='ocrx_word' id='word_1_186' title='bbox 1551 2013 1730 2054; x_wconf 87' lang='lat' dir='ltr'>sanitate</span> 
     </span>
     <span class='ocr_line' id='line_1_23' title="bbox 199 2078 1730 2136; baseline -0.001 -15"><span class='ocrx_word' id='word_1_187' title='bbox 199 2081 243 2122; x_wconf 90' lang='lat' dir='ltr'>in</span> <span class='ocrx_word' id='word_1_188' title='bbox 283 2080 474 2121; x_wconf 90' lang='lat' dir='ltr'>Finchall</span> <span class='ocrx_word' id='word_1_189' title='bbox 511 2085 731 2136; x_wconf 80' lang='lat' dir='ltr'>rogaturus</span> <span class='ocrx_word' id='word_1_190' title='bbox 763 2081 893 2129; x_wconf 76' lang='lat' dir='ltr'>adiit3</span> <span class='ocrx_word' id='word_1_191' title='bbox 929 2080 998 2134; x_wconf 90' lang='lat' dir='ltr'>qui</span> <span class='ocrx_word' id='word_1_192' title='bbox 1036 2080 1093 2121; x_wconf 91' lang='lat' dir='ltr'>ibi</span> <span class='ocrx_word' id='word_1_193' title='bbox 1128 2084 1419 2134; x_wconf 85' lang='lat' dir='ltr'>pernoctantes</span> <span class='ocrx_word' id='word_1_194' title='bbox 1454 2078 1559 2119; x_wconf 89' lang='lat' dir='ltr'>forte</span> <span class='ocrx_word' id='word_1_195' title='bbox 1591 2079 1644 2119; x_wconf 89' lang='lat' dir='ltr'>ab</span> <span class='ocrx_word' id='word_1_196' title='bbox 1673 2078 1730 2120; x_wconf 90' lang='lat' dir='ltr'>eis</span> 
     </span>
     <span class='ocr_line' id='line_1_24' title="bbox 200 2144 1729 2202; baseline -0.002 -14"><span class='ocrx_word' id='word_1_197' title='bbox 200 2146 438 2198; x_wconf 83' lang='lat' dir='ltr'>exauditus,</span> <span class='ocrx_word' id='word_1_198' title='bbox 457 2147 553 2188; x_wconf 91' lang='lat' dir='ltr'>licet</span> <span class='ocrx_word' id='word_1_199' title='bbox 580 2147 624 2187; x_wconf 92' lang='lat' dir='ltr'>id</span> <span class='ocrx_word' id='word_1_200' title='bbox 644 2147 852 2202; x_wconf 87' lang='lat' dir='ltr'>percipere</span> <span class='ocrx_word' id='word_1_201' title='bbox 878 2161 960 2188; x_wconf 90' lang='lat' dir='ltr'>non</span> <span class='ocrx_word' id='word_1_202' title='bbox 980 2147 1162 2201; x_wconf 89' lang='lat' dir='ltr'>potuerit</span> <span class='ocrx_word' id='word_1_203' title='bbox 1184 2145 1455 2196; x_wconf 88' lang='lat' dir='ltr'>manifestius,</span> <span class='ocrx_word' id='word_1_204' title='bbox 1477 2160 1597 2186; x_wconf 87' lang='lat' dir='ltr'>mane</span> <span class='ocrx_word' id='word_1_205' title='bbox 1617 2144 1729 2186; x_wconf 86' lang='lat' dir='ltr'>facto</span> 
     </span>
     <span class='ocr_line' id='line_1_25' title="bbox 200 2211 1724 2268; baseline -0.001 -14"><span class='ocrx_word' id='word_1_206' title='bbox 200 2213 370 2254; x_wconf 90' lang='lat' dir='ltr'>domum</span> <span class='ocrx_word' id='word_1_207' title='bbox 392 2228 649 2268; x_wconf 82' lang='lat' dir='ltr'>regressurus</span> <span class='ocrx_word' id='word_1_208' title='bbox 670 2214 724 2254; x_wconf 87' lang='lat' dir='ltr'>ad</span> <span class='ocrx_word' id='word_1_209' title='bbox 746 2213 911 2255; x_wconf 88' lang='lat' dir='ltr'>Novum</span> <span class='ocrx_word' id='word_1_210' title='bbox 934 2213 1160 2255; x_wconf 81' lang='lat' dir='ltr'>Castellum</span> <span class='ocrx_word' id='word_1_211' title='bbox 1177 2212 1408 2267; x_wconf 87' lang='lat' dir='ltr'>digreditur</span> <span class='ocrx_word' id='word_1_212' title='bbox 1427 2211 1724 2266; x_wconf 80' lang='lat' dir='ltr'>hospitandus3</span> 
     </span>
     <span class='ocr_line' id='line_1_26' title="bbox 200 2278 1727 2335; baseline -0.002 -14"><span class='ocrx_word' id='word_1_213' title='bbox 200 2280 272 2321; x_wconf 89' lang='lat' dir='ltr'>ubi</span> <span class='ocrx_word' id='word_1_214' title='bbox 302 2285 396 2335; x_wconf 87' lang='lat' dir='ltr'>post</span> <span class='ocrx_word' id='word_1_215' title='bbox 419 2280 685 2321; x_wconf 87' lang='lat' dir='ltr'>refectionem</span> <span class='ocrx_word' id='word_1_216' title='bbox 718 2295 812 2321; x_wconf 87' lang='lat' dir='ltr'>cum</span> <span class='ocrx_word' id='word_1_217' title='bbox 846 2280 965 2321; x_wconf 89' lang='lat' dir='ltr'>sociis</span> <span class='ocrx_word' id='word_1_218' title='bbox 995 2279 1191 2330; x_wconf 82' lang='lat' dir='ltr'>residens,</span> <span class='ocrx_word' id='word_1_219' title='bbox 1215 2283 1257 2320; x_wconf 90' lang='lat' dir='ltr'>et</span> <span class='ocrx_word' id='word_1_220' title='bbox 1289 2279 1339 2319; x_wconf 89' lang='lat' dir='ltr'>de</span> <span class='ocrx_word' id='word_1_221' title='bbox 1372 2279 1433 2320; x_wconf 90' lang='grc'><strong>5111</strong></span> <span class='ocrx_word' id='word_1_222' title='bbox 1458 2278 1615 2319; x_wconf 90' lang='lat' dir='ltr'>itineris</span> <span class='ocrx_word' id='word_1_223' title='bbox 1638 2293 1727 2333; x_wconf 87' lang='lat' dir='ltr'>pro-</span> 
     </span>
     <span class='ocr_line' id='line_1_27' title="bbox 200 2345 1729 2401; baseline -0.002 -13"><span class='ocrx_word' id='word_1_224' title='bbox 200 2347 312 2388; x_wconf 84' lang='lat' dir='ltr'>fectu</span> <span class='ocrx_word' id='word_1_225' title='bbox 333 2351 374 2388; x_wconf 92' lang='lat' dir='ltr'>et</span> <span class='ocrx_word' id='word_1_226' title='bbox 395 2346 532 2387; x_wconf 90' lang='lat' dir='ltr'>reditu</span> <span class='ocrx_word' id='word_1_227' title='bbox 555 2346 800 2400; x_wconf 86' lang='lat' dir='ltr'>colloquens,</span> <span class='ocrx_word' id='word_1_228' title='bbox 824 2346 931 2387; x_wconf 83' lang='lat' dir='ltr'>dixit</span> <span class='ocrx_word' id='word_1_229' title='bbox 954 2346 1011 2387; x_wconf 90' lang='lat' dir='ltr'>eis</span> <span class='ocrx_word' id='word_1_230' title='bbox 1035 2351 1155 2401; x_wconf 89' lang='lat' dir='ltr'>pater</span> <span class='ocrx_word' id='word_1_231' title='bbox 1175 2345 1229 2386; x_wconf 89' lang='lat' dir='ltr'>ad</span> <span class='ocrx_word' id='word_1_232' title='bbox 1257 2345 1564 2387; x_wconf 88' lang='lat' dir='ltr'>convivantium</span> <span class='ocrx_word' id='word_1_233' title='bbox 1589 2359 1729 2386; x_wconf 90' lang='grc'><strong>001150-</strong></span> 
     </span>
     <span class='ocr_line' id='line_1_28' title="bbox 202 2410 1726 2467; baseline -0.002 -13"><span class='ocrx_word' id='word_1_234' title='bbox 202 2413 327 2463; x_wconf 89' lang='lat' dir='ltr'>dales,</span> <span class='ocrx_word' id='word_1_235' title='bbox 353 2417 378 2435; x_wconf 71' lang='lat'>‘⁶</span> <span class='ocrx_word' id='word_1_236' title='bbox 399 2412 578 2454; x_wconf 85' lang='lat' dir='ltr'>Obsecro</span> <span class='ocrx_word' id='word_1_237' title='bbox 602 2418 649 2453; x_wconf 90' lang='lat' dir='ltr'>ut</span> <span class='ocrx_word' id='word_1_238' title='bbox 678 2413 955 2467; x_wconf 89' lang='lat' dir='ltr'>unusquisque</span> <span class='ocrx_word' id='word_1_239' title='bbox 988 2417 1175 2453; x_wconf 89' lang='lat' dir='ltr'>nostrum</span> <span class='ocrx_word' id='word_1_240' title='bbox 1197 2412 1462 2453; x_wconf 87' lang='lat' dir='ltr'>Dominicam</span> <span class='ocrx_word' id='word_1_241' title='bbox 1486 2410 1726 2452; x_wconf 88' lang='lat' dir='ltr'>Orationem</span> 
     </span>
     <span class='ocr_line' id='line_1_29' title="bbox 201 2477 1727 2532; baseline -0.002 -11"><span class='ocrx_word' id='word_1_242' title='bbox 201 2480 253 2521; x_wconf 93' lang='lat' dir='ltr'>ob</span> <span class='ocrx_word' id='word_1_243' title='bbox 277 2480 474 2520; x_wconf 88' lang='lat' dir='ltr'>honorem</span> <span class='ocrx_word' id='word_1_244' title='bbox 496 2479 665 2520; x_wconf 89' lang='lat' dir='ltr'>Domini</span> <span class='ocrx_word' id='word_1_245' title='bbox 690 2480 820 2520; x_wconf 88' lang='lat' dir='ltr'>nostri</span> <span class='ocrx_word' id='word_1_246' title='bbox 842 2478 873 2519; x_wconf 84' lang='lat' dir='ltr'>J</span> <span class='ocrx_word' id='word_1_247' title='bbox 877 2494 946 2520; x_wconf 91' lang='lat' dir='ltr'>esu</span> <span class='ocrx_word' id='word_1_248' title='bbox 970 2479 1136 2528; x_wconf 80' lang='lat' dir='ltr'>Christi,</span> <span class='ocrx_word' id='word_1_249' title='bbox 1159 2484 1200 2519; x_wconf 93' lang='lat' dir='ltr'>et</span> <span class='ocrx_word' id='word_1_250' title='bbox 1224 2478 1367 2519; x_wconf 85' lang='lat' dir='ltr'>Sancti</span> <span class='ocrx_word' id='word_1_251' title='bbox 1390 2477 1420 2518; x_wconf 81' lang='lat' dir='ltr'>J</span> <span class='ocrx_word' id='word_1_252' title='bbox 1424 2477 1596 2519; x_wconf 87' lang='lat' dir='ltr'>ohannis</span> <span class='ocrx_word' id='word_1_253' title='bbox 1618 2477 1727 2532; x_wconf 88' lang='lat' dir='ltr'>Bap-</span> 
     </span>
     <span class='ocr_line' id='line_1_30' title="bbox 199 2544 1723 2601; baseline -0.001 -15"><span class='ocrx_word' id='word_1_254' title='bbox 199 2545 325 2597; x_wconf 75' lang='lat' dir='ltr'>tistae,</span> <span class='ocrx_word' id='word_1_255' title='bbox 345 2551 386 2587; x_wconf 94' lang='lat' dir='ltr'>et</span> <span class='ocrx_word' id='word_1_256' title='bbox 406 2545 572 2601; x_wconf 86' lang='lat' dir='ltr'>gloriosi</span> <span class='ocrx_word' id='word_1_257' title='bbox 594 2545 826 2595; x_wconf 82' lang='lat' dir='ltr'>Cuthberti,</span> <span class='ocrx_word' id='word_1_258' title='bbox 846 2560 894 2586; x_wconf 88' lang='lat' dir='ltr'>ac</span> <span class='ocrx_word' id='word_1_259' title='bbox 916 2545 1038 2586; x_wconf 88' lang='lat' dir='ltr'>Beati</span> <span class='ocrx_word' id='word_1_260' title='bbox 1061 2545 1243 2594; x_wconf 79' lang='lat' dir='ltr'>Godrici,</span> <span class='ocrx_word' id='word_1_261' title='bbox 1262 2544 1482 2585; x_wconf 83' lang='lat' dir='ltr'>decanta-re</span> <span class='ocrx_word' id='word_1_262' title='bbox 1505 2544 1723 2598; x_wconf 78' lang='lat' dir='ltr'>dignetur3</span> 
     </span>
     <span class='ocr_line' id='line_1_31' title="bbox 199 2609 1726 2666; baseline 0 -14"><span class='ocrx_word' id='word_1_263' title='bbox 199 2613 392 2666; x_wconf 84' lang='lat' dir='ltr'>quatinus</span> <span class='ocrx_word' id='word_1_264' title='bbox 413 2612 470 2653; x_wconf 88' lang='grc'>510</span> <span class='ocrx_word' id='word_1_265' title='bbox 491 2627 632 2653; x_wconf 91' lang='lat' dir='ltr'>eorum</span> <span class='ocrx_word' id='word_1_266' title='bbox 662 2611 943 2653; x_wconf 86' lang='lat' dir='ltr'>misericordia</span> <span class='ocrx_word' id='word_1_267' title='bbox 963 2611 1016 2652; x_wconf 86' lang='lat' dir='ltr'>ad</span> <span class='ocrx_word' id='word_1_268' title='bbox 1037 2611 1240 2665; x_wconf 84' lang='lat' dir='ltr'>loquelam</span> <span class='ocrx_word' id='word_1_269' title='bbox 1271 2609 1353 2651; x_wconf 91' lang='lat' dir='ltr'>filio</span> <span class='ocrx_word' id='word_1_270' title='bbox 1384 2625 1475 2651; x_wconf 87' lang='lat' dir='ltr'>meo</span> <span class='ocrx_word' id='word_1_271' title='bbox 1503 2610 1726 2665; x_wconf 89' lang='lat' dir='ltr'>impetran-</span> 
     </span>
     <span class='ocr_line' id='line_1_32' title="bbox 200 2676 1724 2734; baseline -0.002 -14"><span class='ocrx_word' id='word_1_272' title='bbox 200 2679 296 2720; x_wconf 88' lang='lat' dir='ltr'>dam</span> <span class='ocrx_word' id='word_1_273' title='bbox 317 2679 496 2734; x_wconf 92' lang='lat' dir='ltr'>propitia</span> <span class='ocrx_word' id='word_1_274' title='bbox 518 2693 655 2720; x_wconf 90' lang='lat' dir='ltr'>coram</span> <span class='ocrx_word' id='word_1_275' title='bbox 678 2678 857 2719; x_wconf 89' lang='lat' dir='ltr'>Domino</span> <span class='ocrx_word' id='word_1_276' title='bbox 879 2676 1120 2718; x_wconf 70' lang='lat' dir='ltr'>efficiatur.”</span> <span class='ocrx_word' id='word_1_277' title='bbox 1190 2677 1283 2730; x_wconf 72' lang='lat' dir='ltr'>Qua</span> <span class='ocrx_word' id='word_1_278' title='bbox 1298 2677 1369 2718; x_wconf 82' lang='lat' dir='ltr'>vix</span> <span class='ocrx_word' id='word_1_279' title='bbox 1391 2676 1577 2717; x_wconf 89' lang='lat' dir='ltr'>oratione</span> <span class='ocrx_word' id='word_1_280' title='bbox 1593 2676 1724 2727; x_wconf 88' lang='lat' dir='ltr'>finita,</span> 
     </span>
     <span class='ocr_line' id='line_1_33' title="bbox 198 2743 1726 2800; baseline -0.003 -13"><span class='ocrx_word' id='word_1_281' title='bbox 198 2745 340 2787; x_wconf 88' lang='lat' dir='ltr'>statim</span> <span class='ocrx_word' id='word_1_282' title='bbox 366 2745 507 2800; x_wconf 86' lang='lat' dir='ltr'>lingua</span> <span class='ocrx_word' id='word_1_283' title='bbox 533 2745 649 2800; x_wconf 89' lang='lat' dir='ltr'>pueri</span> <span class='ocrx_word' id='word_1_284' title='bbox 684 2750 746 2786; x_wconf 85' lang='lat' dir='ltr'>est</span> <span class='ocrx_word' id='word_1_285' title='bbox 779 2745 926 2794; x_wconf 92' lang='lat' dir='ltr'>soluta,</span> <span class='ocrx_word' id='word_1_286' title='bbox 950 2748 991 2785; x_wconf 93' lang='lat' dir='ltr'>et</span> <span class='ocrx_word' id='word_1_287' title='bbox 1018 2758 1229 2798; x_wconf 90' lang='lat' dir='ltr'>nunquam</span> <span class='ocrx_word' id='word_1_288' title='bbox 1252 2748 1377 2784; x_wconf 88' lang='lat' dir='ltr'>antea</span> <span class='ocrx_word' id='word_1_289' title='bbox 1403 2743 1542 2784; x_wconf 90' lang='lat' dir='ltr'>locuto</span> <span class='ocrx_word' id='word_1_290' title='bbox 1564 2743 1726 2797; x_wconf 90' lang='lat' dir='ltr'>loquela</span> 
     </span>
    </p>
   </div>
   <div class='ocr_carea' id='block_1_8' title="bbox 193 2851 1718 2945">
    <p class='ocr_par' dir='ltr' id='par_1_8' title="bbox 193 2851 1718 2945">
     <span class='ocr_line' id='line_1_34' title="bbox 238 2851 1718 2901; baseline -0.003 -12"><span class='ocrx_word' id='word_1_291' title='bbox 238 2859 244 2877; x_wconf 92' lang='lat'><strong>¹</strong></span> <span class='ocrx_word' id='word_1_292' title='bbox 267 2854 447 2901; x_wconf 72' lang='lat' dir='ltr'>Percepit]</span> <span class='ocrx_word' id='word_1_293' title='bbox 473 2854 591 2888; x_wconf 76' lang='lat' dir='ltr'>Above</span> <span class='ocrx_word' id='word_1_294' title='bbox 617 2855 673 2888; x_wconf 83' lang='lat' dir='ltr'>tho</span> <span class='ocrx_word' id='word_1_295' title='bbox 698 2855 778 2899; x_wconf 78' lang='lat' dir='ltr'>line,</span> <span class='ocrx_word' id='word_1_296' title='bbox 804 2855 839 2888; x_wconf 85' lang='lat' dir='ltr'>in</span> <span class='ocrx_word' id='word_1_297' title='bbox 864 2867 883 2888; x_wconf 80' lang='lat' dir='ltr'>a</span> <span class='ocrx_word' id='word_1_298' title='bbox 909 2854 1064 2888; x_wconf 78' lang='lat' dir='ltr'>different</span> <span class='ocrx_word' id='word_1_299' title='bbox 1090 2853 1148 2887; x_wconf 83' lang='lat' dir='ltr'>but</span> <span class='ocrx_word' id='word_1_300' title='bbox 1175 2858 1433 2899; x_wconf 81' lang='lat' dir='ltr'>contemporary</span> <span class='ocrx_word' id='word_1_301' title='bbox 1451 2853 1554 2895; x_wconf 87' lang='lat' dir='ltr'>hand,</span> <span class='ocrx_word' id='word_1_302' title='bbox 1581 2864 1635 2886; x_wconf 86' lang='lat' dir='ltr'>are</span> <span class='ocrx_word' id='word_1_303' title='bbox 1661 2851 1718 2885; x_wconf 88' lang='lat' dir='ltr'>the</span> 
     </span>
     <span class='ocr_line' id='line_1_35' title="bbox 193 2901 694 2945; baseline 0.002 -11"><span class='ocrx_word' id='word_1_304' title='bbox 193 2901 310 2945; x_wconf 81' lang='lat' dir='ltr'>words,</span> <span class='ocrx_word' id='word_1_305' title='bbox 330 2904 349 2920; x_wconf 82' lang='lat'><strong>“</strong></span> <span class='ocrx_word' id='word_1_306' title='bbox 363 2902 396 2936; x_wconf 86' lang='lat' dir='ltr'>id</span> <span class='ocrx_word' id='word_1_307' title='bbox 415 2907 476 2945; x_wconf 83' lang='lat' dir='ltr'>est,</span> <span class='ocrx_word' id='word_1_308' title='bbox 496 2901 537 2934; x_wconf 86' lang='grc'>(10</span> <span class='ocrx_word' id='word_1_309' title='bbox 554 2901 694 2935; x_wconf 78' lang='lat' dir='ltr'>lorica.⁷&#39;</span> 
     </span>
    </p>
   </div>
  </div>
 </body>
</html>
