1839 3186
166 154 247 192 408
685 161 916 193 LIBELLUS
953 161 1017 192 DE
1053 161 1167 192 VITA

166 267 254 322 ipso
280 266 511 307 cauteriata
531 271 572 307 et
596 265 767 307 diversis
788 266 1186 307 medicamentorum
1207 263 1513 320 praecisionibus
1533 261 1700 312 afflicta,

170 348 330 387 semper
351 332 405 374 ad
430 333 634 374 deteriora
665 331 752 388 ejus
776 331 995 374 infirmitas
1026 338 1088 374 est
1112 332 1316 387 prolapsa.
1378 330 1567 371 Tandem
1590 329 1703 370 lento

170 399 318 440 itinere
342 414 384 441 se
413 399 483 439 illo
509 399 655 440 misere
687 399 966 453 protrahendo
997 398 1198 454 pervenit,
1223 403 1264 439 et
1286 397 1339 438 ad
1364 396 1437 438 viri
1460 395 1540 437 Dei
1571 394 1703 450 sepul-

172 466 318 506 chrum
339 465 560 506 sanitatem
591 465 788 519 percepit,
812 470 852 506 et
874 465 1152 519 gaudentibus
1173 479 1266 505 cum
1289 463 1407 506 sociis
1434 463 1514 503 iter
1535 461 1705 503 domum

175 547 274 573 sana
295 532 483 573 confecit.

509 644 614 669 CXVI.
637 645 688 669 DE
719 645 860 678 TORTA,
895 644 1084 678 1NCURVA,
1119 645 1165 669 ET
1196 644 1372 669 GIBBOSA.

237 729 376 781 §483
417 728 588 768 MULOER
618 727 668 768 de
701 727 943 769 Clivelanda
965 727 1112 782 viginti
1143 727 1303 769 duobus
1331 726 1450 768 annis
1481 740 1532 766 ex
1563 740 1708 767 renum

180 795 462 835 contractione
485 799 526 835 et
543 794 696 835 ossium
719 793 829 835 dorsi
854 793 1100 835 tortitudine
1122 794 1292 835 incurva
1314 793 1559 839 exstiterat·‚
1584 792 1707 841 unde,

181 861 295 915 quasi
328 861 501 916 gibbosa
533 860 690 911 fuisset,
714 875 925 915 nunquam
958 860 1037 902 illis
1058 860 1101 901 in
1133 860 1276 902 diebus
1297 860 1490 901 humeros
1519 863 1560 899 et
1585 863 1709 913 caput

181 928 235 968 ad
264 927 473 982 superiora
506 926 661 967 directe
686 926 931 981 protendere
952 927 1216 982 praevalebat.
1289 927 1390 979 Quae
1410 925 1559 967 misero
1586 924 1710 965 modo

182 994 342 1034 duobus
373 993 531 1034 baculis
563 998 809 1043 sustentata,
835 992 892 1034 sic
924 1008 1011 1035 sese
1033 994 1278 1048 protrahens
1309 992 1543 1047 quadrupes
1571 996 1632 1032 est
1654 990 1710 1031 ef-

183 1060 304 1101 fecta.
372 1059 481 1100 Haec
502 1060 598 1100 illuc
619 1060 874 1114 perveniens,
898 1064 939 1100 et
962 1074 1099 1100 coram
1121 1060 1267 1100 tumba
1288 1058 1399 1101 beati
1421 1058 1497 1100 viri
1522 1072 1710 1113 procum-

185 1127 297 1174 bens,
332 1125 567 1167 videntibus
602 1126 745 1167 multis
783 1126 851 1180 qui
888 1126 957 1167 illo
991 1126 1041 1166 de
1078 1126 1273 1167 nundinis
1314 1125 1456 1166 Sancti
1493 1123 1713 1166 Guthberti

184 1193 450 1241 advenerant,
476 1192 526 1232 de
548 1192 829 1233 contractione
851 1207 951 1234 sana
974 1193 1166 1233 surrexit.

420 1340 545 1366 CXVII.
579 1339 677 1364 ITEM
710 1341 761 1365 DE
792 1341 886 1366 ALIO
917 1342 1093 1367 INCURVO
1124 1342 1289 1367 BACULIS
1320 1339 1480 1365 INNIXO.

246 1425 383 1476 §484.
427 1424 513 1464 Vm
545 1424 713 1478 quidam
745 1424 933 1465 similiter
959 1424 1008 1465 de
1044 1424 1385 1479 Alnewicschyra
1416 1438 1564 1464 novem
1600 1422 1717 1463 annis

187 1491 382 1532 incurvus
406 1491 509 1531 adeo
535 1490 710 1540 exstitit,
736 1490 845 1544 quod
870 1491 955 1531 sine
978 1490 1137 1532 duobus
1161 1491 1317 1532 baculis
1338 1504 1540 1544 nusquam
1561 1489 1717 1529 moveri

189 1557 438 1611 praevaluit,
474 1556 541 1611 qui
579 1556 675 1597 illuc
714 1557 950 1608 adveniens,
986 1562 1154 1612 repente
1197 1557 1247 1598 de
1283 1560 1403 1597 tanta
1437 1555 1719 1596 invalitudinis

189 1622 429 1663 infirmitate
463 1623 685 1673 convaluit,
710 1626 751 1663 et
773 1623 940 1664 baculos
972 1623 1120 1677 quibus
1152 1623 1271 1664 inniti
1304 1637 1351 1663 ac
1389 1622 1523 1662 fulciri
1551 1636 1718 1662 consue-

190 1694 305 1730 verat
333 1689 388 1730 ibi
415 1689 587 1730 offerens
616 1689 847 1743 dereliquit,
871 1705 919 1730 ac
951 1690 1007 1731 sic
1031 1690 1170 1744 biceps
1201 1689 1323 1731 rediit
1352 1689 1420 1742 qui
1444 1688 1515 1729 vix
1543 1686 1719 1742 quadru-

190 1771 262 1810 pes
284 1755 352 1796 illo
375 1760 609 1810 protractus
631 1755 813 1797 advenit.

661 1903 799 1928 OXV111.
833 1903 883 1927 DE
914 1903 1022 1928 CAECA
1055 1903 1248 1930 MULIERE.

253 1986 270 2037 ᾧ
294 1988 391 2026 485.
425 1986 545 2026 ERAT
577 1985 765 2039 quaedam
803 1985 950 2026 mulier
975 1986 1045 2026 diu
1078 2000 1201 2035 caeca,
1229 1986 1279 2026 de
1312 1985 1480 2028 Gestriae
1505 1986 1603 2028 villa
1632 2001 1724 2041 pro-

194 2052 348 2105 genita.
420 2051 544 2092 Hanc
565 2052 646 2092 alia
678 2049 763 2105 ejus
785 2050 920 2092 vicina
949 2066 1075 2092 manu
1106 2053 1443 2106 comprehensam
1474 2053 1543 2093 illo
1576 2053 1724 2093 ducere

197 2117 352 2167 debuit,
387 2117 486 2170 quin
518 2133 597 2172 quo
628 2132 791 2172 gressus
823 2118 1078 2171 praetendere
1113 2117 1320 2158 debuisset
1342 2118 1472 2159 altera
1505 2118 1724 2173 ignoravit.

200 2183 281 2224 Sed
305 2183 564 2224 venientibus
586 2183 665 2224 illis
686 2198 808 2237 super
828 2188 1022 2236 stagnum
1052 2183 1235 2237 piscariae
1256 2183 1395 2238 ipsius,
1410 2183 1582 2239 jamque
1612 2182 1725 2225 fluvii

199 2249 417 2290 dimidium
444 2249 680 2303 progressis,
707 2253 875 2302 repente
902 2264 991 2302 quae
1024 2264 1131 2290 caeca
1159 2249 1322 2290 exstitit
1345 2251 1483 2292 oculos
1516 2251 1661 2301 erexit,
1685 2255 1726 2291 et

199 2316 353 2356 lumine
374 2320 539 2369 recepto
562 2314 775 2355 ecclesiam
800 2320 934 2355 totam
956 2330 1049 2356 cum
1066 2315 1186 2356 horto
1209 2320 1249 2356 et
1267 2315 1369 2357 silva
1387 2321 1477 2357 tota
1498 2316 1725 2371 conspexit.

203 2382 304 2433 Quae
326 2381 470 2422 videns
491 2380 545 2421 ad
567 2380 676 2421 beati
700 2380 776 2421 viri
798 2381 1059 2435 sepulchrum
1080 2382 1235 2436 gratias
1256 2383 1437 2423 relatura
1460 2381 1660 2437 pervenit,
1686 2387 1728 2423 et

201 2461 350 2502 sospes,
375 2447 462 2488 visu
497 2451 675 2501 recepto,
702 2461 795 2486 cum
825 2447 954 2487 sodali
980 2447 1167 2501 gaudens
1192 2448 1361 2489 domum
1390 2448 1525 2489 rediit.
1589 2447 1729 2503 Hujus

201 2513 388 2554 miraculi
418 2527 592 2567 persona
619 2512 745 2566 ipsius
777 2512 955 2553 ecclesiae
990 2513 1050 2553 W
1052 2514 1283 2564 alerandus,
1317 2529 1410 2554 cum
1446 2513 1601 2556 clericis
1631 2513 1726 2564 suis,

204 2580 322 2620 testis
343 2579 512 2627 assistit,
537 2578 647 2632 quod
672 2582 712 2618 et
737 2593 876 2618 verum
898 2578 1021 2619 fuisse
1043 2579 1175 2620 omnis
1200 2577 1287 2634 ejus
1309 2579 1520 2634 ¹parochia
1542 2579 1672 2622 novit.

252 2672 447 2705 ¹Pctr0claeia
474 2671 595 2717 novit]
639 2662 660 2690 ‘²
675 2671 801 2704 Mulier
828 2671 981 2715 quaedam
1012 2683 1101 2705 caeca
1131 2672 1189 2704 diu
1217 2672 1336 2715 fuerat,
1367 2684 1441 2717 quae
1469 2672 1510 2706 ad
1539 2673 1730 2718 sepulcrum

204 2718 318 2751 Sancti
338 2718 488 2761 Godrici,
510 2718 575 2751 alia
593 2719 748 2760 ducente,
768 2717 830 2750 iter
847 2717 996 2761 arripuit.
1049 2717 1276 2751 Venientibus
1293 2725 1406 2752 autem
1425 2719 1491 2752 illis
1509 2719 1552 2752 ad
1575 2726 1731 2763 stagnum

204 2765 356 2809 piscaria}
370 2764 429 2797 viri
446 2764 522 2807 Dei,
541 2764 645 2808 aperti
664 2769 742 2796 sunt
760 2763 851 2796 illius
869 2763 968 2806 oculi,
988 2769 1019 2796 et
1032 2763 1115 2796 vidit
1133 2763 1322 2807 ecclesiam,
1337 2771 1370 2797 ct
1386 2765 1534 2807 hortum,
1551 2771 1584 2798 et
1602 2765 1731 2808 silvam,

202 2816 234 2843 ct
265 2817 386 2844 caetera
412 2810 686 2854 circumquaque.
738 2809 867 2842 videns
893 2809 1005 2853 igitur,
1031 2810 1071 2842 ad
1096 2810 1246 2843 tumbam
1272 2811 1396 2855 gratias
1414 2817 1527 2844 actura
1544 2811 1731 2856 pervenit.”

204 2857 314 2889 Anon.
336 2856 430 2889 Harl.
449 2856 597 2900 chend.
