1839 3186
139 184 221 224 312
664 187 897 219 LIBELLUS
934 187 997 217 DE
1032 186 1147 217 VITA

137 297 210 340 sed
230 295 463 351 praecipites
482 293 629 344 effecti,
646 292 793 348 dilapsi
815 292 1033 334 suntunde
1054 297 1252 334 venerant
1275 292 1317 333 in
1339 291 1462 332 chaos
1483 289 1668 332 barathri

143 363 154 384 ¹
165 362 463 418 sempiternum
471 393 479 401 .

142 589 229 615 cAP.
265 588 398 614 chlv.
444 586 562 616 QUAM
594 585 691 611 DinA
731 584 1003 610 NATURALIUM
1042 584 1304 610 MEMBRORUM
1336 584 1557 610 TORMENTA
1589 582 1673 608 sus-

771 633 997 676 ΤΙΝΠΜΠΤ.2

206 755 223 807 §
243 757 339 797 293.
392 754 432 794 N
435 769 480 794 EC
501 751 909 809 praetermittendum
933 751 1111 793 arbitror
1132 755 1287 804 quanta
1307 750 1402 791 tabe
1425 747 1678 790 infirmitatis

149 822 331 876 elanguit
347 825 570 875 antequam
584 819 638 861 ad
654 819 763 860 diem
778 823 1009 860 extremam
1023 817 1223 872 pervenit.
1252 816 1464 870 Siquidem
1479 814 1680 856 naturalis

148 888 292 930 vesicae
313 887 441 943 ipsius
464 886 635 928 folliculi
662 886 793 927 instar
814 885 1060 926 lactantium
1094 883 1371 925 mamillarum
1393 897 1444 923 ex
1465 885 1679 937 grassante

149 970 306 996 veneno
347 954 645 1002 intumuerant,
683 952 791 1007 quod
824 951 935 993 omni
966 951 1050 992 fere
1078 950 1143 991 die
1176 965 1335 992 venena
1362 948 1608 990 inundantia
1629 962 1681 988 ex

150 1022 207 1063 eis
228 1036 352 1062 manu
375 1020 638 1062 servientium
661 1018 827 1074 mulgiri
855 1021 1170 1065 consueverant;
1204 1032 1302 1058 nam
1324 1020 1444 1057 vetus
1471 1020 1685 1070 apostema

151 1088 364 1143 diruptum
385 1087 427 1127 in
448 1087 528 1128 illis
551 1086 650 1128 locis
670 1087 713 1128 in
734 1084 884 1127 fistulae
911 1084 1069 1141 jugiter
1090 1084 1270 1139 patentis
1290 1083 1406 1124 ulcus
1427 1085 1680 1130 excreverat,

154 1154 264 1210 quod
303 1154 466 1195 assidue
505 1168 664 1195 venena
696 1152 931 1208 parturiens
970 1156 1094 1205 atque
1135 1165 1264 1204 usque
1305 1150 1346 1190 in
1391 1148 1500 1190 diem
1544 1148 1682 1189 obitus

152 1222 279 1277 ipsius
298 1225 457 1276 patens,
483 1234 694 1274 nunquam
715 1218 865 1260 obduci
886 1218 951 1260 vel
969 1217 1105 1259 sanari
1126 1217 1305 1259 valebat.
1367 1215 1538 1268 Quoties
1560 1214 1685 1270 igitur

156 1288 386 1329 extricante
428 1301 567 1337 mauu,
603 1286 791 1327 minister
832 1284 979 1339 aliquis
1013 1283 1193 1326 vesicam
1229 1287 1464 1338 turgentem
1505 1280 1682 1332 emulsit,

158 1355 244 1410 ipse
266 1353 385 1395 elatis
400 1353 569 1396 vocibus
587 1352 797 1394 horrisone
818 1352 970 1407 rugire,
991 1350 1164 1392 fremere
1187 1354 1228 1390 et
1251 1348 1442 1404 conqueri
1460 1347 1683 1401 consuevit,

158 1422 264 1476 quia,
287 1425 335 1461 ut
356 1420 544 1470 asseruit,
577 1419 631 1460 ad
662 1424 823 1460 tactum
858 1417 1147 1459 ablactationis
1177 1416 1292 1471 quasi
1322 1430 1447 1457 venas
1469 1415 1601 1456 cordis
1625 1414 1687 1456 sui

158 1487 300 1529 cultris
321 1486 460 1536 incidi,
486 1485 699 1541 persensit.
770 1484 832 1526 At
854 1490 994 1526 tamen
1014 1484 1093 1524 1100
1115 1498 1217 1538 opus
1237 1483 1324 1538 ipse
1343 1481 1430 1523 fieri
1451 1486 1655 1537 praecepet
1673 1497 1684 1526 ς

159 1554 256 1609 quia
291 1554 389 1595 dum
434 1552 546 1594 intus
577 1567 781 1594 venenum
823 1550 1062 1606 permansit,
1103 1549 1218 1604 quasi
1263 1564 1384 1604 super
1427 1548 1564 1589 focum
1597 1548 1689 1597 olla,

160 1622 220 1663 ita
257 1619 406 1662 vesicae
446 1618 615 1660 interior
650 1618 817 1659 testudo
851 1617 1052 1659 ebullivit.
1124 1616 1272 1670 Itaque
1308 1615 1526 1669 utrobique
1556 1615 1691 1670 passio

161 1702 269 1729 saeva
310 1686 498 1735 exstitit3
534 1686 630 1740 quia
661 1685 759 1726 dum
795 1683 1051 1726 extrahendo
1083 1683 1385 1733 ablactabatur,
1409 1682 1691 1723 semianimem

161 1753 343 1796 reddidit
362 1770 372 1801 ;
452 1752 616 1806 quando
671 1766 768 1793 Vero
822 1751 999 1806 grassari
1049 1749 1380 1805 permittebatur,
1434 1748 1691 1789 intolerabile

162 1820 335 1876 patienti
358 1823 611 1861 tormentum
643 1818 826 1859 incussit.
887 1816 1068 1858 Proinde
1090 1816 1381 1871 importunitas
1401 1819 1448 1856 ut
1470 1815 1694 1870 emulgere.-

163 1893 231 1928 tur
255 1886 389 1928 vesica
412 1885 624 1941 compulit,
662 1889 703 1925 et
727 1889 915 1925 extracta
942 1883 1165 1924 ablactatio
1200 1882 1433 1938 angustiam
1464 1880 1693 1936 mitigando

159 1953 423 2008 temperavit,
449 1957 496 1993 ut
527 1951 616 1993 vita
648 1951 880 1992 diuturnior
911 1950 1141 1991 conservari
1162 1949 1379 2004 potuisset,
1400 1953 1523 2003 atque
1548 1949 1691 1989 immo-

166 2021 309 2061 derata
328 2018 551 2060 necessitas
574 2033 615 2059 se
640 2017 851 2071 aliquanto
873 2017 1172 2072 temperantius
1194 2015 1399 2057 ³haberet.

210 2111 220 2130 ¹-
241 2108 506 2155 Sempiternum]
544 2111 565 2128 “
578 2109 642 2142 Per
667 2120 772 2142 annos
798 2109 865 2142 fere
891 2114 966 2141 octo
993 2109 1027 2141 in
1051 2108 1139 2141 lecto
1165 2107 1389 2141 decumbebat
1413 2107 1604 2152 languidus,
1633 2117 1696 2139 nec

165 2168 313 2201 unquam
332 2156 395 2189 nisi
422 2156 539 2189 alienae
556 2167 676 2189 manus
694 2155 819 2188 auxilio
838 2154 1050 2199 exsurgebat.
1102 2154 1177 2187 Hoc
1195 2159 1345 2199 tempore
1362 2160 1412 2187 tot
1430 2154 1590 2187 sustinuit
1608 2165 1696 2185 mor-

165 2203 284 2236 borum
302 2203 630 2247 temptationumque
654 2201 837 2244 molestias,
855 2201 943 2245 quod
964 2201 1019 2233 vix
1042 2207 1179 2245 possent
1195 2200 1311 2245 lingua
1328 2200 1380 2234 vel
1398 2200 1526 2234 calamo
1545 2211 1695 2244 compre—

165 2249 280 2283 hendi.
331 2248 465 2282 Interea
494 2255 656 2281 venerunt
683 2248 748 2280 duo
776 2247 897 2290 zabuli,
926 2247 1112 2280 deferentes
1141 2246 1305 2280 lectulum
1333 2252 1366 2280 et
1394 2247 1566 2280 dicentes:
1593 2246 1696 2279 ‘Huc

169 2295 321 2328 venimus
340 2301 377 2328 ut
391 2301 424 2328 te
442 2295 484 2328 ad
502 2295 625 2328 inferos
644 2294 869 2339 deportemus,
888 2293 966 2338 quia
984 2305 1088 2326 senex
1107 2293 1231 2326 delirus
1251 2305 1296 2337 es,
1316 2300 1348 2326 et
1363 2293 1403 2326 de
1421 2293 1571 2338 sapiente
1588 2292 1697 2325 factus

168 2341 353 2386 insipiens.’
404 2341 467 2374 Ille
486 2341 604 2374 Crucis
630 2340 801 2385 signaculo
827 2352 862 2373 se
887 2340 1043 2383 munivit,
1070 2345 1102 2372 et
1119 2351 1216 2373 orans
1242 2339 1411 2373 daemones
1436 2339 1588 2385 protinus
1614 2339 1698 2372 effu-

166 2389 294 2434 gavit.⁷⁷
320 2388 432 2422 Α11011.
452 2387 613 2421 Harleian
631 2386 779 2431 Legend.

215 2435 228 2455 2
254 2434 326 2468 The
345 2434 440 2468 Harl.
460 2434 535 2468 MS.
555 2433 635 2467 does
652 2439 710 2466 not
727 2433 862 2466 contain
879 2432 946 2466 this
964 2432 1113 2477 chapter.

216 2482 229 2501 ³
250 2479 424 2527 Haberet]
453 2480 527 2514 The
553 2491 644 2513 same
669 2480 833 2513 narrative
851 2479 929 2512 thus
955 2480 1153 2513 continues:
1181 2479 1340 2513 “Postea
1356 2478 1497 2512 folliculi
1524 2478 1629 2524 ipsius
1647 2477 1696 2510 111-

170 2533 362 2561 tumuerant
380 2528 484 2561 instar
499 2526 715 2560 muliebrium
734 2526 970 2569 mamillarum,
984 2531 1015 2558 et
1030 2537 1073 2558 ex
1088 2526 1135 2559 eis
1147 2526 1215 2559 fere
1229 2525 1320 2559 omni
1333 2525 1387 2558 die
1399 2525 1493 2569 quasi
1511 2535 1698 2558 venenosus

170 2575 291 2607 lunnor
305 2574 555 2619 exprimebatur
572 2573 727 2606 manibus
745 2573 987 2605 ministrorum.
1036 2572 1088 2605 Ibi
1103 2573 1205 2615 enim,
1224 2578 1318 2605 vetus
1337 2577 1509 2617 apostema
1527 2571 1698 2615 diruptum

172 2621 296 2654 fistulae
313 2620 458 2666 patentis
476 2620 572 2653 ulcus
591 2620 757 2663 effecerat,
773 2619 861 2652 unde
874 2618 983 2663 liquor
995 2619 1121 2663 jugiter
1135 2619 1324 2659 emanabat,
1336 2630 1397 2651 1100
1415 2625 1491 2651 ante
1510 2618 1614 2663 ipsius
1629 2616 1700 2650 obi-

172 2675 244 2700 tum
264 2668 371 2701 sanari
390 2667 499 2712 potuit
513 2666 564 2699 vel
583 2666 716 2699 obduci.
768 2665 909 2707 Quoties
922 2676 998 2697 vero
1013 2665 1165 2697 minister
1183 2670 1372 2709 turgentem
1385 2665 1528 2697 vesicam
1537 2665 1653 2707 jussus
1669 2669 1702 2696 et

174 2714 361 2759 obsequens
380 2713 633 2758 comprimebat,
652 2712 701 2745 vir
726 2718 861 2745 sanctus
887 2711 1084 2744 mirabiliter
1102 2723 1308 2756 conquerens
1327 2711 1423 2744 elatis
1441 2710 1579 2743 vocibus
1597 2709 1700 2753 ejula-

174 2761 242 2803 bat,
269 2761 324 2804 qui
351 2761 438 2793 sicut
468 2760 610 2805 ipsemet
640 2759 834 2801 testabatur,
863 2757 1029 2791 sentiebat.
1056 2758 1148 2802 quasi
1180 2757 1287 2791 cultro
1317 2769 1418 2790 venas
1447 2756 1556 2790 cordis
1584 2755 1700 2790 incidi.

177 2806 253 2851 Ipse
272 2814 384 2839 tamen
402 2807 444 2839 ad
461 2806 525 2839 1100
543 2817 626 2850 opus
651 2805 842 2839 ministrum
868 2804 944 2837 ideo
971 2803 1203 2848 compellebat,
1223 2803 1301 2848 quia
1327 2803 1407 2836 dum
1434 2803 1516 2836 illud
1535 2814 1700 2836 venenum

175 2853 409 2886 continebatur
434 2853 585 2895 interius,
605 2852 715 2885 vesica
733 2852 823 2885 intus
841 2851 933 2884 velut
950 2850 1016 2884 olla
1033 2862 1133 2896 super
1150 2850 1261 2896 ignem
1279 2850 1389 2895 posita
1407 2849 1582 2892 bulliebat,
1601 2854 1634 2882 ct
1650 2849 1699 2882 sic

176 2906 245 2932 erat
263 2900 439 2944 utrobique
458 2898 676 2932 intolerabilis
694 2897 898 2932 cruciatus.⁷’
