<?xml version="1.0" encoding="UTF-8"?>
<!DOCTYPE html PUBLIC "-//W3C//DTD XHTML 1.0 Transitional//EN"
    "http://www.w3.org/TR/xhtml1/DTD/xhtml1-transitional.dtd">
<html xmlns="http://www.w3.org/1999/xhtml" xml:lang="en" lang="en">
 <head>
  <title>
</title>
<meta http-equiv="Content-Type" content="text/html;charset=utf-8" />
  <meta name='ocr-system' content='tesseract 3.04.00' />
  <meta name='ocr-capabilities' content='ocr_page ocr_carea ocr_par ocr_line ocrx_word'/>
</head>
<body>
  <div class='ocr_page' id='page_1' title='image "./libellusdevitaet00regi_0455.png"; bbox 0 0 1839 3186; ppageno 0'>
   <div class='ocr_carea' id='block_1_1' title="bbox 508 228 1608 275">
    <p class='ocr_par' dir='ltr' id='par_1_1' title="bbox 508 228 1608 275">
     <span class='ocr_line' id='line_1_1' title="bbox 508 228 1608 275; baseline -0.006 0"><span class='ocrx_word' id='word_1_1' title='bbox 508 243 566 275; x_wconf 88' lang='grc' dir='ltr'>ΕΤ</span> <span class='ocrx_word' id='word_1_2' title='bbox 601 242 864 274; x_wconf 81' lang='lat' dir='ltr'>MIRACULIS</span> <span class='ocrx_word' id='word_1_3' title='bbox 901 242 935 273; x_wconf 87' lang='grc'>0.</span> <span class='ocrx_word' id='word_1_4' title='bbox 962 240 1177 273; x_wconf 70' lang='grc'>00011101.</span> <span class='ocrx_word' id='word_1_5' title='bbox 1528 228 1608 268; x_wconf 75' lang='lat'>409</span> 
     </span>
    </p>
   </div>
   <div class='ocr_carea' id='block_1_2' title="bbox 602 393 1087 419">
    <p class='ocr_par' dir='ltr' id='par_1_2' title="bbox 602 393 1087 419">
     <span class='ocr_line' id='line_1_2' title="bbox 602 393 1087 419; baseline -0.008 0"><span class='ocrx_word' id='word_1_6' title='bbox 602 393 711 419; x_wconf 84' lang='lat' dir='ltr'><strong>CXIX.</strong></span> <span class='ocrx_word' id='word_1_7' title='bbox 745 394 796 418; x_wconf 78' lang='lat' dir='ltr'>DE</span> <span class='ocrx_word' id='word_1_8' title='bbox 826 393 928 418; x_wconf 88' lang='lat' dir='ltr'><strong>TELA</strong></span> <span class='ocrx_word' id='word_1_9' title='bbox 960 393 1087 418; x_wconf 90' lang='lat' dir='ltr'>OCULI.</span> 
     </span>
    </p>
   </div>
   <div class='ocr_carea' id='block_1_3' title="bbox 84 458 1620 1114">
    <p class='ocr_par' dir='ltr' id='par_1_3' title="bbox 84 458 1620 1114">
     <span class='ocr_line' id='line_1_3' title="bbox 142 458 1614 513; baseline -0.002 -11"><span class='ocrx_word' id='word_1_10' title='bbox 142 461 280 513; x_wconf 59' lang='lat'>§486</span> <span class='ocrx_word' id='word_1_11' title='bbox 314 461 512 513; x_wconf 75' lang='lat' dir='ltr'>QUAEDAM</span> <span class='ocrx_word' id='word_1_12' title='bbox 544 465 736 501; x_wconf 87' lang='lat' dir='ltr'>matrona</span> <span class='ocrx_word' id='word_1_13' title='bbox 770 459 937 501; x_wconf 88' lang='lat' dir='ltr'>nomine</span> <span class='ocrx_word' id='word_1_14' title='bbox 969 459 1134 510; x_wconf 78' lang='lat' dir='ltr'>Oecilia,</span> <span class='ocrx_word' id='word_1_15' title='bbox 1168 460 1210 499; x_wconf 91' lang='lat' dir='ltr'>in</span> <span class='ocrx_word' id='word_1_16' title='bbox 1245 458 1423 500; x_wconf 89' lang='lat' dir='ltr'>Bothale</span> <span class='ocrx_word' id='word_1_17' title='bbox 1457 459 1614 500; x_wconf 87' lang='lat' dir='ltr'>diutius</span> 
     </span>
     <span class='ocr_line' id='line_1_4' title="bbox 84 524 1614 581; baseline -0.001 -13"><span class='ocrx_word' id='word_1_18' title='bbox 84 531 337 577; x_wconf 84' lang='lat' dir='ltr'>conversata,</span> <span class='ocrx_word' id='word_1_19' title='bbox 360 532 537 567; x_wconf 87' lang='lat' dir='ltr'>matrem</span> <span class='ocrx_word' id='word_1_20' title='bbox 559 526 767 581; x_wconf 86' lang='lat' dir='ltr'>quandam</span> <span class='ocrx_word' id='word_1_21' title='bbox 791 525 934 567; x_wconf 89' lang='lat' dir='ltr'>Laude</span> <span class='ocrx_word' id='word_1_22' title='bbox 959 530 1147 567; x_wconf 89' lang='lat' dir='ltr'>vocatam</span> <span class='ocrx_word' id='word_1_23' title='bbox 1169 525 1327 576; x_wconf 87' lang='lat' dir='ltr'>habuit,</span> <span class='ocrx_word' id='word_1_24' title='bbox 1352 541 1440 579; x_wconf 85' lang='lat' dir='ltr'>quae</span> <span class='ocrx_word' id='word_1_25' title='bbox 1462 524 1614 580; x_wconf 85' lang='lat' dir='ltr'>conjux</span> 
     </span>
     <span class='ocr_line' id='line_1_5' title="bbox 85 591 1614 648; baseline -0.002 -13"><span class='ocrx_word' id='word_1_26' title='bbox 85 594 220 635; x_wconf 85' lang='lat' dir='ltr'>clerici</span> <span class='ocrx_word' id='word_1_27' title='bbox 255 593 404 634; x_wconf 81' lang='lat' dir='ltr'>villulae</span> <span class='ocrx_word' id='word_1_28' title='bbox 432 593 559 648; x_wconf 85' lang='lat' dir='ltr'>ipsius</span> <span class='ocrx_word' id='word_1_29' title='bbox 591 592 768 634; x_wconf 80' lang='lat' dir='ltr'>exstitit.</span> <span class='ocrx_word' id='word_1_30' title='bbox 840 592 946 633; x_wconf 88' lang='lat' dir='ltr'>Haec</span> <span class='ocrx_word' id='word_1_31' title='bbox 973 596 1150 633; x_wconf 86' lang='lat' dir='ltr'>matrem</span> <span class='ocrx_word' id='word_1_32' title='bbox 1180 592 1235 633; x_wconf 86' lang='lat' dir='ltr'>ad</span> <span class='ocrx_word' id='word_1_33' title='bbox 1269 592 1469 633; x_wconf 85' lang='lat' dir='ltr'>Sanctum</span> <span class='ocrx_word' id='word_1_34' title='bbox 1500 591 1614 632; x_wconf 86' lang='lat' dir='ltr'>Tho-</span> 
     </span>
     <span class='ocr_line' id='line_1_6' title="bbox 85 657 1616 715; baseline -0.001 -15"><span class='ocrx_word' id='word_1_35' title='bbox 85 675 196 701; x_wconf 85' lang='lat' dir='ltr'>mam</span> <span class='ocrx_word' id='word_1_36' title='bbox 220 675 293 715; x_wconf 86' lang='lat' dir='ltr'>pro</span> <span class='ocrx_word' id='word_1_37' title='bbox 315 657 403 714; x_wconf 85' lang='lat' dir='ltr'>ejus</span> <span class='ocrx_word' id='word_1_38' title='bbox 425 660 557 701; x_wconf 86' lang='lat' dir='ltr'>salute</span> <span class='ocrx_word' id='word_1_39' title='bbox 578 659 839 714; x_wconf 85' lang='lat' dir='ltr'>postulatura</span> <span class='ocrx_word' id='word_1_40' title='bbox 863 673 1001 700; x_wconf 86' lang='lat' dir='ltr'>secum</span> <span class='ocrx_word' id='word_1_41' title='bbox 1024 658 1237 709; x_wconf 84' lang='lat' dir='ltr'>conduxit,</span> <span class='ocrx_word' id='word_1_42' title='bbox 1262 658 1358 713; x_wconf 89' lang='lat' dir='ltr'>quia</span> <span class='ocrx_word' id='word_1_43' title='bbox 1378 659 1463 699; x_wconf 86' lang='lat' dir='ltr'>tela</span> <span class='ocrx_word' id='word_1_44' title='bbox 1483 658 1616 713; x_wconf 90' lang='lat' dir='ltr'>pupil-</span> 
     </span>
     <span class='ocr_line' id='line_1_7' title="bbox 86 724 1615 781; baseline -0.001 -14"><span class='ocrx_word' id='word_1_45' title='bbox 86 727 168 767; x_wconf 85' lang='lat' dir='ltr'>lam</span> <span class='ocrx_word' id='word_1_46' title='bbox 201 726 308 767; x_wconf 90' lang='lat' dir='ltr'>oculi</span> <span class='ocrx_word' id='word_1_47' title='bbox 343 726 471 781; x_wconf 86' lang='lat' dir='ltr'>ipsius</span> <span class='ocrx_word' id='word_1_48' title='bbox 506 726 671 767; x_wconf 90' lang='grc'>0111111110</span> <span class='ocrx_word' id='word_1_49' title='bbox 708 726 951 776; x_wconf 87' lang='lat' dir='ltr'>obducente,</span> <span class='ocrx_word' id='word_1_50' title='bbox 980 740 1144 779; x_wconf 86' lang='lat' dir='ltr'>prorsus</span> <span class='ocrx_word' id='word_1_51' title='bbox 1177 725 1316 765; x_wconf 88' lang='lat' dir='ltr'>videre</span> <span class='ocrx_word' id='word_1_52' title='bbox 1352 740 1431 765; x_wconf 90' lang='grc'>11011</span> <span class='ocrx_word' id='word_1_53' title='bbox 1464 724 1615 779; x_wconf 85' lang='lat' dir='ltr'>potuit.</span> 
     </span>
     <span class='ocr_line' id='line_1_8' title="bbox 89 791 1617 847; baseline -0.002 -13"><span class='ocrx_word' id='word_1_54' title='bbox 89 793 173 834; x_wconf 86' lang='lat' dir='ltr'>Sed</span> <span class='ocrx_word' id='word_1_55' title='bbox 203 793 272 833; x_wconf 90' lang='lat' dir='ltr'>illo</span> <span class='ocrx_word' id='word_1_56' title='bbox 303 791 563 847; x_wconf 84' lang='lat' dir='ltr'>proficiscens</span> <span class='ocrx_word' id='word_1_57' title='bbox 595 797 636 833; x_wconf 90' lang='lat' dir='ltr'>et</span> <span class='ocrx_word' id='word_1_58' title='bbox 668 793 724 833; x_wconf 91' lang='lat' dir='ltr'>nil</span> <span class='ocrx_word' id='word_1_59' title='bbox 755 791 926 833; x_wconf 79' lang='lat' dir='ltr'>remedii</span> <span class='ocrx_word' id='word_1_60' title='bbox 958 791 1151 841; x_wconf 86' lang='lat' dir='ltr'>sentiens,</span> <span class='ocrx_word' id='word_1_61' title='bbox 1178 792 1347 832; x_wconf 82' lang='lat' dir='ltr'>taudem</span> <span class='ocrx_word' id='word_1_62' title='bbox 1384 791 1535 839; x_wconf 84' lang='lat' dir='ltr'>rediit;</span> <span class='ocrx_word' id='word_1_63' title='bbox 1576 796 1617 831; x_wconf 88' lang='lat' dir='ltr'>et</span> 
     </span>
     <span class='ocr_line' id='line_1_9' title="bbox 87 857 1617 908; baseline -0.002 -8"><span class='ocrx_word' id='word_1_64' title='bbox 87 861 195 900; x_wconf 87' lang='lat' dir='ltr'>freta</span> <span class='ocrx_word' id='word_1_65' title='bbox 230 859 456 900; x_wconf 88' lang='lat' dir='ltr'>amicorum</span> <span class='ocrx_word' id='word_1_66' title='bbox 490 859 672 908; x_wconf 88' lang='lat' dir='ltr'>consilio,</span> <span class='ocrx_word' id='word_1_67' title='bbox 708 858 907 899; x_wconf 87' lang='lat' dir='ltr'>Finchale</span> <span class='ocrx_word' id='word_1_68' title='bbox 946 863 1114 899; x_wconf 85' lang='lat' dir='ltr'>oratura</span> <span class='ocrx_word' id='word_1_69' title='bbox 1152 858 1351 899; x_wconf 83' lang='lat' dir='ltr'>Sanctum</span> <span class='ocrx_word' id='word_1_70' title='bbox 1391 857 1617 898; x_wconf 77' lang='lat' dir='ltr'>Godricum</span> 
     </span>
     <span class='ocr_line' id='line_1_10' title="bbox 90 924 1620 980; baseline -0.002 -13"><span class='ocrx_word' id='word_1_71' title='bbox 90 926 170 967; x_wconf 91' lang='lat' dir='ltr'>Dei</span> <span class='ocrx_word' id='word_1_72' title='bbox 197 926 376 967; x_wconf 88' lang='lat' dir='ltr'>amicum</span> <span class='ocrx_word' id='word_1_73' title='bbox 411 925 600 980; x_wconf 81' lang='lat' dir='ltr'>expetiit.</span> <span class='ocrx_word' id='word_1_74' title='bbox 663 925 764 978; x_wconf 72' lang='lat' dir='ltr'>Quae</span> <span class='ocrx_word' id='word_1_75' title='bbox 801 925 886 966; x_wconf 85' lang='lat' dir='ltr'>tela</span> <span class='ocrx_word' id='word_1_76' title='bbox 920 924 1033 966; x_wconf 85' lang='lat' dir='ltr'>beati</span> <span class='ocrx_word' id='word_1_77' title='bbox 1059 924 1134 965; x_wconf 85' lang='lat' dir='ltr'>viri</span> <span class='ocrx_word' id='word_1_78' title='bbox 1173 924 1332 965; x_wconf 82' lang='lat' dir='ltr'>meritis</span> <span class='ocrx_word' id='word_1_79' title='bbox 1368 928 1409 965; x_wconf 92' lang='lat' dir='ltr'>et</span> <span class='ocrx_word' id='word_1_80' title='bbox 1438 924 1620 978; x_wconf 86' lang='lat' dir='ltr'>corporis</span> 
     </span>
     <span class='ocr_line' id='line_1_11' title="bbox 89 991 1620 1047; baseline -0.002 -14"><span class='ocrx_word' id='word_1_81' title='bbox 89 992 193 1033; x_wconf 86' lang='lat' dir='ltr'>sacri</span> <span class='ocrx_word' id='word_1_82' title='bbox 214 991 433 1047; x_wconf 70' lang='lat' dir='ltr'>praesentia</span> <span class='ocrx_word' id='word_1_83' title='bbox 460 993 519 1033; x_wconf 90' lang='lat' dir='ltr'>ita</span> <span class='ocrx_word' id='word_1_84' title='bbox 541 992 583 1032; x_wconf 90' lang='lat' dir='ltr'>in</span> <span class='ocrx_word' id='word_1_85' title='bbox 604 991 740 1032; x_wconf 89' lang='lat' dir='ltr'>medio</span> <span class='ocrx_word' id='word_1_86' title='bbox 760 991 821 1032; x_wconf 89' lang='lat' dir='ltr'>sui</span> <span class='ocrx_word' id='word_1_87' title='bbox 844 996 905 1032; x_wconf 84' lang='lat' dir='ltr'>est</span> <span class='ocrx_word' id='word_1_88' title='bbox 923 991 1072 1040; x_wconf 85' lang='lat' dir='ltr'>decisa,</span> <span class='ocrx_word' id='word_1_89' title='bbox 1094 996 1142 1031; x_wconf 84' lang='lat' dir='ltr'>ut</span> <span class='ocrx_word' id='word_1_90' title='bbox 1167 991 1323 1045; x_wconf 88' lang='lat' dir='ltr'>pupilla</span> <span class='ocrx_word' id='word_1_91' title='bbox 1348 1006 1421 1045; x_wconf 89' lang='lat' dir='ltr'>per</span> <span class='ocrx_word' id='word_1_92' title='bbox 1436 991 1620 1031; x_wconf 85' lang='lat' dir='ltr'>medium</span> 
     </span>
     <span class='ocr_line' id='line_1_12' title="bbox 89 1057 1584 1114; baseline -0.001 -15"><span class='ocrx_word' id='word_1_93' title='bbox 89 1059 181 1099; x_wconf 87' lang='lat' dir='ltr'>telae</span> <span class='ocrx_word' id='word_1_94' title='bbox 203 1063 372 1114; x_wconf 84' lang='lat' dir='ltr'>pateat;</span> <span class='ocrx_word' id='word_1_95' title='bbox 408 1064 449 1099; x_wconf 87' lang='lat' dir='ltr'>et</span> <span class='ocrx_word' id='word_1_96' title='bbox 471 1058 528 1100; x_wconf 90' lang='lat' dir='ltr'>sic</span> <span class='ocrx_word' id='word_1_97' title='bbox 549 1059 660 1111; x_wconf 79' lang='lat' dir='ltr'>visus</span> <span class='ocrx_word' id='word_1_98' title='bbox 684 1073 856 1098; x_wconf 81' lang='lat' dir='ltr'>acumen</span> <span class='ocrx_word' id='word_1_99' title='bbox 880 1057 1121 1112; x_wconf 77' lang='lat' dir='ltr'>percipiens,</span> <span class='ocrx_word' id='word_1_100' title='bbox 1144 1058 1251 1098; x_wconf 90' lang='lat' dir='ltr'>clare</span> <span class='ocrx_word' id='word_1_101' title='bbox 1274 1057 1411 1098; x_wconf 85' lang='lat' dir='ltr'>videre</span> <span class='ocrx_word' id='word_1_102' title='bbox 1433 1058 1584 1098; x_wconf 87' lang='lat' dir='ltr'>valeat.</span> 
     </span>
    </p>
   </div>
   <div class='ocr_carea' id='block_1_4' title="bbox 472 1205 1237 1235">
    <p class='ocr_par' dir='ltr' id='par_1_4' title="bbox 472 1205 1237 1235">
     <span class='ocr_line' id='line_1_13' title="bbox 472 1205 1237 1235; baseline 0.003 -6"><span class='ocrx_word' id='word_1_103' title='bbox 472 1205 558 1230; x_wconf 88' lang='lat' dir='ltr'>CXX.</span> <span class='ocrx_word' id='word_1_104' title='bbox 592 1205 643 1229; x_wconf 86' lang='lat' dir='ltr'>DE</span> <span class='ocrx_word' id='word_1_105' title='bbox 673 1205 803 1231; x_wconf 86' lang='lat' dir='ltr'>PUERO</span> <span class='ocrx_word' id='word_1_106' title='bbox 834 1206 877 1230; x_wconf 93' lang='lat' dir='ltr'>IN</span> <span class='ocrx_word' id='word_1_107' title='bbox 910 1206 1014 1235; x_wconf 84' lang='lat' dir='ltr'>EQUO</span> <span class='ocrx_word' id='word_1_108' title='bbox 1045 1206 1237 1231; x_wconf 77' lang='lat' dir='ltr'>DEVEOTO.</span> 
     </span>
    </p>
   </div>
   <div class='ocr_carea' id='block_1_5' title="bbox 92 1288 1627 1677">
    <p class='ocr_par' dir='ltr' id='par_1_5' title="bbox 92 1288 1627 1677">
     <span class='ocr_line' id='line_1_14' title="bbox 153 1288 1623 1344; baseline 0.001 -14"><span class='ocrx_word' id='word_1_109' title='bbox 153 1288 295 1344; x_wconf 71' lang='lat'>§487.</span> <span class='ocrx_word' id='word_1_110' title='bbox 328 1288 553 1330; x_wconf 77' lang='lat' dir='ltr'>PUERULUS</span> <span class='ocrx_word' id='word_1_111' title='bbox 580 1289 747 1343; x_wconf 86' lang='lat' dir='ltr'>quidam</span> <span class='ocrx_word' id='word_1_112' title='bbox 780 1289 830 1329; x_wconf 88' lang='lat' dir='ltr'>de</span> <span class='ocrx_word' id='word_1_113' title='bbox 861 1289 1050 1330; x_wconf 86' lang='lat' dir='ltr'>Alnewic</span> <span class='ocrx_word' id='word_1_114' title='bbox 1082 1289 1278 1331; x_wconf 87' lang='lat' dir='ltr'>diuturno</span> <span class='ocrx_word' id='word_1_115' title='bbox 1310 1290 1505 1332; x_wconf 86' lang='lat' dir='ltr'>detentus</span> <span class='ocrx_word' id='word_1_116' title='bbox 1538 1290 1623 1331; x_wconf 81' lang='lat' dir='ltr'>lan-</span> 
     </span>
     <span class='ocr_line' id='line_1_15' title="bbox 92 1354 1624 1411; baseline 0.001 -15"><span class='ocrx_word' id='word_1_117' title='bbox 92 1371 218 1411; x_wconf 80' lang='lat' dir='ltr'>guore</span> <span class='ocrx_word' id='word_1_118' title='bbox 254 1355 357 1396; x_wconf 88' lang='lat' dir='ltr'>adeo</span> <span class='ocrx_word' id='word_1_119' title='bbox 391 1355 481 1396; x_wconf 85' lang='lat' dir='ltr'>dira</span> <span class='ocrx_word' id='word_1_120' title='bbox 516 1355 760 1410; x_wconf 80' lang='lat' dir='ltr'>fatigatione</span> <span class='ocrx_word' id='word_1_121' title='bbox 795 1354 993 1397; x_wconf 87' lang='lat' dir='ltr'>infirmari</span> <span class='ocrx_word' id='word_1_122' title='bbox 1032 1356 1166 1410; x_wconf 84' lang='lat' dir='ltr'>coepit,</span> <span class='ocrx_word' id='word_1_123' title='bbox 1207 1356 1316 1410; x_wconf 87' lang='lat' dir='ltr'>quod</span> <span class='ocrx_word' id='word_1_124' title='bbox 1351 1356 1429 1398; x_wconf 89' lang='lat' dir='ltr'>nisi</span> <span class='ocrx_word' id='word_1_125' title='bbox 1470 1356 1624 1398; x_wconf 83' lang='lat' dir='ltr'>auxilio</span> 
     </span>
     <span class='ocr_line' id='line_1_16' title="bbox 94 1422 1626 1477; baseline 0.001 -14"><span class='ocrx_word' id='word_1_126' title='bbox 94 1423 265 1463; x_wconf 88' lang='lat' dir='ltr'>aliorum</span> <span class='ocrx_word' id='word_1_127' title='bbox 302 1437 504 1476; x_wconf 78' lang='lat' dir='ltr'>nusquam</span> <span class='ocrx_word' id='word_1_128' title='bbox 540 1423 695 1463; x_wconf 85' lang='lat' dir='ltr'>moveri</span> <span class='ocrx_word' id='word_1_129' title='bbox 723 1422 952 1477; x_wconf 70' lang='lat' dir='ltr'>praevaluit.</span> <span class='ocrx_word' id='word_1_130' title='bbox 1016 1423 1096 1475; x_wconf 73' lang='lat' dir='ltr'>Qui</span> <span class='ocrx_word' id='word_1_131' title='bbox 1127 1438 1152 1463; x_wconf 92' lang='lat' dir='ltr'>a</span> <span class='ocrx_word' id='word_1_132' title='bbox 1179 1424 1420 1477; x_wconf 86' lang='lat' dir='ltr'>parentibus</span> <span class='ocrx_word' id='word_1_133' title='bbox 1452 1424 1549 1464; x_wconf 92' lang='lat' dir='ltr'>illuc</span> <span class='ocrx_word' id='word_1_134' title='bbox 1583 1423 1626 1463; x_wconf 89' lang='grc'>111</span> 
     </span>
     <span class='ocr_line' id='line_1_17' title="bbox 95 1487 1626 1543; baseline 0.001 -14"><span class='ocrx_word' id='word_1_135' title='bbox 95 1504 198 1543; x_wconf 82' lang='lat' dir='ltr'>equo</span> <span class='ocrx_word' id='word_1_136' title='bbox 233 1487 436 1530; x_wconf 83' lang='lat' dir='ltr'>deductus</span> <span class='ocrx_word' id='word_1_137' title='bbox 473 1488 654 1538; x_wconf 82' lang='lat' dir='ltr'>advenit,</span> <span class='ocrx_word' id='word_1_138' title='bbox 680 1488 753 1530; x_wconf 83' lang='lat' dir='ltr'>sed</span> <span class='ocrx_word' id='word_1_139' title='bbox 789 1494 1011 1543; x_wconf 86' lang='lat' dir='ltr'>antequam</span> <span class='ocrx_word' id='word_1_140' title='bbox 1045 1489 1141 1530; x_wconf 85' lang='lat' dir='ltr'>inde</span> <span class='ocrx_word' id='word_1_141' title='bbox 1177 1490 1357 1540; x_wconf 88' lang='lat' dir='ltr'>recessit,</span> <span class='ocrx_word' id='word_1_142' title='bbox 1382 1491 1447 1530; x_wconf 90' lang='lat' dir='ltr'>vel</span> <span class='ocrx_word' id='word_1_143' title='bbox 1480 1495 1527 1531; x_wconf 84' lang='lat' dir='ltr'>ut</span> <span class='ocrx_word' id='word_1_144' title='bbox 1548 1490 1626 1531; x_wconf 88' lang='lat' dir='ltr'>viri</span> 
     </span>
     <span class='ocr_line' id='line_1_18' title="bbox 97 1554 1627 1611; baseline 0.001 -15"><span class='ocrx_word' id='word_1_145' title='bbox 97 1555 177 1596; x_wconf 89' lang='lat' dir='ltr'>Dei</span> <span class='ocrx_word' id='word_1_146' title='bbox 219 1554 480 1610; x_wconf 83' lang='lat' dir='ltr'>sepulchrum</span> <span class='ocrx_word' id='word_1_147' title='bbox 518 1555 672 1610; x_wconf 80' lang='lat' dir='ltr'>tetigit,</span> <span class='ocrx_word' id='word_1_148' title='bbox 711 1571 809 1596; x_wconf 87' lang='lat' dir='ltr'>mox</span> <span class='ocrx_word' id='word_1_149' title='bbox 845 1560 1007 1596; x_wconf 89' lang='lat' dir='ltr'>tantam</span> <span class='ocrx_word' id='word_1_150' title='bbox 1047 1556 1246 1597; x_wconf 86' lang='lat' dir='ltr'>virtutem</span> <span class='ocrx_word' id='word_1_151' title='bbox 1281 1556 1430 1597; x_wconf 88' lang='lat' dir='ltr'>virium</span> <span class='ocrx_word' id='word_1_152' title='bbox 1472 1556 1627 1611; x_wconf 84' lang='lat' dir='ltr'>recepit</span> 
     </span>
     <span class='ocr_line' id='line_1_19' title="bbox 98 1620 1625 1677; baseline 0.001 -15"><span class='ocrx_word' id='word_1_153' title='bbox 98 1621 207 1676; x_wconf 88' lang='lat' dir='ltr'>quod</span> <span class='ocrx_word' id='word_1_154' title='bbox 238 1625 352 1676; x_wconf 82' lang='lat' dir='ltr'>peste</span> <span class='ocrx_word' id='word_1_155' title='bbox 384 1621 591 1676; x_wconf 80' lang='lat' dir='ltr'>languoris</span> <span class='ocrx_word' id='word_1_156' title='bbox 621 1620 815 1677; x_wconf 81' lang='lat' dir='ltr'>effugata,</span> <span class='ocrx_word' id='word_1_157' title='bbox 841 1622 950 1663; x_wconf 84' lang='lat' dir='ltr'>solus</span> <span class='ocrx_word' id='word_1_158' title='bbox 978 1638 1050 1676; x_wconf 89' lang='lat' dir='ltr'>per</span> <span class='ocrx_word' id='word_1_159' title='bbox 1071 1637 1113 1663; x_wconf 84' lang='lat' dir='ltr'>se</span> <span class='ocrx_word' id='word_1_160' title='bbox 1143 1622 1199 1663; x_wconf 90' lang='lat' dir='ltr'>ire</span> <span class='ocrx_word' id='word_1_161' title='bbox 1227 1628 1267 1664; x_wconf 93' lang='lat' dir='ltr'>et</span> <span class='ocrx_word' id='word_1_162' title='bbox 1289 1624 1446 1664; x_wconf 89' lang='lat' dir='ltr'>moveri</span> <span class='ocrx_word' id='word_1_163' title='bbox 1473 1623 1625 1677; x_wconf 88' lang='lat' dir='ltr'>potuit.</span> 
     </span>
    </p>
   </div>
   <div class='ocr_carea' id='block_1_6' title="bbox 112 1767 1610 1860">
    <p class='ocr_par' dir='ltr' id='par_1_6' title="bbox 112 1767 1610 1860">
     <span class='ocr_line' id='line_1_20' title="bbox 112 1767 1610 1796; baseline 0.003 -5"><span class='ocrx_word' id='word_1_164' title='bbox 112 1767 215 1792; x_wconf 85' lang='lat' dir='ltr'>CXXI.</span> <span class='ocrx_word' id='word_1_165' title='bbox 249 1767 348 1791; x_wconf 86' lang='lat' dir='ltr'><strong>ITEM</strong></span> <span class='ocrx_word' id='word_1_166' title='bbox 379 1767 431 1791; x_wconf 81' lang='lat' dir='ltr'>DE</span> <span class='ocrx_word' id='word_1_167' title='bbox 462 1767 553 1792; x_wconf 88' lang='lat' dir='ltr'>ALIO</span> <span class='ocrx_word' id='word_1_168' title='bbox 585 1767 654 1796; x_wconf 72' lang='lat' dir='ltr'>QUI</span> <span class='ocrx_word' id='word_1_169' title='bbox 686 1768 739 1792; x_wconf 93' lang='lat' dir='ltr'>AD</span> <span class='ocrx_word' id='word_1_170' title='bbox 771 1768 862 1793; x_wconf 83' lang='lat' dir='ltr'>EJUS</span> <span class='ocrx_word' id='word_1_171' title='bbox 893 1768 1158 1793; x_wconf 87' lang='lat' dir='ltr'>SEPULCHRUM</span> <span class='ocrx_word' id='word_1_172' title='bbox 1190 1769 1387 1795; x_wconf 81' lang='lat' dir='ltr'>CUCURRIT</span> <span class='ocrx_word' id='word_1_173' title='bbox 1418 1771 1466 1795; x_wconf 88' lang='lat' dir='ltr'>ET</span> <span class='ocrx_word' id='word_1_174' title='bbox 1497 1771 1610 1796; x_wconf 72' lang='lat' dir='ltr'><strong>SANI-</strong></span> 
     </span>
     <span class='ocr_line' id='line_1_21' title="bbox 681 1834 1053 1860; baseline 0.003 -2"><span class='ocrx_word' id='word_1_175' title='bbox 681 1834 817 1858; x_wconf 84' lang='grc' dir='ltr'>ΤΑΤΕΜ</span> <span class='ocrx_word' id='word_1_176' title='bbox 850 1834 1053 1860; x_wconf 84' lang='lat' dir='ltr'><strong>PERCEPIT.</strong></span> 
     </span>
    </p>
   </div>
   <div class='ocr_carea' id='block_1_7' title="bbox 100 1900 1638 2557">
    <p class='ocr_par' dir='ltr' id='par_1_7' title="bbox 100 1900 1638 2473">
     <span class='ocr_line' id='line_1_22' title="bbox 159 1900 1632 1957; baseline 0.002 -16"><span class='ocrx_word' id='word_1_177' title='bbox 159 1901 296 1953; x_wconf 58' lang='lat'>§488</span> <span class='ocrx_word' id='word_1_178' title='bbox 330 1900 463 1941; x_wconf 78' lang='lat' dir='ltr'>ALrns</span> <span class='ocrx_word' id='word_1_179' title='bbox 496 1901 654 1942; x_wconf 81' lang='lat' dir='ltr'>incessu</span> <span class='ocrx_word' id='word_1_180' title='bbox 686 1901 839 1956; x_wconf 89' lang='lat' dir='ltr'>pedum</span> <span class='ocrx_word' id='word_1_181' title='bbox 871 1901 1070 1956; x_wconf 86' lang='lat' dir='ltr'>privatus,</span> <span class='ocrx_word' id='word_1_182' title='bbox 1094 1902 1192 1957; x_wconf 84' lang='lat' dir='ltr'>ipsis</span> <span class='ocrx_word' id='word_1_183' title='bbox 1229 1904 1355 1944; x_wconf 87' lang='lat' dir='ltr'>etiam</span> <span class='ocrx_word' id='word_1_184' title='bbox 1391 1904 1632 1957; x_wconf 83' lang='lat' dir='ltr'>parentibus</span> 
     </span>
     <span class='ocr_line' id='line_1_23' title="bbox 100 1967 1633 2023; baseline 0.001 -14"><span class='ocrx_word' id='word_1_185' title='bbox 100 1967 215 2009; x_wconf 90' lang='lat' dir='ltr'>illum</span> <span class='ocrx_word' id='word_1_186' title='bbox 238 1967 546 2017; x_wconf 81' lang='lat' dir='ltr'>comitantibus,</span> <span class='ocrx_word' id='word_1_187' title='bbox 569 1967 611 2008; x_wconf 90' lang='lat' dir='ltr'>in</span> <span class='ocrx_word' id='word_1_188' title='bbox 633 1983 737 2022; x_wconf 89' lang='lat' dir='ltr'>equo</span> <span class='ocrx_word' id='word_1_189' title='bbox 763 1967 950 2009; x_wconf 87' lang='lat' dir='ltr'>similiter</span> <span class='ocrx_word' id='word_1_190' title='bbox 972 1973 1033 2009; x_wconf 88' lang='lat' dir='ltr'>est</span> <span class='ocrx_word' id='word_1_191' title='bbox 1056 1968 1277 2017; x_wconf 77' lang='lat' dir='ltr'>devectus3</span> <span class='ocrx_word' id='word_1_192' title='bbox 1304 1970 1372 2023; x_wconf 91' lang='lat' dir='ltr'>qui</span> <span class='ocrx_word' id='word_1_193' title='bbox 1394 1969 1633 2011; x_wconf 83' lang='lat' dir='ltr'>videntibus</span> 
     </span>
     <span class='ocr_line' id='line_1_24' title="bbox 100 2033 1632 2090; baseline 0.001 -16"><span class='ocrx_word' id='word_1_194' title='bbox 100 2034 257 2082; x_wconf 78' lang='lat' dir='ltr'>multis,</span> <span class='ocrx_word' id='word_1_195' title='bbox 280 2049 378 2074; x_wconf 85' lang='lat' dir='ltr'>mox</span> <span class='ocrx_word' id='word_1_196' title='bbox 408 2038 455 2074; x_wconf 91' lang='lat' dir='ltr'>ut</span> <span class='ocrx_word' id='word_1_197' title='bbox 480 2033 690 2088; x_wconf 85' lang='lat' dir='ltr'>depositus</span> <span class='ocrx_word' id='word_1_198' title='bbox 722 2034 772 2075; x_wconf 86' lang='lat' dir='ltr'>de</span> <span class='ocrx_word' id='word_1_199' title='bbox 807 2049 910 2088; x_wconf 86' lang='lat' dir='ltr'>equo</span> <span class='ocrx_word' id='word_1_200' title='bbox 935 2034 1014 2075; x_wconf 88' lang='lat' dir='ltr'>fuit</span> <span class='ocrx_word' id='word_1_201' title='bbox 1046 2034 1188 2075; x_wconf 86' lang='lat' dir='ltr'>statim</span> <span class='ocrx_word' id='word_1_202' title='bbox 1221 2051 1342 2077; x_wconf 83' lang='lat' dir='ltr'>cursu</span> <span class='ocrx_word' id='word_1_203' title='bbox 1372 2035 1632 2090; x_wconf 86' lang='lat' dir='ltr'>rapidissimo</span> 
     </span>
     <span class='ocr_line' id='line_1_25' title="bbox 103 2099 1633 2157; baseline 0.001 -16"><span class='ocrx_word' id='word_1_204' title='bbox 103 2101 318 2142; x_wconf 87' lang='lat' dir='ltr'>ecclesiam</span> <span class='ocrx_word' id='word_1_205' title='bbox 345 2099 546 2150; x_wconf 81' lang='lat' dir='ltr'>introivit,</span> <span class='ocrx_word' id='word_1_206' title='bbox 570 2105 694 2154; x_wconf 88' lang='lat' dir='ltr'>atque</span> <span class='ocrx_word' id='word_1_207' title='bbox 722 2101 797 2142; x_wconf 87' lang='lat' dir='ltr'>sub</span> <span class='ocrx_word' id='word_1_208' title='bbox 820 2100 969 2141; x_wconf 85' lang='lat' dir='ltr'>Altare</span> <span class='ocrx_word' id='word_1_209' title='bbox 1001 2106 1126 2155; x_wconf 86' lang='lat' dir='ltr'>caput</span> <span class='ocrx_word' id='word_1_210' title='bbox 1151 2102 1381 2157; x_wconf 87' lang='lat' dir='ltr'>supposuit.</span> <span class='ocrx_word' id='word_1_211' title='bbox 1453 2102 1633 2154; x_wconf 71' lang='lat' dir='ltr'>Quidam</span> 
     </span>
     <span class='ocr_line' id='line_1_26' title="bbox 103 2166 1636 2221; baseline 0.002 -15"><span class='ocrx_word' id='word_1_212' title='bbox 103 2166 230 2221; x_wconf 78' lang='lat' dir='ltr'>igitur</span> <span class='ocrx_word' id='word_1_213' title='bbox 264 2166 379 2220; x_wconf 88' lang='lat' dir='ltr'>quasi</span> <span class='ocrx_word' id='word_1_214' title='bbox 417 2167 459 2207; x_wconf 91' lang='lat' dir='ltr'>in</span> <span class='ocrx_word' id='word_1_215' title='bbox 498 2171 709 2221; x_wconf 87' lang='lat' dir='ltr'>stuporem</span> <span class='ocrx_word' id='word_1_216' title='bbox 748 2167 947 2216; x_wconf 80' lang='lat' dir='ltr'>conversi,</span> <span class='ocrx_word' id='word_1_217' title='bbox 983 2167 1174 2208; x_wconf 87' lang='lat' dir='ltr'>arbitrati</span> <span class='ocrx_word' id='word_1_218' title='bbox 1210 2174 1305 2210; x_wconf 88' lang='lat' dir='ltr'>sunt</span> <span class='ocrx_word' id='word_1_219' title='bbox 1333 2168 1450 2209; x_wconf 88' lang='lat' dir='ltr'>illum</span> <span class='ocrx_word' id='word_1_220' title='bbox 1482 2167 1636 2210; x_wconf 85' lang='lat' dir='ltr'>insanis</span> 
     </span>
     <span class='ocr_line' id='line_1_27' title="bbox 103 2232 1636 2290; baseline 0.001 -17"><span class='ocrx_word' id='word_1_221' title='bbox 103 2234 284 2274; x_wconf 84' lang='lat' dir='ltr'>motibus</span> <span class='ocrx_word' id='word_1_222' title='bbox 320 2232 417 2287; x_wconf 80' lang='lat' dir='ltr'>agi3</span> <span class='ocrx_word' id='word_1_223' title='bbox 452 2238 587 2273; x_wconf 87' lang='lat' dir='ltr'>mater</span> <span class='ocrx_word' id='word_1_224' title='bbox 618 2249 714 2274; x_wconf 86' lang='lat' dir='ltr'>vero</span> <span class='ocrx_word' id='word_1_225' title='bbox 751 2249 844 2274; x_wconf 90' lang='lat' dir='ltr'>cum</span> <span class='ocrx_word' id='word_1_226' title='bbox 881 2233 1060 2274; x_wconf 82' lang='lat' dir='ltr'>lacrimis</span> <span class='ocrx_word' id='word_1_227' title='bbox 1099 2233 1263 2276; x_wconf 87' lang='lat' dir='ltr'>dicebat</span> <span class='ocrx_word' id='word_1_228' title='bbox 1297 2234 1434 2290; x_wconf 88' lang='lat' dir='ltr'>potius</span> <span class='ocrx_word' id='word_1_229' title='bbox 1470 2235 1636 2275; x_wconf 89' lang='lat' dir='ltr'>credere</span> 
     </span>
     <span class='ocr_line' id='line_1_28' title="bbox 105 2297 1636 2354; baseline 0.002 -15"><span class='ocrx_word' id='word_1_230' title='bbox 105 2304 269 2340; x_wconf 89' lang='lat' dir='ltr'>sanctos</span> <span class='ocrx_word' id='word_1_231' title='bbox 294 2298 374 2339; x_wconf 82' lang='lat' dir='ltr'>Dei</span> <span class='ocrx_word' id='word_1_232' title='bbox 398 2298 506 2339; x_wconf 86' lang='lat' dir='ltr'>illius</span> <span class='ocrx_word' id='word_1_233' title='bbox 528 2299 632 2340; x_wconf 84' lang='lat' dir='ltr'>velle</span> <span class='ocrx_word' id='word_1_234' title='bbox 664 2300 859 2340; x_wconf 86' lang='lat' dir='ltr'>misereri.</span> <span class='ocrx_word' id='word_1_235' title='bbox 923 2297 1050 2354; x_wconf 79' lang='lat' dir='ltr'>Cujus</span> <span class='ocrx_word' id='word_1_236' title='bbox 1075 2301 1234 2342; x_wconf 87' lang='lat' dir='ltr'>monitu</span> <span class='ocrx_word' id='word_1_237' title='bbox 1267 2301 1405 2342; x_wconf 77' lang='lat' dir='ltr'>caeteri</span> <span class='ocrx_word' id='word_1_238' title='bbox 1436 2301 1490 2341; x_wconf 89' lang='lat' dir='ltr'>ad</span> <span class='ocrx_word' id='word_1_239' title='bbox 1512 2301 1636 2342; x_wconf 90' lang='lat' dir='ltr'>ratio-</span> 
     </span>
     <span class='ocr_line' id='line_1_29' title="bbox 105 2364 1638 2422; baseline 0.001 -16"><span class='ocrx_word' id='word_1_240' title='bbox 105 2381 200 2406; x_wconf 86' lang='lat' dir='ltr'>nem</span> <span class='ocrx_word' id='word_1_241' title='bbox 224 2364 397 2406; x_wconf 85' lang='lat' dir='ltr'>animati</span> <span class='ocrx_word' id='word_1_242' title='bbox 422 2365 558 2405; x_wconf 86' lang='lat' dir='ltr'>subito</span> <span class='ocrx_word' id='word_1_243' title='bbox 590 2365 848 2420; x_wconf 85' lang='lat' dir='ltr'>conspiciunt</span> <span class='ocrx_word' id='word_1_244' title='bbox 870 2381 1043 2420; x_wconf 89' lang='lat' dir='ltr'>puerum</span> <span class='ocrx_word' id='word_1_245' title='bbox 1063 2366 1198 2420; x_wconf 85' lang='lat' dir='ltr'>ipsum</span> <span class='ocrx_word' id='word_1_246' title='bbox 1222 2369 1401 2422; x_wconf 85' lang='lat' dir='ltr'>perfecte</span> <span class='ocrx_word' id='word_1_247' title='bbox 1428 2367 1638 2408; x_wconf 84' lang='lat' dir='ltr'>redditum</span> 
     </span>
     <span class='ocr_line' id='line_1_30' title="bbox 106 2432 288 2473; baseline 0 -1"><span class='ocrx_word' id='word_1_248' title='bbox 106 2432 288 2473; x_wconf 83' lang='lat' dir='ltr'>sanitati.</span> 
     </span>
    </p>

    <p class='ocr_par' dir='ltr' id='par_1_8' title="bbox 328 2530 1418 2557">
     <span class='ocr_line' id='line_1_31' title="bbox 328 2530 1418 2557; baseline 0 -1"><span class='ocrx_word' id='word_1_249' title='bbox 328 2531 445 2556; x_wconf 82' lang='lat' dir='ltr'>cxxn.</span> <span class='ocrx_word' id='word_1_250' title='bbox 480 2530 531 2556; x_wconf 83' lang='lat' dir='ltr'>DE</span> <span class='ocrx_word' id='word_1_251' title='bbox 562 2530 769 2555; x_wconf 77' lang='lat' dir='ltr'><strong>LANGUIDA</strong></span> <span class='ocrx_word' id='word_1_252' title='bbox 801 2531 888 2555; x_wconf 80' lang='lat' dir='ltr'>ILLo</span> <span class='ocrx_word' id='word_1_253' title='bbox 920 2531 1095 2556; x_wconf 82' lang='lat' dir='ltr'>DEVECTA</span> <span class='ocrx_word' id='word_1_254' title='bbox 1130 2531 1173 2555; x_wconf 90' lang='lat' dir='ltr'>1N</span> <span class='ocrx_word' id='word_1_255' title='bbox 1207 2530 1418 2557; x_wconf 83' lang='lat' dir='ltr'>VEHICULO.</span> 
     </span>
    </p>
   </div>
   <div class='ocr_carea' id='block_1_8' title="bbox 112 2613 1644 2999">
    <p class='ocr_par' dir='ltr' id='par_1_9' title="bbox 112 2613 1644 2999">
     <span class='ocr_line' id='line_1_32' title="bbox 172 2613 1640 2669; baseline 0 -14"><span class='ocrx_word' id='word_1_256' title='bbox 172 2615 193 2669; x_wconf 60' lang='grc' dir='ltr'>ξ</span> <span class='ocrx_word' id='word_1_257' title='bbox 217 2617 313 2657; x_wconf 76' lang='lat'>489.</span> <span class='ocrx_word' id='word_1_258' title='bbox 348 2614 467 2655; x_wconf 79' lang='lat' dir='ltr'><strong>ERAT</strong></span> <span class='ocrx_word' id='word_1_259' title='bbox 497 2614 539 2654; x_wconf 89' lang='lat' dir='ltr'>in</span> <span class='ocrx_word' id='word_1_260' title='bbox 566 2613 720 2663; x_wconf 84' lang='lat' dir='ltr'>villula,</span> <span class='ocrx_word' id='word_1_261' title='bbox 747 2613 993 2655; x_wconf 87' lang='lat' dir='ltr'>Madmeslei</span> <span class='ocrx_word' id='word_1_262' title='bbox 1021 2613 1248 2664; x_wconf 84' lang='lat' dir='ltr'>nominata,</span> <span class='ocrx_word' id='word_1_263' title='bbox 1275 2613 1423 2654; x_wconf 88' lang='lat' dir='ltr'>mulier</span> <span class='ocrx_word' id='word_1_264' title='bbox 1450 2614 1640 2668; x_wconf 82' lang='lat' dir='ltr'>quaedam</span> 
     </span>
     <span class='ocr_line' id='line_1_33' title="bbox 112 2679 1641 2735; baseline 0 -14"><span class='ocrx_word' id='word_1_265' title='bbox 112 2696 184 2735; x_wconf 91' lang='lat' dir='ltr'>per</span> <span class='ocrx_word' id='word_1_266' title='bbox 214 2681 497 2722; x_wconf 85' lang='lat' dir='ltr'>hebdomadas</span> <span class='ocrx_word' id='word_1_267' title='bbox 529 2695 623 2720; x_wconf 81' lang='lat' dir='ltr'>xxx.</span> <span class='ocrx_word' id='word_1_268' title='bbox 657 2680 699 2720; x_wconf 91' lang='lat' dir='ltr'>in</span> <span class='ocrx_word' id='word_1_269' title='bbox 730 2680 880 2720; x_wconf 87' lang='lat' dir='ltr'>lectulo</span> <span class='ocrx_word' id='word_1_270' title='bbox 913 2680 1164 2720; x_wconf 86' lang='lat' dir='ltr'>decumbens</span> <span class='ocrx_word' id='word_1_271' title='bbox 1198 2679 1396 2734; x_wconf 79' lang='lat' dir='ltr'>languida</span> <span class='ocrx_word' id='word_1_272' title='bbox 1419 2685 1459 2720; x_wconf 87' lang='lat' dir='ltr'>et</span> <span class='ocrx_word' id='word_1_273' title='bbox 1482 2681 1641 2721; x_wconf 84' lang='lat' dir='ltr'>cunctis</span> 
     </span>
     <span class='ocr_line' id='line_1_34' title="bbox 114 2745 1639 2801; baseline 0 -14"><span class='ocrx_word' id='word_1_274' title='bbox 114 2747 331 2801; x_wconf 86' lang='lat' dir='ltr'>desperata</span> <span class='ocrx_word' id='word_1_275' title='bbox 350 2764 360 2794; x_wconf 76' lang='lat'>3</span> <span class='ocrx_word' id='word_1_276' title='bbox 397 2762 485 2800; x_wconf 74' lang='lat' dir='ltr'>quae</span> <span class='ocrx_word' id='word_1_277' title='bbox 507 2761 710 2800; x_wconf 84' lang='lat' dir='ltr'>nusquam</span> <span class='ocrx_word' id='word_1_278' title='bbox 733 2761 774 2786; x_wconf 83' lang='lat' dir='ltr'>se</span> <span class='ocrx_word' id='word_1_279' title='bbox 802 2761 966 2787; x_wconf 85' lang='lat' dir='ltr'>movere</span> <span class='ocrx_word' id='word_1_280' title='bbox 987 2746 1137 2799; x_wconf 85' lang='lat' dir='ltr'>potuit,</span> <span class='ocrx_word' id='word_1_281' title='bbox 1163 2761 1237 2786; x_wconf 88' lang='lat' dir='ltr'>nec</span> <span class='ocrx_word' id='word_1_282' title='bbox 1258 2746 1298 2785; x_wconf 90' lang='lat' dir='ltr'>in</span> <span class='ocrx_word' id='word_1_283' title='bbox 1328 2745 1436 2786; x_wconf 90' lang='lat' dir='ltr'>lecto</span> <span class='ocrx_word' id='word_1_284' title='bbox 1458 2746 1639 2801; x_wconf 76' lang='lat' dir='ltr'>regirari,</span> 
     </span>
     <span class='ocr_line' id='line_1_35' title="bbox 114 2811 1642 2854; baseline 0.001 -2"><span class='ocrx_word' id='word_1_285' title='bbox 114 2812 192 2853; x_wconf 87' lang='lat' dir='ltr'>nisi</span> <span class='ocrx_word' id='word_1_286' title='bbox 213 2812 356 2854; x_wconf 86' lang='lat' dir='ltr'>alienis</span> <span class='ocrx_word' id='word_1_287' title='bbox 378 2812 586 2853; x_wconf 87' lang='lat' dir='ltr'>debuisset</span> <span class='ocrx_word' id='word_1_288' title='bbox 610 2812 799 2853; x_wconf 87' lang='lat' dir='ltr'>manibus</span> <span class='ocrx_word' id='word_1_289' title='bbox 820 2817 1054 2853; x_wconf 85' lang='lat' dir='ltr'>sustentata</span> <span class='ocrx_word' id='word_1_290' title='bbox 1075 2811 1262 2851; x_wconf 85' lang='lat' dir='ltr'>reclinari</span> <span class='ocrx_word' id='word_1_291' title='bbox 1282 2826 1329 2851; x_wconf 89' lang='grc'>30</span> <span class='ocrx_word' id='word_1_292' title='bbox 1350 2811 1479 2852; x_wconf 85' lang='lat' dir='ltr'>latere</span> <span class='ocrx_word' id='word_1_293' title='bbox 1496 2813 1642 2853; x_wconf 87' lang='lat' dir='ltr'>immu-</span> 
     </span>
     <span class='ocr_line' id='line_1_36' title="bbox 117 2877 1644 2932; baseline 0.001 -13"><span class='ocrx_word' id='word_1_294' title='bbox 117 2884 206 2919; x_wconf 85' lang='lat' dir='ltr'>tato</span> <span class='ocrx_word' id='word_1_295' title='bbox 228 2879 424 2919; x_wconf 86' lang='lat' dir='ltr'>converti.</span> <span class='ocrx_word' id='word_1_296' title='bbox 496 2878 596 2930; x_wconf 71' lang='lat' dir='ltr'>Quae</span> <span class='ocrx_word' id='word_1_297' title='bbox 619 2878 768 2919; x_wconf 85' lang='lat' dir='ltr'>feretro</span> <span class='ocrx_word' id='word_1_298' title='bbox 793 2878 971 2931; x_wconf 74' lang='lat' dir='ltr'>equestri</span> <span class='ocrx_word' id='word_1_299' title='bbox 996 2892 1038 2918; x_wconf 87' lang='lat' dir='ltr'>se</span> <span class='ocrx_word' id='word_1_300' title='bbox 1066 2877 1136 2917; x_wconf 90' lang='lat' dir='ltr'>illo</span> <span class='ocrx_word' id='word_1_301' title='bbox 1166 2878 1438 2932; x_wconf 84' lang='lat' dir='ltr'>transportari</span> <span class='ocrx_word' id='word_1_302' title='bbox 1460 2878 1572 2930; x_wconf 87' lang='lat' dir='ltr'>fecit,</span> <span class='ocrx_word' id='word_1_303' title='bbox 1596 2894 1644 2919; x_wconf 87' lang='lat' dir='ltr'>ac</span> 
     </span>
     <span class='ocr_line' id='line_1_37' title="bbox 117 2942 1125 2999; baseline -0.001 -14"><span class='ocrx_word' id='word_1_304' title='bbox 117 2945 338 2986; x_wconf 84' lang='lat' dir='ltr'>sanitatem</span> <span class='ocrx_word' id='word_1_305' title='bbox 361 2944 600 2999; x_wconf 82' lang='lat' dir='ltr'>percipiens,</span> <span class='ocrx_word' id='word_1_306' title='bbox 625 2960 717 2984; x_wconf 79' lang='lat' dir='ltr'>cum</span> <span class='ocrx_word' id='word_1_307' title='bbox 739 2944 889 2998; x_wconf 77' lang='lat' dir='ltr'>gaudio</span> <span class='ocrx_word' id='word_1_308' title='bbox 912 2942 1125 2984; x_wconf 85' lang='lat' dir='ltr'>remeavit.</span> 
     </span>
    </p>
   </div>
  </div>
 </body>
</html>
