<?xml version="1.0" encoding="UTF-8"?>
<!DOCTYPE html PUBLIC "-//W3C//DTD XHTML 1.0 Transitional//EN"
    "http://www.w3.org/TR/xhtml1/DTD/xhtml1-transitional.dtd">
<html xmlns="http://www.w3.org/1999/xhtml" xml:lang="en" lang="en">
 <head>
  <title>
</title>
<meta http-equiv="Content-Type" content="text/html;charset=utf-8" />
  <meta name='ocr-system' content='tesseract 3.04.00' />
  <meta name='ocr-capabilities' content='ocr_page ocr_carea ocr_par ocr_line ocrx_word'/>
</head>
<body>
  <div class='ocr_page' id='page_1' title='image "./libellusdevitaet00regi/libellusdevitaet00regi_0488.png"; bbox 0 0 1839 3186; ppageno 0'>
   <div class='ocr_carea' id='block_1_1' title="bbox 202 182 1213 221">
    <p class='ocr_par' dir='ltr' id='par_1_1' title="bbox 202 182 1213 221">
     <span class='ocr_line' id='line_1_1' title="bbox 202 182 1213 221; baseline -0.002 0"><span class='ocrx_word' id='word_1_1' title='bbox 202 182 285 221; x_wconf 72' lang='lat'>442</span> <span class='ocrx_word' id='word_1_2' title='bbox 730 188 965 221; x_wconf 84' lang='lat' dir='ltr'>LIBELLUS</span> <span class='ocrx_word' id='word_1_3' title='bbox 998 188 1062 220; x_wconf 84' lang='lat' dir='ltr'>DE</span> <span class='ocrx_word' id='word_1_4' title='bbox 1095 188 1213 220; x_wconf 83' lang='lat' dir='ltr'><strong>VITA</strong></span> 
     </span>
    </p>
   </div>
   <div class='ocr_carea' id='block_1_2' title="bbox 200 292 1734 747">
    <p class='ocr_par' dir='ltr' id='par_1_2' title="bbox 200 292 1734 747">
     <span class='ocr_line' id='line_1_2' title="bbox 200 292 1730 349; baseline -0.001 -14"><span class='ocrx_word' id='word_1_5' title='bbox 200 294 328 349; x_wconf 80' lang='lat' dir='ltr'>igitur</span> <span class='ocrx_word' id='word_1_6' title='bbox 348 293 460 335; x_wconf 89' lang='lat' dir='ltr'>omni</span> <span class='ocrx_word' id='word_1_7' title='bbox 481 293 693 344; x_wconf 85' lang='lat' dir='ltr'>frustrata,</span> <span class='ocrx_word' id='word_1_8' title='bbox 717 293 889 334; x_wconf 89' lang='lat' dir='ltr'>tandem</span> <span class='ocrx_word' id='word_1_9' title='bbox 911 293 1137 335; x_wconf 88' lang='lat' dir='ltr'>amicorum</span> <span class='ocrx_word' id='word_1_10' title='bbox 1160 292 1329 335; x_wconf 88' lang='lat' dir='ltr'>consilio</span> <span class='ocrx_word' id='word_1_11' title='bbox 1350 292 1548 343; x_wconf 85' lang='lat' dir='ltr'>animata,</span> <span class='ocrx_word' id='word_1_12' title='bbox 1566 292 1730 334; x_wconf 90' lang='lat' dir='ltr'>credere</span> 
     </span>
     <span class='ocr_line' id='line_1_3' title="bbox 202 359 1734 415; baseline -0.001 -14"><span class='ocrx_word' id='word_1_13' title='bbox 202 376 243 402; x_wconf 89' lang='lat' dir='ltr'>se</span> <span class='ocrx_word' id='word_1_14' title='bbox 266 360 374 401; x_wconf 87' lang='lat' dir='ltr'>dixit</span> <span class='ocrx_word' id='word_1_15' title='bbox 395 375 468 415; x_wconf 92' lang='lat' dir='ltr'>per</span> <span class='ocrx_word' id='word_1_16' title='bbox 490 360 667 401; x_wconf 91' lang='lat' dir='ltr'>eundem</span> <span class='ocrx_word' id='word_1_17' title='bbox 690 359 891 401; x_wconf 83' lang='lat' dir='ltr'>Sanctum</span> <span class='ocrx_word' id='word_1_18' title='bbox 915 359 995 401; x_wconf 89' lang='lat' dir='ltr'>Dei</span> <span class='ocrx_word' id='word_1_19' title='bbox 1016 374 1134 414; x_wconf 90' lang='lat' dir='ltr'>posse</span> <span class='ocrx_word' id='word_1_20' title='bbox 1161 374 1203 401; x_wconf 90' lang='lat' dir='ltr'>se</span> <span class='ocrx_word' id='word_1_21' title='bbox 1235 359 1411 401; x_wconf 86' lang='lat' dir='ltr'>salutem</span> <span class='ocrx_word' id='word_1_22' title='bbox 1433 359 1637 414; x_wconf 79' lang='lat' dir='ltr'>consequi,</span> <span class='ocrx_word' id='word_1_23' title='bbox 1661 374 1734 415; x_wconf 86' lang='lat' dir='ltr'>per</span> 
     </span>
     <span class='ocr_line' id='line_1_4' title="bbox 202 425 1732 482; baseline -0.001 -15"><span class='ocrx_word' id='word_1_24' title='bbox 202 425 319 482; x_wconf 84' lang='lat' dir='ltr'>cujus</span> <span class='ocrx_word' id='word_1_25' title='bbox 339 426 489 468; x_wconf 89' lang='lat' dir='ltr'>merita</span> <span class='ocrx_word' id='word_1_26' title='bbox 509 431 627 481; x_wconf 90' lang='lat' dir='ltr'>pater</span> <span class='ocrx_word' id='word_1_27' title='bbox 648 426 775 481; x_wconf 82' lang='lat' dir='ltr'>ipsius</span> <span class='ocrx_word' id='word_1_28' title='bbox 796 426 1024 481; x_wconf 78' lang='lat' dir='ltr'>promeruit</span> <span class='ocrx_word' id='word_1_29' title='bbox 1040 431 1128 467; x_wconf 89' lang='lat' dir='ltr'>tam</span> <span class='ocrx_word' id='word_1_30' title='bbox 1150 426 1323 467; x_wconf 89' lang='lat' dir='ltr'>celerem</span> <span class='ocrx_word' id='word_1_31' title='bbox 1345 426 1490 467; x_wconf 87' lang='lat' dir='ltr'>salutis</span> <span class='ocrx_word' id='word_1_32' title='bbox 1510 441 1630 481; x_wconf 91' lang='lat' dir='ltr'>opem</span> <span class='ocrx_word' id='word_1_33' title='bbox 1645 425 1732 466; x_wconf 88' lang='lat' dir='ltr'>adi-</span> 
     </span>
     <span class='ocr_line' id='line_1_5' title="bbox 202 491 1732 548; baseline -0.001 -14"><span class='ocrx_word' id='word_1_34' title='bbox 202 491 318 548; x_wconf 90' lang='lat' dir='ltr'>pisci.</span> <span class='ocrx_word' id='word_1_35' title='bbox 381 492 508 534; x_wconf 83' lang='lat' dir='ltr'>Unde</span> <span class='ocrx_word' id='word_1_36' title='bbox 530 493 585 533; x_wconf 89' lang='lat' dir='ltr'>ad</span> <span class='ocrx_word' id='word_1_37' title='bbox 617 492 818 534; x_wconf 91' lang='lat' dir='ltr'>Finchale</span> <span class='ocrx_word' id='word_1_38' title='bbox 840 508 882 534; x_wconf 90' lang='lat' dir='ltr'>se</span> <span class='ocrx_word' id='word_1_39' title='bbox 908 492 1118 547; x_wconf 85' lang='lat' dir='ltr'>deportari</span> <span class='ocrx_word' id='word_1_40' title='bbox 1142 492 1268 540; x_wconf 81' lang='lat' dir='ltr'>fecit3</span> <span class='ocrx_word' id='word_1_41' title='bbox 1304 492 1376 533; x_wconf 87' lang='lat' dir='ltr'>sed</span> <span class='ocrx_word' id='word_1_42' title='bbox 1400 497 1447 533; x_wconf 91' lang='lat' dir='ltr'>ut</span> <span class='ocrx_word' id='word_1_43' title='bbox 1468 492 1523 533; x_wconf 88' lang='lat' dir='ltr'>ad</span> <span class='ocrx_word' id='word_1_44' title='bbox 1544 492 1620 533; x_wconf 93' lang='lat' dir='ltr'>viri</span> <span class='ocrx_word' id='word_1_45' title='bbox 1651 491 1732 533; x_wconf 90' lang='lat' dir='ltr'>Dei</span> 
     </span>
     <span class='ocr_line' id='line_1_6' title="bbox 204 557 1732 614; baseline -0.001 -14"><span class='ocrx_word' id='word_1_46' title='bbox 204 559 463 614; x_wconf 81' lang='lat' dir='ltr'>sepulchrum</span> <span class='ocrx_word' id='word_1_47' title='bbox 495 559 668 614; x_wconf 81' lang='lat' dir='ltr'>pervigil</span> <span class='ocrx_word' id='word_1_48' title='bbox 701 563 1030 613; x_wconf 85' lang='lat' dir='ltr'>pernoctaverat,</span> <span class='ocrx_word' id='word_1_49' title='bbox 1065 573 1108 600; x_wconf 86' lang='lat' dir='ltr'>se</span> <span class='ocrx_word' id='word_1_50' title='bbox 1141 558 1252 599; x_wconf 88' lang='lat' dir='ltr'>omni</span> <span class='ocrx_word' id='word_1_51' title='bbox 1289 563 1405 613; x_wconf 90' lang='lat' dir='ltr'>peste</span> <span class='ocrx_word' id='word_1_52' title='bbox 1442 558 1603 599; x_wconf 88' lang='lat' dir='ltr'>diutina</span> <span class='ocrx_word' id='word_1_53' title='bbox 1633 557 1732 599; x_wconf 91' lang='lat' dir='ltr'>libe-</span> 
     </span>
     <span class='ocr_line' id='line_1_7' title="bbox 203 624 1732 679; baseline -0.001 -12"><span class='ocrx_word' id='word_1_54' title='bbox 203 630 339 667; x_wconf 81' lang='lat' dir='ltr'><strong>ratam</strong></span> <span class='ocrx_word' id='word_1_55' title='bbox 370 625 587 676; x_wconf 77' lang='lat' dir='ltr'>sentiebat,</span> <span class='ocrx_word' id='word_1_56' title='bbox 623 625 761 679; x_wconf 87' lang='lat' dir='ltr'>sicque</span> <span class='ocrx_word' id='word_1_57' title='bbox 793 625 963 666; x_wconf 90' lang='lat' dir='ltr'>domum</span> <span class='ocrx_word' id='word_1_58' title='bbox 1002 639 1142 679; x_wconf 83' lang='lat' dir='ltr'>sospes</span> <span class='ocrx_word' id='word_1_59' title='bbox 1174 624 1311 675; x_wconf 88' lang='lat' dir='ltr'>rediit,</span> <span class='ocrx_word' id='word_1_60' title='bbox 1344 640 1392 666; x_wconf 88' lang='lat' dir='ltr'>ac</span> <span class='ocrx_word' id='word_1_61' title='bbox 1424 625 1659 667; x_wconf 88' lang='lat' dir='ltr'>vehiculum</span> <span class='ocrx_word' id='word_1_62' title='bbox 1690 625 1732 666; x_wconf 90' lang='lat' dir='ltr'>in</span> 
     </span>
     <span class='ocr_line' id='line_1_8' title="bbox 204 690 1540 747; baseline -0.001 -14"><span class='ocrx_word' id='word_1_63' title='bbox 204 707 283 747; x_wconf 91' lang='lat' dir='ltr'>quo</span> <span class='ocrx_word' id='word_1_64' title='bbox 306 692 525 747; x_wconf 86' lang='lat' dir='ltr'>deportata</span> <span class='ocrx_word' id='word_1_65' title='bbox 547 692 682 733; x_wconf 88' lang='lat' dir='ltr'>fuerat</span> <span class='ocrx_word' id='word_1_66' title='bbox 704 691 761 732; x_wconf 87' lang='lat' dir='ltr'>ibi</span> <span class='ocrx_word' id='word_1_67' title='bbox 781 696 932 732; x_wconf 86' lang='lat' dir='ltr'>testem</span> <span class='ocrx_word' id='word_1_68' title='bbox 955 706 1037 732; x_wconf 85' lang='lat' dir='ltr'>suae</span> <span class='ocrx_word' id='word_1_69' title='bbox 1060 690 1286 733; x_wconf 75' lang='lat' dir='ltr'>curationis</span> <span class='ocrx_word' id='word_1_70' title='bbox 1308 691 1540 746; x_wconf 76' lang='lat' dir='ltr'>dereliquit.</span> 
     </span>
    </p>
   </div>
   <div class='ocr_carea' id='block_1_3' title="bbox 444 856 1493 884">
    <p class='ocr_par' dir='ltr' id='par_1_3' title="bbox 444 856 1493 884">
     <span class='ocr_line' id='line_1_9' title="bbox 444 856 1493 884; baseline 0.002 -2"><span class='ocrx_word' id='word_1_71' title='bbox 444 856 626 883; x_wconf 85' lang='lat' dir='ltr'>CLXXXIX.</span> <span class='ocrx_word' id='word_1_72' title='bbox 658 857 710 882; x_wconf 85' lang='lat' dir='ltr'>DE</span> <span class='ocrx_word' id='word_1_73' title='bbox 741 857 985 882; x_wconf 84' lang='lat' dir='ltr'><strong>LANGUENTE</strong></span> <span class='ocrx_word' id='word_1_74' title='bbox 1015 857 1103 882; x_wconf 75' lang='lat' dir='ltr'>PRAE</span> <span class='ocrx_word' id='word_1_75' title='bbox 1137 856 1295 883; x_wconf 78' lang='lat' dir='ltr'><strong>CAPITIS</strong></span> <span class='ocrx_word' id='word_1_76' title='bbox 1325 857 1493 884; x_wconf 81' lang='lat' dir='ltr'><strong>DOLORE.</strong></span> 
     </span>
    </p>
   </div>
   <div class='ocr_carea' id='block_1_4' title="bbox 205 956 1740 1676">
    <p class='ocr_par' dir='ltr' id='par_1_4' title="bbox 205 956 1740 1676">
     <span class='ocr_line' id='line_1_10' title="bbox 265 956 1734 1013; baseline -0.001 -15"><span class='ocrx_word' id='word_1_77' title='bbox 265 958 407 1013; x_wconf 57' lang='lat'>§5652</span> <span class='ocrx_word' id='word_1_78' title='bbox 443 958 614 998; x_wconf 77' lang='lat' dir='ltr'>MULIER</span> <span class='ocrx_word' id='word_1_79' title='bbox 644 956 847 1011; x_wconf 91' lang='lat' dir='ltr'>quaedam,</span> <span class='ocrx_word' id='word_1_80' title='bbox 880 956 1073 998; x_wconf 91' lang='lat' dir='ltr'>Aluruna</span> <span class='ocrx_word' id='word_1_81' title='bbox 1102 956 1280 1007; x_wconf 90' lang='lat' dir='ltr'>nomine,</span> <span class='ocrx_word' id='word_1_82' title='bbox 1310 956 1363 998; x_wconf 90' lang='lat' dir='ltr'>ab</span> <span class='ocrx_word' id='word_1_83' title='bbox 1393 957 1483 1012; x_wconf 80' lang='lat' dir='ltr'>ipsa</span> <span class='ocrx_word' id='word_1_84' title='bbox 1512 956 1734 998; x_wconf 85' lang='lat' dir='ltr'>nativitate</span> 
     </span>
     <span class='ocr_line' id='line_1_11' title="bbox 205 1023 1737 1079; baseline -0.002 -13"><span class='ocrx_word' id='word_1_85' title='bbox 205 1040 280 1066; x_wconf 89' lang='lat' dir='ltr'>sua</span> <span class='ocrx_word' id='word_1_86' title='bbox 310 1024 612 1065; x_wconf 87' lang='lat' dir='ltr'>intolerabilem</span> <span class='ocrx_word' id='word_1_87' title='bbox 643 1023 792 1078; x_wconf 87' lang='lat' dir='ltr'>capitis</span> <span class='ocrx_word' id='word_1_88' title='bbox 825 1023 1008 1066; x_wconf 88' lang='lat' dir='ltr'>dolorem</span> <span class='ocrx_word' id='word_1_89' title='bbox 1039 1038 1172 1079; x_wconf 87' lang='lat' dir='ltr'>passa,</span> <span class='ocrx_word' id='word_1_90' title='bbox 1200 1038 1252 1064; x_wconf 81' lang='lat' dir='ltr'>ex</span> <span class='ocrx_word' id='word_1_91' title='bbox 1282 1023 1411 1064; x_wconf 89' lang='lat' dir='ltr'>nimia</span> <span class='ocrx_word' id='word_1_92' title='bbox 1444 1023 1583 1064; x_wconf 88' lang='lat' dir='ltr'>dolore</span> <span class='ocrx_word' id='word_1_93' title='bbox 1614 1038 1737 1077; x_wconf 90' lang='lat' dir='ltr'>quem</span> 
     </span>
     <span class='ocr_line' id='line_1_12' title="bbox 206 1089 1737 1145; baseline -0.001 -13"><span class='ocrx_word' id='word_1_94' title='bbox 206 1091 402 1132; x_wconf 89' lang='lat' dir='ltr'>diuturno</span> <span class='ocrx_word' id='word_1_95' title='bbox 424 1096 611 1145; x_wconf 89' lang='lat' dir='ltr'>tempore</span> <span class='ocrx_word' id='word_1_96' title='bbox 632 1090 897 1141; x_wconf 78' lang='lat' dir='ltr'>sustinuerat,</span> <span class='ocrx_word' id='word_1_97' title='bbox 920 1090 1092 1131; x_wconf 89' lang='lat' dir='ltr'>tandem</span> <span class='ocrx_word' id='word_1_98' title='bbox 1112 1089 1326 1144; x_wconf 83' lang='lat' dir='ltr'>utriusque</span> <span class='ocrx_word' id='word_1_99' title='bbox 1347 1090 1454 1131; x_wconf 89' lang='lat' dir='ltr'>oculi</span> <span class='ocrx_word' id='word_1_100' title='bbox 1475 1090 1615 1130; x_wconf 88' lang='lat' dir='ltr'>lumen</span> <span class='ocrx_word' id='word_1_101' title='bbox 1635 1090 1737 1130; x_wconf 88' lang='lat' dir='ltr'>ami-</span> 
     </span>
     <span class='ocr_line' id='line_1_13' title="bbox 205 1155 1738 1212; baseline -0.003 -12"><span class='ocrx_word' id='word_1_102' title='bbox 205 1162 330 1200; x_wconf 83' lang='lat' dir='ltr'>serat.</span> <span class='ocrx_word' id='word_1_103' title='bbox 392 1157 613 1199; x_wconf 78' lang='lat' dir='ltr'>Crescente</span> <span class='ocrx_word' id='word_1_104' title='bbox 634 1156 761 1211; x_wconf 81' lang='lat' dir='ltr'>igitur</span> <span class='ocrx_word' id='word_1_105' title='bbox 782 1171 854 1211; x_wconf 91' lang='lat' dir='ltr'>per</span> <span class='ocrx_word' id='word_1_106' title='bbox 876 1156 964 1198; x_wconf 90' lang='lat' dir='ltr'>dies</span> <span class='ocrx_word' id='word_1_107' title='bbox 985 1156 1243 1212; x_wconf 75' lang='lat' dir='ltr'>aegritudine,</span> <span class='ocrx_word' id='word_1_108' title='bbox 1264 1156 1462 1211; x_wconf 82' lang='lat' dir='ltr'>languida</span> <span class='ocrx_word' id='word_1_109' title='bbox 1482 1172 1554 1211; x_wconf 89' lang='lat' dir='ltr'>per</span> <span class='ocrx_word' id='word_1_110' title='bbox 1576 1155 1738 1197; x_wconf 87' lang='lat' dir='ltr'>dimidii</span> 
     </span>
     <span class='ocr_line' id='line_1_14' title="bbox 205 1221 1737 1279; baseline -0.002 -13"><span class='ocrx_word' id='word_1_111' title='bbox 205 1225 304 1266; x_wconf 86' lang='lat' dir='ltr'>anni</span> <span class='ocrx_word' id='word_1_112' title='bbox 320 1224 500 1279; x_wconf 87' lang='lat' dir='ltr'>spatium</span> <span class='ocrx_word' id='word_1_113' title='bbox 521 1222 673 1264; x_wconf 86' lang='lat' dir='ltr'>lectulo</span> <span class='ocrx_word' id='word_1_114' title='bbox 695 1222 906 1272; x_wconf 84' lang='lat' dir='ltr'>decubuit,</span> <span class='ocrx_word' id='word_1_115' title='bbox 925 1238 1000 1264; x_wconf 89' lang='lat' dir='ltr'>nec</span> <span class='ocrx_word' id='word_1_116' title='bbox 1021 1223 1098 1264; x_wconf 87' lang='lat' dir='ltr'>sibi</span> <span class='ocrx_word' id='word_1_117' title='bbox 1119 1223 1161 1264; x_wconf 88' lang='lat' dir='ltr'>in</span> <span class='ocrx_word' id='word_1_118' title='bbox 1186 1223 1322 1277; x_wconf 90' lang='lat' dir='ltr'>aliquo</span> <span class='ocrx_word' id='word_1_119' title='bbox 1335 1221 1485 1278; x_wconf 83' lang='lat' dir='ltr'>juvare</span> <span class='ocrx_word' id='word_1_120' title='bbox 1501 1222 1737 1278; x_wconf 80' lang='lat' dir='ltr'>praevaluit.</span> 
     </span>
     <span class='ocr_line' id='line_1_15' title="bbox 208 1288 1738 1343; baseline -0.002 -11"><span class='ocrx_word' id='word_1_121' title='bbox 208 1291 313 1332; x_wconf 90' lang='lat' dir='ltr'>Post</span> <span class='ocrx_word' id='word_1_122' title='bbox 334 1289 474 1331; x_wconf 89' lang='lat' dir='ltr'>omnia</span> <span class='ocrx_word' id='word_1_123' title='bbox 495 1289 651 1330; x_wconf 86' lang='lat' dir='ltr'>diutius</span> <span class='ocrx_word' id='word_1_124' title='bbox 682 1288 890 1343; x_wconf 82' lang='lat' dir='ltr'>exquisita</span> <span class='ocrx_word' id='word_1_125' title='bbox 910 1289 1165 1330; x_wconf 87' lang='lat' dir='ltr'>medicorum</span> <span class='ocrx_word' id='word_1_126' title='bbox 1195 1289 1416 1339; x_wconf 87' lang='lat' dir='ltr'>levamina,</span> <span class='ocrx_word' id='word_1_127' title='bbox 1438 1289 1659 1331; x_wconf 90' lang='lat' dir='ltr'>novissime</span> <span class='ocrx_word' id='word_1_128' title='bbox 1683 1288 1738 1330; x_wconf 91' lang='lat' dir='ltr'>ad</span> 
     </span>
     <span class='ocr_line' id='line_1_16' title="bbox 207 1355 1739 1411; baseline -0.001 -13"><span class='ocrx_word' id='word_1_129' title='bbox 207 1357 331 1398; x_wconf 89' lang='lat' dir='ltr'>Beati</span> <span class='ocrx_word' id='word_1_130' title='bbox 353 1356 523 1398; x_wconf 76' lang='lat' dir='ltr'>Godrici</span> <span class='ocrx_word' id='word_1_131' title='bbox 544 1356 805 1410; x_wconf 83' lang='lat' dir='ltr'>sepulchrum</span> <span class='ocrx_word' id='word_1_132' title='bbox 829 1355 1042 1411; x_wconf 81' lang='lat' dir='ltr'>confugit3</span> <span class='ocrx_word' id='word_1_133' title='bbox 1075 1356 1146 1397; x_wconf 92' lang='lat' dir='ltr'>ubi</span> <span class='ocrx_word' id='word_1_134' title='bbox 1168 1361 1209 1396; x_wconf 86' lang='lat' dir='ltr'>et</span> <span class='ocrx_word' id='word_1_135' title='bbox 1230 1355 1443 1410; x_wconf 89' lang='lat' dir='ltr'>utriusque</span> <span class='ocrx_word' id='word_1_136' title='bbox 1465 1355 1572 1397; x_wconf 89' lang='lat' dir='ltr'>oculi</span> <span class='ocrx_word' id='word_1_137' title='bbox 1599 1355 1739 1396; x_wconf 89' lang='lat' dir='ltr'>lumen</span> 
     </span>
     <span class='ocr_line' id='line_1_17' title="bbox 207 1422 1740 1479; baseline -0.001 -14"><span class='ocrx_word' id='word_1_138' title='bbox 207 1423 388 1479; x_wconf 86' lang='lat' dir='ltr'>perfecte</span> <span class='ocrx_word' id='word_1_139' title='bbox 409 1422 578 1477; x_wconf 90' lang='lat' dir='ltr'>recepit,</span> <span class='ocrx_word' id='word_1_140' title='bbox 602 1427 643 1463; x_wconf 88' lang='lat' dir='ltr'>et</span> <span class='ocrx_word' id='word_1_141' title='bbox 665 1422 776 1463; x_wconf 88' lang='lat' dir='ltr'>omni</span> <span class='ocrx_word' id='word_1_142' title='bbox 809 1422 948 1463; x_wconf 90' lang='lat' dir='ltr'>dolore</span> <span class='ocrx_word' id='word_1_143' title='bbox 970 1423 1117 1477; x_wconf 83' lang='lat' dir='ltr'>capitis</span> <span class='ocrx_word' id='word_1_144' title='bbox 1149 1422 1349 1477; x_wconf 87' lang='lat' dir='ltr'>deposito,</span> <span class='ocrx_word' id='word_1_145' title='bbox 1372 1437 1473 1464; x_wconf 89' lang='lat' dir='ltr'>sana</span> <span class='ocrx_word' id='word_1_146' title='bbox 1497 1437 1590 1463; x_wconf 89' lang='lat' dir='ltr'>cum</span> <span class='ocrx_word' id='word_1_147' title='bbox 1621 1422 1740 1464; x_wconf 83' lang='lat' dir='ltr'>sociis</span> 
     </span>
     <span class='ocr_line' id='line_1_18' title="bbox 208 1488 1735 1543; baseline -0.001 -12"><span class='ocrx_word' id='word_1_148' title='bbox 208 1490 378 1531; x_wconf 89' lang='lat' dir='ltr'>domum</span> <span class='ocrx_word' id='word_1_149' title='bbox 399 1489 535 1531; x_wconf 89' lang='lat' dir='ltr'>rediit.</span> <span class='ocrx_word' id='word_1_150' title='bbox 598 1488 789 1530; x_wconf 86' lang='lat' dir='ltr'>Aderant</span> <span class='ocrx_word' id='word_1_151' title='bbox 813 1488 939 1530; x_wconf 89' lang='lat' dir='ltr'>etiam</span> <span class='ocrx_word' id='word_1_152' title='bbox 969 1493 1069 1530; x_wconf 86' lang='lat' dir='ltr'>tunc</span> <span class='ocrx_word' id='word_1_153' title='bbox 1090 1488 1147 1530; x_wconf 90' lang='lat' dir='ltr'>ibi</span> <span class='ocrx_word' id='word_1_154' title='bbox 1169 1489 1306 1543; x_wconf 88' lang='lat' dir='ltr'>plures</span> <span class='ocrx_word' id='word_1_155' title='bbox 1334 1504 1427 1530; x_wconf 92' lang='lat' dir='ltr'>cum</span> <span class='ocrx_word' id='word_1_156' title='bbox 1458 1504 1507 1529; x_wconf 88' lang='lat' dir='ltr'>ea</span> <span class='ocrx_word' id='word_1_157' title='bbox 1528 1489 1579 1530; x_wconf 86' lang='lat' dir='ltr'>de</span> <span class='ocrx_word' id='word_1_158' title='bbox 1601 1488 1735 1529; x_wconf 91' lang='lat' dir='ltr'>Pitin-</span> 
     </span>
     <span class='ocr_line' id='line_1_19' title="bbox 209 1555 1738 1609; baseline -0.001 -12"><span class='ocrx_word' id='word_1_159' title='bbox 209 1557 332 1607; x_wconf 92' lang='lat' dir='ltr'>dune,</span> <span class='ocrx_word' id='word_1_160' title='bbox 355 1556 465 1597; x_wconf 87' lang='lat' dir='ltr'>unde</span> <span class='ocrx_word' id='word_1_161' title='bbox 486 1559 669 1605; x_wconf 89' lang='lat' dir='ltr'>venerat,</span> <span class='ocrx_word' id='word_1_162' title='bbox 696 1570 785 1609; x_wconf 85' lang='lat' dir='ltr'>quae</span> <span class='ocrx_word' id='word_1_163' title='bbox 817 1570 908 1596; x_wconf 90' lang='lat' dir='ltr'>eam</span> <span class='ocrx_word' id='word_1_164' title='bbox 930 1555 1031 1597; x_wconf 87' lang='lat' dir='ltr'>satis</span> <span class='ocrx_word' id='word_1_165' title='bbox 1052 1560 1265 1607; x_wconf 86' lang='lat' dir='ltr'>noverant,</span> <span class='ocrx_word' id='word_1_166' title='bbox 1290 1560 1331 1596; x_wconf 87' lang='lat' dir='ltr'>et</span> <span class='ocrx_word' id='word_1_167' title='bbox 1353 1555 1412 1596; x_wconf 87' lang='lat' dir='ltr'>illi</span> <span class='ocrx_word' id='word_1_168' title='bbox 1444 1555 1494 1596; x_wconf 88' lang='lat' dir='ltr'>de</span> <span class='ocrx_word' id='word_1_169' title='bbox 1524 1555 1588 1597; x_wconf 87' lang='lat' dir='ltr'>his</span> <span class='ocrx_word' id='word_1_170' title='bbox 1609 1555 1738 1596; x_wconf 93' lang='lat' dir='ltr'>omni-</span> 
     </span>
     <span class='ocr_line' id='line_1_20' title="bbox 207 1620 1147 1676; baseline -0.003 -11"><span class='ocrx_word' id='word_1_171' title='bbox 207 1624 285 1665; x_wconf 79' lang='lat' dir='ltr'>bus</span> <span class='ocrx_word' id='word_1_172' title='bbox 306 1623 591 1665; x_wconf 88' lang='lat' dir='ltr'>testimonium</span> <span class='ocrx_word' id='word_1_173' title='bbox 613 1620 818 1663; x_wconf 85' lang='lat' dir='ltr'>sufficiens</span> <span class='ocrx_word' id='word_1_174' title='bbox 840 1621 1147 1676; x_wconf 84' lang='lat' dir='ltr'>¹perhibebant.</span> 
     </span>
    </p>
   </div>
   <div class='ocr_carea' id='block_1_5' title="bbox 518 1799 1432 1834">
    <p class='ocr_par' dir='ltr' id='par_1_5' title="bbox 518 1799 1432 1834">
     <span class='ocr_line' id='line_1_21' title="bbox 518 1799 1432 1834; baseline 0 -8"><span class='ocrx_word' id='word_1_175' title='bbox 518 1800 600 1826; x_wconf 87' lang='lat' dir='ltr'>CXC.</span> <span class='ocrx_word' id='word_1_176' title='bbox 631 1801 683 1825; x_wconf 84' lang='lat' dir='ltr'>DE</span> <span class='ocrx_word' id='word_1_177' title='bbox 714 1799 950 1834; x_wconf 77' lang='lat' dir='ltr'>SEMISURDO,</span> <span class='ocrx_word' id='word_1_178' title='bbox 983 1799 1100 1834; x_wconf 84' lang='lat' dir='ltr'>CAECO,</span> <span class='ocrx_word' id='word_1_179' title='bbox 1133 1799 1182 1823; x_wconf 71' lang='lat' dir='ltr'>ET*</span> <span class='ocrx_word' id='word_1_180' title='bbox 1212 1799 1432 1826; x_wconf 84' lang='lat' dir='ltr'><strong>LANGUIDO.</strong></span> 
     </span>
    </p>
   </div>
   <div class='ocr_carea' id='block_1_6' title="bbox 211 1897 1748 2551">
    <p class='ocr_par' dir='ltr' id='par_1_6' title="bbox 211 1897 1748 2551">
     <span class='ocr_line' id='line_1_22' title="bbox 270 1897 1742 1954; baseline 0.003 -16"><span class='ocrx_word' id='word_1_181' title='bbox 270 1899 292 1953; x_wconf 58' lang='grc' dir='ltr'>ξ</span> <span class='ocrx_word' id='word_1_182' title='bbox 315 1899 413 1939; x_wconf 83' lang='grc'><strong>566.</strong></span> <span class='ocrx_word' id='word_1_183' title='bbox 445 1898 475 1938; x_wconf 85' lang='lat' dir='ltr'><strong>J</strong></span> <span class='ocrx_word' id='word_1_184' title='bbox 480 1900 628 1939; x_wconf 73' lang='lat' dir='ltr'>UVE&#39;NIs</span> <span class='ocrx_word' id='word_1_185' title='bbox 670 1898 853 1952; x_wconf 88' lang='lat' dir='ltr'>quidam,</span> <span class='ocrx_word' id='word_1_186' title='bbox 895 1898 1061 1939; x_wconf 89' lang='lat' dir='ltr'>nomine</span> <span class='ocrx_word' id='word_1_187' title='bbox 1103 1897 1398 1954; x_wconf 86' lang='lat' dir='ltr'>Baldewynus,</span> <span class='ocrx_word' id='word_1_188' title='bbox 1440 1900 1482 1940; x_wconf 92' lang='lat' dir='ltr'>in</span> <span class='ocrx_word' id='word_1_189' title='bbox 1534 1900 1742 1942; x_wconf 89' lang='lat' dir='ltr'>Dunelmo</span> 
     </span>
     <span class='ocr_line' id='line_1_23' title="bbox 211 1963 1742 2019; baseline 0.003 -14"><span class='ocrx_word' id='word_1_190' title='bbox 211 1969 334 2006; x_wconf 88' lang='lat' dir='ltr'>natus</span> <span class='ocrx_word' id='word_1_191' title='bbox 355 1969 396 2005; x_wconf 87' lang='lat' dir='ltr'>et</span> <span class='ocrx_word' id='word_1_192' title='bbox 418 1970 697 2014; x_wconf 84' lang='lat' dir='ltr'>conversatus,</span> <span class='ocrx_word' id='word_1_193' title='bbox 719 1963 890 2006; x_wconf 90' lang='lat' dir='ltr'>infinitae</span> <span class='ocrx_word' id='word_1_194' title='bbox 912 1964 1170 2019; x_wconf 78' lang='lat' dir='ltr'>aegritudinis</span> <span class='ocrx_word' id='word_1_195' title='bbox 1200 1965 1352 2006; x_wconf 88' lang='lat' dir='ltr'>molem</span> <span class='ocrx_word' id='word_1_196' title='bbox 1374 1965 1518 2007; x_wconf 88' lang='lat' dir='ltr'>incidit</span> <span class='ocrx_word' id='word_1_197' title='bbox 1540 1967 1643 2008; x_wconf 90' lang='lat' dir='ltr'>adeo</span> <span class='ocrx_word' id='word_1_198' title='bbox 1668 1968 1742 2008; x_wconf 89' lang='lat' dir='ltr'>im—</span> 
     </span>
     <span class='ocr_line' id='line_1_24' title="bbox 212 2030 1742 2085; baseline 0.003 -14"><span class='ocrx_word' id='word_1_199' title='bbox 212 2037 448 2085; x_wconf 86' lang='lat' dir='ltr'>portuna-m,</span> <span class='ocrx_word' id='word_1_200' title='bbox 480 2036 527 2072; x_wconf 88' lang='lat' dir='ltr'>ut</span> <span class='ocrx_word' id='word_1_201' title='bbox 562 2031 746 2072; x_wconf 87' lang='lat' dir='ltr'>omnium</span> <span class='ocrx_word' id='word_1_202' title='bbox 777 2031 1060 2072; x_wconf 83' lang='lat' dir='ltr'>membrorum</span> <span class='ocrx_word' id='word_1_203' title='bbox 1095 2030 1271 2071; x_wconf 87' lang='lat' dir='ltr'>officium</span> <span class='ocrx_word' id='word_1_204' title='bbox 1306 2036 1346 2072; x_wconf 93' lang='lat' dir='ltr'>et</span> <span class='ocrx_word' id='word_1_205' title='bbox 1379 2038 1539 2073; x_wconf 89' lang='lat' dir='ltr'>motum</span> <span class='ocrx_word' id='word_1_206' title='bbox 1576 2034 1742 2075; x_wconf 88' lang='lat' dir='ltr'>omnino</span> 
     </span>
     <span class='ocr_line' id='line_1_25' title="bbox 213 2097 1748 2155; baseline 0.002 -17"><span class='ocrx_word' id='word_1_207' title='bbox 213 2098 422 2138; x_wconf 86' lang='lat' dir='ltr'>amiserat.</span> <span class='ocrx_word' id='word_1_208' title='bbox 504 2097 612 2138; x_wconf 91' lang='lat' dir='ltr'>Nam</span> <span class='ocrx_word' id='word_1_209' title='bbox 653 2097 836 2147; x_wconf 87' lang='lat' dir='ltr'>claudus,</span> <span class='ocrx_word' id='word_1_210' title='bbox 875 2097 1138 2147; x_wconf 86' lang='lat' dir='ltr'>semisurdus,</span> <span class='ocrx_word' id='word_1_211' title='bbox 1173 2102 1214 2138; x_wconf 88' lang='lat' dir='ltr'>et</span> <span class='ocrx_word' id='word_1_212' title='bbox 1246 2112 1390 2148; x_wconf 89' lang='lat' dir='ltr'>caecus,</span> <span class='ocrx_word' id='word_1_213' title='bbox 1423 2098 1642 2154; x_wconf 82' lang='lat' dir='ltr'>languidus</span> <span class='ocrx_word' id='word_1_214' title='bbox 1674 2116 1748 2155; x_wconf 91' lang='lat' dir='ltr'>per</span> 
     </span>
     <span class='ocr_line' id='line_1_26' title="bbox 212 2163 1744 2222; baseline 0.003 -19"><span class='ocrx_word' id='word_1_215' title='bbox 212 2178 341 2204; x_wconf 90' lang='lat' dir='ltr'>annos</span> <span class='ocrx_word' id='word_1_216' title='bbox 361 2163 499 2217; x_wconf 86' lang='lat' dir='ltr'>plures</span> <span class='ocrx_word' id='word_1_217' title='bbox 521 2163 744 2215; x_wconf 89' lang='lat' dir='ltr'>decubuit;</span> <span class='ocrx_word' id='word_1_218' title='bbox 777 2178 852 2204; x_wconf 89' lang='lat' dir='ltr'>nec</span> <span class='ocrx_word' id='word_1_219' title='bbox 874 2163 1000 2204; x_wconf 87' lang='lat' dir='ltr'>etiam</span> <span class='ocrx_word' id='word_1_220' title='bbox 1032 2163 1086 2203; x_wconf 89' lang='lat' dir='ltr'>ad</span> <span class='ocrx_word' id='word_1_221' title='bbox 1116 2163 1346 2205; x_wconf 79' lang='lat' dir='ltr'>necessaria</span> <span class='ocrx_word' id='word_1_222' title='bbox 1375 2169 1547 2216; x_wconf 81' lang='lat' dir='ltr'>naturae,</span> <span class='ocrx_word' id='word_1_223' title='bbox 1569 2166 1647 2207; x_wconf 84' lang='lat' dir='ltr'>nisi</span> <span class='ocrx_word' id='word_1_224' title='bbox 1668 2182 1744 2222; x_wconf 89' lang='lat' dir='ltr'>ope</span> 
     </span>
     <span class='ocr_line' id='line_1_27' title="bbox 212 2227 1742 2284; baseline 0.003 -15"><span class='ocrx_word' id='word_1_225' title='bbox 212 2229 381 2270; x_wconf 86' lang='lat' dir='ltr'>alterius</span> <span class='ocrx_word' id='word_1_226' title='bbox 397 2227 583 2283; x_wconf 85' lang='lat' dir='ltr'>juvatus,</span> <span class='ocrx_word' id='word_1_227' title='bbox 599 2229 830 2284; x_wconf 87' lang='lat' dir='ltr'>praevaluit.</span> <span class='ocrx_word' id='word_1_228' title='bbox 875 2229 1063 2270; x_wconf 85' lang='lat' dir='ltr'>Tandem</span> <span class='ocrx_word' id='word_1_229' title='bbox 1086 2244 1189 2284; x_wconf 90' lang='lat' dir='ltr'>equo</span> <span class='ocrx_word' id='word_1_230' title='bbox 1210 2229 1419 2281; x_wconf 89' lang='lat' dir='ltr'>devectus,</span> <span class='ocrx_word' id='word_1_231' title='bbox 1435 2236 1569 2273; x_wconf 89' lang='lat' dir='ltr'>matre</span> <span class='ocrx_word' id='word_1_232' title='bbox 1591 2232 1742 2274; x_wconf 89' lang='lat' dir='ltr'>ducen-</span> 
     </span>
     <span class='ocr_line' id='line_1_28' title="bbox 215 2294 1742 2354; baseline 0.003 -18"><span class='ocrx_word' id='word_1_233' title='bbox 215 2295 278 2345; x_wconf 92' lang='lat' dir='ltr'>de,</span> <span class='ocrx_word' id='word_1_234' title='bbox 305 2294 448 2335; x_wconf 87' lang='lat' dir='ltr'>Sancti</span> <span class='ocrx_word' id='word_1_235' title='bbox 472 2295 642 2336; x_wconf 86' lang='lat' dir='ltr'>Thomae</span> <span class='ocrx_word' id='word_1_236' title='bbox 664 2295 926 2350; x_wconf 87' lang='lat' dir='ltr'>sepulchrum</span> <span class='ocrx_word' id='word_1_237' title='bbox 948 2295 1081 2346; x_wconf 85' lang='lat' dir='ltr'>adiit;</span> <span class='ocrx_word' id='word_1_238' title='bbox 1115 2296 1186 2337; x_wconf 86' lang='lat' dir='ltr'>sed</span> <span class='ocrx_word' id='word_1_239' title='bbox 1217 2296 1463 2338; x_wconf 89' lang='lat' dir='ltr'>inscrutibili</span> <span class='ocrx_word' id='word_1_240' title='bbox 1495 2298 1575 2339; x_wconf 89' lang='lat' dir='ltr'>Dei</span> <span class='ocrx_word' id='word_1_241' title='bbox 1607 2299 1742 2354; x_wconf 89' lang='lat' dir='ltr'>dispo-</span> 
     </span>
     <span class='ocr_line' id='line_1_29' title="bbox 214 2359 1746 2416; baseline 0.003 -14"><span class='ocrx_word' id='word_1_242' title='bbox 214 2366 337 2402; x_wconf 91' lang='lat' dir='ltr'>nente</span> <span class='ocrx_word' id='word_1_243' title='bbox 351 2359 524 2416; x_wconf 81' lang='lat' dir='ltr'>judicio,</span> <span class='ocrx_word' id='word_1_244' title='bbox 547 2361 651 2402; x_wconf 90' lang='lat' dir='ltr'>nihil</span> <span class='ocrx_word' id='word_1_245' title='bbox 672 2361 727 2402; x_wconf 89' lang='lat' dir='ltr'>ibi</span> <span class='ocrx_word' id='word_1_246' title='bbox 749 2362 920 2402; x_wconf 85' lang='lat' dir='ltr'>remedii</span> <span class='ocrx_word' id='word_1_247' title='bbox 942 2362 1151 2416; x_wconf 83' lang='lat' dir='ltr'>percipere</span> <span class='ocrx_word' id='word_1_248' title='bbox 1171 2363 1412 2416; x_wconf 89' lang='lat' dir='ltr'>promeruit.</span> <span class='ocrx_word' id='word_1_249' title='bbox 1483 2364 1586 2406; x_wconf 87' lang='lat' dir='ltr'>Post</span> <span class='ocrx_word' id='word_1_250' title='bbox 1608 2365 1746 2406; x_wconf 87' lang='lat' dir='ltr'>omnia</span> 
     </span>
     <span class='ocr_line' id='line_1_30' title="bbox 215 2426 1744 2478; baseline 0.003 -10"><span class='ocrx_word' id='word_1_251' title='bbox 215 2442 312 2469; x_wconf 88' lang='lat' dir='ltr'>vero</span> <span class='ocrx_word' id='word_1_252' title='bbox 334 2427 387 2468; x_wconf 90' lang='lat' dir='ltr'>ad</span> <span class='ocrx_word' id='word_1_253' title='bbox 409 2426 531 2468; x_wconf 87' lang='lat' dir='ltr'>Beati</span> <span class='ocrx_word' id='word_1_254' title='bbox 555 2427 723 2468; x_wconf 77' lang='lat' dir='ltr'>Godrici</span> <span class='ocrx_word' id='word_1_255' title='bbox 745 2428 935 2468; x_wconf 86' lang='lat' dir='ltr'>tumbam</span> <span class='ocrx_word' id='word_1_256' title='bbox 958 2428 1121 2469; x_wconf 88' lang='lat' dir='ltr'>delatus</span> <span class='ocrx_word' id='word_1_257' title='bbox 1153 2433 1227 2478; x_wconf 90' lang='lat' dir='ltr'>est,</span> <span class='ocrx_word' id='word_1_258' title='bbox 1250 2428 1321 2469; x_wconf 92' lang='lat' dir='ltr'>ubi</span> <span class='ocrx_word' id='word_1_259' title='bbox 1342 2428 1463 2471; x_wconf 89' lang='lat' dir='ltr'>unius</span> <span class='ocrx_word' id='word_1_260' title='bbox 1484 2430 1590 2471; x_wconf 91' lang='lat' dir='ltr'>oculi</span> <span class='ocrx_word' id='word_1_261' title='bbox 1612 2431 1744 2472; x_wconf 86' lang='lat' dir='ltr'>visum</span> 
     </span>
     <span class='ocr_line' id='line_1_31' title="bbox 214 2493 1746 2551; baseline 0.003 -17"><span class='ocrx_word' id='word_1_262' title='bbox 214 2494 412 2550; x_wconf 87' lang='lat' dir='ltr'>percepit,</span> <span class='ocrx_word' id='word_1_263' title='bbox 450 2509 529 2547; x_wconf 91' lang='lat' dir='ltr'>quo</span> <span class='ocrx_word' id='word_1_264' title='bbox 564 2508 728 2548; x_wconf 80' lang='lat' dir='ltr'>gressus</span> <span class='ocrx_word' id='word_1_265' title='bbox 765 2508 859 2535; x_wconf 89' lang='lat' dir='ltr'>suos</span> <span class='ocrx_word' id='word_1_266' title='bbox 895 2493 1071 2548; x_wconf 83' lang='lat' dir='ltr'>dirigere</span> <span class='ocrx_word' id='word_1_267' title='bbox 1106 2495 1336 2549; x_wconf 81' lang='lat' dir='ltr'>praevaluit,</span> <span class='ocrx_word' id='word_1_268' title='bbox 1372 2499 1413 2536; x_wconf 84' lang='lat' dir='ltr'>et</span> <span class='ocrx_word' id='word_1_269' title='bbox 1448 2496 1746 2551; x_wconf 86' lang='lat' dir='ltr'>aliquantulam</span> 
     </span>
    </p>
   </div>
   <div class='ocr_carea' id='block_1_7' title="bbox 214 2612 1746 2891">
    <p class='ocr_par' dir='ltr' id='par_1_7' title="bbox 214 2612 1746 2891">
     <span class='ocr_line' id='line_1_32' title="bbox 264 2612 1744 2662; baseline 0.002 -15"><span class='ocrx_word' id='word_1_270' title='bbox 264 2615 271 2633; x_wconf 96' lang='lat'><strong>¹</strong></span> <span class='ocrx_word' id='word_1_271' title='bbox 298 2612 546 2659; x_wconf 68' lang='lat' dir='ltr'>Pcrlzibebant]</span> <span class='ocrx_word' id='word_1_272' title='bbox 590 2613 754 2646; x_wconf 78' lang='lat' dir='ltr'>“Mulier</span> <span class='ocrx_word' id='word_1_273' title='bbox 779 2613 947 2658; x_wconf 81' lang='lat' dir='ltr'>quaedam,</span> <span class='ocrx_word' id='word_1_274' title='bbox 973 2615 1110 2648; x_wconf 87' lang='lat' dir='ltr'>nomine</span> <span class='ocrx_word' id='word_1_275' title='bbox 1140 2615 1326 2659; x_wconf 85' lang='lat' dir='ltr'>Alueruna,</span> <span class='ocrx_word' id='word_1_276' title='bbox 1353 2616 1597 2650; x_wconf 84' lang='lat' dir='ltr'>intolerabilem</span> <span class='ocrx_word' id='word_1_277' title='bbox 1625 2617 1744 2662; x_wconf 81' lang='lat' dir='ltr'>capitis</span> 
     </span>
     <span class='ocr_line' id='line_1_33' title="bbox 214 2659 1743 2706; baseline 0.002 -12"><span class='ocrx_word' id='word_1_278' title='bbox 214 2660 363 2694; x_wconf 84' lang='lat' dir='ltr'>dolorem</span> <span class='ocrx_word' id='word_1_279' title='bbox 381 2672 400 2692; x_wconf 85' lang='lat' dir='ltr'>a</span> <span class='ocrx_word' id='word_1_280' title='bbox 417 2672 477 2693; x_wconf 81' lang='lat' dir='ltr'>sua</span> <span class='ocrx_word' id='word_1_281' title='bbox 495 2659 671 2693; x_wconf 76' lang='lat' dir='ltr'>nativitate</span> <span class='ocrx_word' id='word_1_282' title='bbox 688 2671 800 2704; x_wconf 80' lang='lat' dir='ltr'>passa,</span> <span class='ocrx_word' id='word_1_283' title='bbox 823 2671 866 2692; x_wconf 81' lang='lat' dir='ltr'>cx</span> <span class='ocrx_word' id='word_1_284' title='bbox 888 2660 1063 2694; x_wconf 86' lang='lat' dir='ltr'>nimietate</span> <span class='ocrx_word' id='word_1_285' title='bbox 1087 2661 1210 2694; x_wconf 85' lang='lat' dir='ltr'>doloris</span> <span class='ocrx_word' id='word_1_286' title='bbox 1228 2662 1403 2706; x_wconf 84' lang='lat' dir='ltr'>utriusque</span> <span class='ocrx_word' id='word_1_287' title='bbox 1421 2662 1509 2696; x_wconf 89' lang='lat' dir='ltr'>oculi</span> <span class='ocrx_word' id='word_1_288' title='bbox 1528 2663 1642 2696; x_wconf 87' lang='lat' dir='ltr'>lumen</span> <span class='ocrx_word' id='word_1_289' title='bbox 1659 2664 1743 2697; x_wconf 89' lang='lat' dir='ltr'>ami-</span> 
     </span>
     <span class='ocr_line' id='line_1_34' title="bbox 214 2705 1745 2753; baseline 0.002 -13"><span class='ocrx_word' id='word_1_290' title='bbox 214 2707 269 2740; x_wconf 81' lang='lat' dir='ltr'>sit.</span> <span class='ocrx_word' id='word_1_291' title='bbox 309 2705 542 2739; x_wconf 81' lang='lat' dir='ltr'>Invalescente</span> <span class='ocrx_word' id='word_1_292' title='bbox 559 2712 672 2738; x_wconf 80' lang='lat' dir='ltr'>autem</span> <span class='ocrx_word' id='word_1_293' title='bbox 691 2705 890 2750; x_wconf 75' lang='lat' dir='ltr'>agritudine,</span> <span class='ocrx_word' id='word_1_294' title='bbox 909 2718 967 2751; x_wconf 83' lang='lat' dir='ltr'>per</span> <span class='ocrx_word' id='word_1_295' title='bbox 981 2707 1159 2740; x_wconf 86' lang='lat' dir='ltr'>dimidium</span> <span class='ocrx_word' id='word_1_296' title='bbox 1178 2708 1257 2740; x_wconf 86' lang='lat' dir='ltr'>anni</span> <span class='ocrx_word' id='word_1_297' title='bbox 1275 2709 1421 2752; x_wconf 83' lang='lat' dir='ltr'>spatium</span> <span class='ocrx_word' id='word_1_298' title='bbox 1440 2708 1598 2753; x_wconf 76' lang='lat' dir='ltr'>languida</span> <span class='ocrx_word' id='word_1_299' title='bbox 1610 2709 1745 2753; x_wconf 79' lang='lat' dir='ltr'>jacebat</span> 
     </span>
     <span class='ocr_line' id='line_1_35' title="bbox 215 2752 1746 2796; baseline 0.002 -10"><span class='ocrx_word' id='word_1_300' title='bbox 215 2754 250 2786; x_wconf 90' lang='lat' dir='ltr'>in</span> <span class='ocrx_word' id='word_1_301' title='bbox 276 2753 375 2785; x_wconf 87' lang='lat' dir='ltr'>lecto.</span> <span class='ocrx_word' id='word_1_302' title='bbox 433 2752 586 2785; x_wconf 83' lang='lat' dir='ltr'>Tandem</span> <span class='ocrx_word' id='word_1_303' title='bbox 616 2757 690 2796; x_wconf 78' lang='lat' dir='ltr'>post</span> <span class='ocrx_word' id='word_1_304' title='bbox 721 2752 891 2796; x_wconf 79' lang='lat' dir='ltr'>exquisita</span> <span class='ocrx_word' id='word_1_305' title='bbox 921 2753 1048 2786; x_wconf 83' lang='lat' dir='ltr'>diutius</span> <span class='ocrx_word' id='word_1_306' title='bbox 1077 2753 1229 2787; x_wconf 81' lang='lat' dir='ltr'>remedia</span> <span class='ocrx_word' id='word_1_307' title='bbox 1258 2754 1479 2795; x_wconf 83' lang='lat' dir='ltr'>modicorum,</span> <span class='ocrx_word' id='word_1_308' title='bbox 1506 2755 1548 2788; x_wconf 86' lang='lat' dir='ltr'>ad</span> <span class='ocrx_word' id='word_1_309' title='bbox 1577 2756 1746 2789; x_wconf 85' lang='lat' dir='ltr'>tumulum</span> 
     </span>
     <span class='ocr_line' id='line_1_36' title="bbox 215 2798 1746 2847; baseline 0.002 -15"><span class='ocrx_word' id='word_1_310' title='bbox 215 2799 329 2832; x_wconf 83' lang='lat' dir='ltr'>Sancti</span> <span class='ocrx_word' id='word_1_311' title='bbox 357 2798 496 2831; x_wconf 80' lang='lat' dir='ltr'>Godrici</span> <span class='ocrx_word' id='word_1_312' title='bbox 522 2798 642 2831; x_wconf 70' lang='lat' dir='ltr'>devota</span> <span class='ocrx_word' id='word_1_313' title='bbox 667 2798 828 2843; x_wconf 76' lang='lat' dir='ltr'>confugit.</span> <span class='ocrx_word' id='word_1_314' title='bbox 880 2798 930 2832; x_wconf 91' lang='lat' dir='ltr'>lbi</span> <span class='ocrx_word' id='word_1_315' title='bbox 954 2805 987 2832; x_wconf 77' lang='lat' dir='ltr'>ct</span> <span class='ocrx_word' id='word_1_316' title='bbox 1014 2799 1187 2832; x_wconf 88' lang='lat' dir='ltr'>oculorum</span> <span class='ocrx_word' id='word_1_317' title='bbox 1217 2800 1333 2833; x_wconf 86' lang='lat' dir='ltr'>lumen</span> <span class='ocrx_word' id='word_1_318' title='bbox 1360 2801 1501 2845; x_wconf 80' lang='lat' dir='ltr'>accepit,</span> <span class='ocrx_word' id='word_1_319' title='bbox 1528 2808 1560 2833; x_wconf 77' lang='lat' dir='ltr'>ct</span> <span class='ocrx_word' id='word_1_320' title='bbox 1582 2813 1602 2834; x_wconf 88' lang='lat' dir='ltr'>a</span> <span class='ocrx_word' id='word_1_321' title='bbox 1627 2802 1746 2847; x_wconf 83' lang='lat' dir='ltr'>capitis</span> 
     </span>
     <span class='ocr_line' id='line_1_37' title="bbox 215 2844 1745 2891; baseline 0.003 -14"><span class='ocrx_word' id='word_1_322' title='bbox 215 2845 328 2878; x_wconf 85' lang='lat' dir='ltr'>dolore</span> <span class='ocrx_word' id='word_1_323' title='bbox 346 2844 527 2888; x_wconf 81' lang='lat' dir='ltr'>convaluit,</span> <span class='ocrx_word' id='word_1_324' title='bbox 553 2850 586 2877; x_wconf 83' lang='lat' dir='ltr'>ct</span> <span class='ocrx_word' id='word_1_325' title='bbox 609 2856 690 2878; x_wconf 82' lang='lat' dir='ltr'>sana</span> <span class='ocrx_word' id='word_1_326' title='bbox 714 2844 852 2878; x_wconf 85' lang='lat' dir='ltr'>domum</span> <span class='ocrx_word' id='word_1_327' title='bbox 876 2856 952 2878; x_wconf 83' lang='lat' dir='ltr'>cum</span> <span class='ocrx_word' id='word_1_328' title='bbox 972 2846 1041 2879; x_wconf 82' lang='lat' dir='ltr'>suis</span> <span class='ocrx_word' id='word_1_329' title='bbox 1060 2845 1242 2879; x_wconf 81' lang='lat' dir='ltr'>comitibus</span> <span class='ocrx_word' id='word_1_330' title='bbox 1260 2846 1469 2891; x_wconf 74' lang='lat' dir='ltr'>1·epcdavit.”</span> <span class='ocrx_word' id='word_1_331' title='bbox 1519 2848 1630 2883; x_wconf 90' lang='lat' dir='ltr'>Anon.</span> <span class='ocrx_word' id='word_1_332' title='bbox 1651 2848 1745 2882; x_wconf 83' lang='lat' dir='ltr'>Harl.</span> 
     </span>
    </p>
   </div>
   <div class='ocr_carea' id='block_1_8' title="bbox 214 2890 363 2935">
    <p class='ocr_par' dir='ltr' id='par_1_8' title="bbox 214 2890 363 2935">
     <span class='ocr_line' id='line_1_38' title="bbox 214 2890 363 2935; baseline -0.007 -11"><span class='ocrx_word' id='word_1_333' title='bbox 214 2890 363 2935; x_wconf 80' lang='lat' dir='ltr'>Legend.</span> 
     </span>
    </p>
   </div>
  </div>
 </body>
</html>
