1839 3186
180 192 234 233 62
695 200 928 232 LIBELLUS
966 201 1029 232 DE
1066 201 1181 232 VITA

177 304 345 358 quidem
364 303 526 358 longius
550 318 576 345 a
599 303 707 345 tanti
743 303 872 359 patris
904 304 1134 359 patrocinio
1159 304 1353 359 separari,
1388 303 1459 345 sed
1480 304 1713 359 ubicunque

176 371 379 426 potuisset
418 370 588 412 vicinius
625 370 733 411 illius
770 371 874 412 sacri
908 371 1088 426 corporis
1113 371 1302 427 praesidio
1336 371 1584 412 consolando
1611 372 1716 412 rele-

176 437 293 485 vari;
328 452 425 478 nam
461 438 527 478 cui
563 452 727 478 omnem
758 437 909 478 animae
947 453 1032 479 suae
1064 453 1206 479 curam
1239 442 1281 478 et
1318 439 1501 493 corporis
1537 438 1714 479 tutelam

176 504 452 555 commiserat,
491 504 618 559 ipsius
653 504 885 558 specialiter
925 504 1077 545 habere
1117 505 1422 545 munimentum
1465 509 1589 558 atque
1623 520 1711 546 cus-

175 570 335 612 todiam
367 569 603 626 lcupiebat.
666 570 859 623 Quadam
895 570 1070 625 denique
1105 571 1170 612 die
1207 571 1261 612 ad
1296 586 1442 612 nemus
1474 571 1712 626 proximum

174 652 362 692 pergens,
400 637 561 678 audivit
594 637 801 691 quendam
836 641 1052 692 pastorum
1091 638 1211 678 alteri
1248 637 1469 687 dicentem,
1505 642 1528 660 ‘⁶
1552 637 1711 679 Eamus

174 708 217 745 et
241 703 437 760 juvemus
471 704 526 745 ad
559 703 828 758 adaquandos
871 719 1017 759 greges
1049 704 1091 744 in
1128 704 1328 745 Finchale
1347 701 1386 752 3⁹³
1425 719 1504 758 quo
1540 705 1608 745 ille
1639 719 1711 745 au-

175 770 276 821 dito,
318 771 435 812 illum
473 770 528 811 ad
564 785 607 811 se
648 770 812 811 vocavit
855 778 897 811 et
938 785 1059 811 omne
1101 769 1210 824 quod
1246 770 1288 811 in
1329 775 1502 825 argento
1548 771 1708 822 habuit,

177 837 240 890 (id
271 842 349 886 est,
372 837 538 878 obolum
560 836 726 890 solum,)
750 841 798 877 ut
821 836 890 877 illo
923 837 1060 891 ipsum
1081 837 1337 891 perduceret,
1373 837 1530 891 pastori
1567 837 1706 886 dedit3

174 903 312 958 sicque
351 919 445 944 cum
482 918 528 944 eo
562 903 616 944 ad
656 903 779 945 silvas
810 903 965 944 vicinas
1000 903 1275 958 progreditur,
1313 908 1354 944 et
1392 918 1475 944 non
1504 904 1626 958 longe
1656 904 1709 945 ab

174 970 274 1011 urbe
307 969 523 1026 cujusdam
549 969 627 1010 loci
661 970 833 1011 solitarii
864 970 1209 1025 praenominatum
1241 970 1497 1011 territorium
1527 979 1708 1011 contem-

172 1037 323 1091 platur.
388 1037 495 1078 Mox
521 1051 607 1091 prae
643 1036 770 1078 nimio
806 1037 1060 1078 exhilaratus
1091 1037 1256 1092 gaudiO,
1290 1037 1458 1092 spiritus
1486 1035 1573 1092 ejus
1594 1042 1709 1079 totus

172 1102 422 1145 ²exsultavit
442 1104 485 1145 in
503 1103 696 1154 Domino,
721 1108 761 1145 et
780 1103 1032 1145 delectatum
1054 1108 1115 1145 est
1138 1118 1207 1144 cor
1228 1102 1314 1159 ejus
1336 1104 1378 1145 in
1400 1103 1581 1145 Domino
1603 1105 1710 1145 salu—

172 1171 253 1212 tari
276 1185 362 1212 suo.

233 1237 255 1292 ᾗ
277 1239 347 1280 49.
380 1237 538 1278 Volens
567 1251 663 1278 vero
684 1236 753 1277 illo
776 1237 1011 1292 procedere,
1034 1252 1117 1278 non
1142 1237 1285 1278 statim
1317 1237 1453 1292 potuit
1475 1252 1561 1292 prae
1582 1237 1711 1278 nimia

172 1303 380 1346 densitate
422 1304 614 1355 nemoris,
655 1318 745 1357 quae
782 1304 986 1345 ambitum
1022 1304 1131 1345 illius
1162 1304 1338 1359 plurimo
1370 1304 1626 1359 spinetarum
1658 1319 1707 1345 ac

170 1370 359 1426 veprium
396 1370 577 1425 undique
617 1370 722 1411 miro
761 1370 1042 1425 circumsepsit
1081 1370 1262 1411 horrore.
1333 1370 1541 1412 Audierat
1579 1371 1708 1426 igitur

170 1451 196 1478 a
229 1436 436 1478 nonnullis
473 1436 583 1491 quod
613 1436 726 1478 100115
758 1436 845 1491 ipse
878 1437 985 1478 foret
1021 1437 1303 1478 inhabitabilis
1332 1451 1416 1492 prae
1445 1437 1706 1478 incommodo

170 1508 211 1544 et
232 1503 398 1544 feritate
423 1503 651 1558 omnigenae
677 1518 890 1545 venenosae
921 1502 1113 1558 aspidum
1140 1508 1265 1558 atque
1297 1507 1536 1558 serpentum
1569 1504 1705 1545 saevis-

168 1570 282 1611 simae
311 1569 609 1618 multitudinis;
645 1585 742 1610 nam
778 1570 974 1624 spelunca
1003 1570 1061 1611 eis
1088 1575 1176 1611 erat
1205 1570 1452 1624 gratissima,
1486 1574 1632 1624 utpote
1663 1571 1707 1611 in

169 1636 492 1691 profundissima
511 1636 617 1678 valle
639 1636 785 1690 posita,
810 1636 991 1691 undique
1016 1637 1127 1678 saxis
1151 1637 1361 1678 altissimis
1385 1636 1701 1685 circumcincta3

171 1718 296 1757 quam
317 1703 542 1757 antiquitas
571 1702 730 1744 ferebat
759 1702 980 1757 aliquando
1002 1703 1127 1744 fuisse
1162 1718 1187 1744 a
1213 1702 1461 1757 quibusdam
1491 1703 1705 1744 hominum

169 1770 459 1819 inhabitatam,
495 1774 540 1811 at
575 1774 716 1811 tamen
750 1785 834 1824 pree
876 1770 1027 1811 timore
1061 1769 1188 1810 nimio
1224 1769 1419 1810 virulenti
1454 1770 1615 1825 generis
1647 1770 1704 1811 ibi

171 1836 560 1891 superabundantis,
583 1836 850 1891 postmodum
871 1835 996 1877 fuisse
1020 1835 1036 1857 3
1050 1836 1302 1877 derelictam.

213 1946 224 1967 ¹
246 1945 436 1992 cupiebat]
465 1944 644 1990 Cupiebat.
694 1945 749 1978 Sic
767 1944 809 1978 ad
827 1945 928 1978 silvas
946 1945 1073 1978 vicinas
1090 1945 1301 1990 progreditur
1319 1951 1352 1978 et
1369 1957 1435 1978 non
1452 1945 1552 1990 longe
1565 1945 1607 1978 ab
1625 1945 1707 1979 urbe

168 1993 345 2036 cujusdam
371 1992 437 2026 loci
459 1992 599 2026 solitarii
625 1992 830 2025 territorium
849 1992 1106 2037 contemplatur.
1157 1992 1243 2025 Mox
1267 2004 1337 2037 prae
1367 1992 1472 2024 nimio
1498 1991 1706 2025 exhilaratus

168 2039 304 2083 gaudio,
323 2039 462 2084 spiritus
481 2039 553 2081 ejus
571 2044 663 2071 totus
689 2037 874 2071 exsultavit
892 2038 926 2071 in
946 2038 1105 2082 Domino,
1125 2044 1158 2071 et
1177 2038 1383 2071 delectatum
1411 2044 1461 2071 est
1486 2049 1543 2071 cor
1573 2039 1646 2082 ejus
1671 2039 1707 2071 111

170 2085 244 2119 Deo
263 2085 399 2119 salutari
419 2097 493 2118 suo.
543 2084 673 2118 Volens
693 2096 781 2128 vero,
802 2084 851 2118 H.

216 2132 229 2150 ²
248 2130 468 2177 Exsultavit]
497 2131 530 2164 S.
546 2131 629 2164 Luc.
648 2131 669 2164 i.
688 2131 745 2165 47.

214 2179 227 2198 ³
248 2177 483 2223 Derelictam]
513 2178 586 2210 The
612 2176 732 2210 author
755 2176 793 2209 of
814 2176 871 2210 the
893 2188 1104 2222 anonymous
1123 2177 1198 2210 Life
1220 2177 1299 2211 thus
1325 2182 1482 2210 recounts
1504 2176 1599 2210 these
1622 2177 1707 2211 inci-

168 2224 289 2259 dents:
316 2224 414 2257 “Die
432 2223 576 2268 quadam
602 2223 645 2256 ad
666 2223 815 2256 vicinum
844 2234 964 2256 nemus
988 2223 1164 2267 accedens,
1188 2224 1316 2257 audivit
1343 2229 1512 2268 pastorem
1537 2223 1629 2256 socio
1655 2224 1704 2257 sic

167 2271 336 2304 dicentem
351 2283 359 2312 3
386 2271 395 2288 ⁶
410 2270 538 2303 Eamus
564 2269 730 2314 adaquare
749 2269 781 2302 111
799 2269 962 2302 Finchale
978 2281 1096 2314 greges
1113 2271 1269 2304 nostros!
1319 2270 1395 2303 Hoc
1413 2269 1540 2313 audito,
1560 2269 1652 2303 dedit
1671 2271 1701 2304 ei

168 2317 257 2362 quod
274 2316 422 2350 habebat
438 2317 579 2360 argenti,
597 2315 661 2349 hoc
679 2321 741 2358 est,
756 2315 904 2359 obolum,
923 2322 960 2348 ut
984 2318 1095 2361 ipsum
1115 2316 1252 2349 duceret
1277 2316 1320 2350 ad
1344 2316 1435 2349 hunc
1460 2316 1584 2359 10011111,
1604 2323 1637 2349 et
1654 2317 1702 2350 sic

167 2363 209 2396 ad
227 2363 346 2397 silvam
365 2374 442 2395 cum
459 2368 592 2407 pastore
609 2361 831 2406 progreditur.
883 2362 1011 2395 Volens
1030 2368 1143 2395 autem
1162 2362 1302 2396 ulterius
1325 2362 1516 2408 procedere,
1536 2362 1704 2396 densitate

166 2410 313 2443 nemoris
331 2408 524 2454 impeditur.
575 2408 741 2441 Audierat
759 2408 895 2452 quidem
914 2408 1003 2452 quod
1020 2408 1115 2441 locus
1133 2408 1190 2442 ille
1207 2421 1274 2442 non
1292 2415 1381 2442 esset
1399 2408 1605 2451 habitabilis,
1624 2410 1703 2453 quia

167 2462 339 2501 serpentes
365 2455 412 2488 ibi
440 2454 585 2487 nimium
603 2454 824 2488 abundarent.
874 2454 937 2487 Est
964 2455 1053 2488 enim
1080 2455 1176 2489 vallis
1203 2455 1467 2501 profundissima
1495 2461 1527 2488 et
1557 2455 1703 2499 spinosa,

164 2503 314 2547 undique
339 2501 431 2535 saxis
460 2500 634 2533 altissimis
660 2500 911 2544 circumcincta,
938 2512 1038 2545 quam
1065 2501 1182 2535 dicunt
1204 2503 1391 2547 antiquitus
1417 2500 1616 2545 habitatam,
1643 2502 1703 2534 sed

165 2555 301 2594 propter
317 2547 509 2582 molestiam
527 2546 683 2580 virulenti
700 2547 833 2591 generis
853 2546 1087 2581 derelictam.'’
