1839 3186
578 224 637 254 ET
668 222 931 255 MIRAOULIS
964 222 998 253 s.
1025 222 1237 255 Gomuci.
1587 214 1662 253 149

141 333 182 368 et
211 328 351 383 fugam
389 328 490 369 inire
522 327 787 381 incipientem
822 327 907 380 ipse
943 325 1024 366 16111
1060 325 1242 366 dexterae
1281 340 1362 366 suae
1402 325 1662 380 protensione

139 394 298 448 longius
340 394 453 451 abire
487 393 694 441 coercuit;
744 392 808 433 cui
844 397 886 433 et
923 392 1024 432 talia
1059 391 1180 440 dixit,
1220 396 1244 412 “
1271 391 1472 446 Praecipio
1507 392 1582 432 tibi
1620 392 1662 432 in

138 460 300 500 nomine
330 459 498 501 Domini
532 460 661 500 nostri
692 458 796 500 Jesu
819 457 972 500 Christi
1005 457 1222 508 Nazareni,
1246 457 1355 498 utin
1391 473 1437 498 eo
1469 473 1548 511 quo
1579 463 1663 499 stas

137 526 225 566 loco
247 525 331 567 fixa
362 540 627 580 permaneas3
662 530 703 566 et
737 524 866 565 donec
896 523 951 565 ad
971 529 1012 564 te
1033 523 1208 573 veniam,
1231 538 1256 564 a
1276 523 1364 564 loco
1397 524 1466 565 illo
1491 524 1662 565 ulterius

136 606 188 632 ne
208 592 447 646 procedas.''
508 591 580 632 Ad
604 606 726 645 quam
748 605 892 631 vocem
922 604 1021 631 mox
1051 590 1203 630 mirum
1236 590 1278 630 in
1313 589 1482 630 modum
1513 590 1663 631 misera

137 658 311 699 bestiola
340 658 537 708 substitit,
576 663 617 699 et
642 657 790 699 timida
820 671 868 697 ac
898 656 1076 697 tremula
1096 655 1172 697 viri
1204 656 1284 696 Dei
1311 655 1537 697 adventum
1568 671 1661 697 cum

137 724 291 779 pallida
312 724 411 766 satis
431 724 745 779 longanimitate
766 722 974 765 sustinuit.
1037 722 1099 763 At
1120 721 1186 762 ille
1207 720 1345 777 flagris
1366 722 1408 762 in
1432 737 1557 763 manu
1579 722 1662 762 col-

135 790 264 840 lectis,
298 791 410 831 lento
434 790 607 845 vestigio
632 790 686 831 ad
717 805 807 831 eam
843 788 1009 843 propius
1040 788 1223 839 accessit,
1254 793 1295 829 et
1324 788 1660 842 comprehensam

135 856 345 910 aliquanto
385 856 541 898 diutius
572 856 825 911 mugientem
854 855 1014 896 cecidit.
1086 854 1166 906 Qui
1205 869 1299 895 cum
1330 854 1541 908 utriusque
1573 853 1658 909 ejus

135 923 266 963 latera
289 923 449 978 longius
481 922 718 973 tutudisset,
742 935 978 976 compassus
998 921 1135 962 animo
1159 920 1477 974 laliquantulam
1501 921 1658 962 olerum

135 1003 341 1030 annonam
382 987 468 1043 ejus
502 989 683 1030 humeris
717 987 931 1042 alligavit;
972 992 1013 1027 et
1038 986 1094 1027 sic
1124 986 1179 1027 ad
1211 987 1317 1041 sepis
1352 1002 1435 1028 suae
1467 987 1659 1028 rimulam

134 1055 297 1096 solitam
321 1055 578 1109 productam,
604 1055 756 1096 talibus
777 1053 911 1095 verbis
945 1053 1166 1094 allocutam
1187 1053 1335 1102 emisit,
1370 1057 1394 1075 “
1416 1053 1658 1108 Praeeipi0‚”

134 1120 279 1175 inquit,
320 1126 343 1143 “
365 1120 441 1162 tibi
463 1126 504 1161 et
533 1121 644 1161 omni
676 1126 747 1161 tuo
777 1119 931 1175 generi,
956 1134 1006 1159 ne
1038 1119 1118 1159 huc
1152 1119 1325 1160 ulterius
1351 1119 1500 1160 amodo
1524 1120 1658 1160 aliena

133 1188 280 1228 laesura
314 1187 510 1236 accedas;
546 1187 618 1228 sed
652 1202 783 1241 neque
814 1186 944 1227 vitam
986 1184 1190 1226 Zvestram
1231 1185 1458 1227 silvestrem
1500 1185 1658 1227 ³esibus

132 1254 323 1295 humanis
344 1258 580 1296 sustentura
602 1254 682 1295 huc
704 1252 880 1307 amplius
900 1251 1093 1293 accedere
1113 1266 1348 1306 praesumas.
1419 1251 1526 1304 Quia
1547 1252 1656 1306 quic—

133 1320 232 1374 quid
251 1335 370 1361 omne
387 1335 516 1375 genus
536 1325 655 1361 tuum
675 1319 717 1360 in
738 1334 803 1360 me
824 1320 1023 1360 hactenus
1045 1317 1229 1371 deliquit,
1262 1318 1323 1359 tui
1347 1317 1471 1359 solius
1492 1333 1656 1373 corpus-

132 1387 271 1427 culum
292 1401 317 1427 a
337 1402 402 1427 me
426 1386 566 1428 durius
596 1386 842 1441 fustigatum
871 1384 1075 1432 exsolvit3
1110 1384 1242 1426 vicem
1270 1384 1436 1438 quidem
1472 1385 1655 1425 omnium

132 1457 179 1494 tu
204 1453 289 1494 sola
310 1453 551 1503 sustinuisti,
583 1457 624 1494 et
655 1452 838 1493 omnium
869 1450 1210 1506 transgressiones
1231 1451 1292 1491 tui
1312 1450 1485 1505 generis,
1518 1449 1656 1506 flagris

132 1534 157 1560 a
177 1534 242 1560 me
267 1519 425 1569 attrita,
456 1534 648 1574 perpessa
672 1518 826 1560 fuisti.”
887 1518 1045 1570 Quibus
1073 1517 1238 1568 auditis,
1261 1532 1471 1571 nunquam
1504 1517 1653 1558 exinde

131 1586 268 1639 aliqua
289 1585 485 1627 silvestris
508 1585 644 1626 bellua
678 1585 784 1626 infra
814 1585 920 1638 sepis
945 1583 1053 1624 illius
1079 1588 1196 1638 septa
1230 1598 1330 1625 ausa
1365 1588 1427 1625 est
1462 1583 1652 1638 irrepere,

128 1667 259 1705 neque
280 1652 534 1707 leguminum
555 1650 641 1707 ejus
662 1666 814 1706 pascua
834 1649 1067 1691 invadendo
1089 1649 1315 1690 corrodere.

190 1718 285 1759 Hoc
322 1719 408 1773 ipse
445 1718 562 1759 nobis
590 1718 736 1772 saepius
778 1716 988 1758 hominum
1022 1715 1344 1756 inobedientiam
1368 1715 1653 1770 redarguendo

130 1784 296 1833 retulit;
332 1789 374 1825 et
407 1784 530 1825 turba
569 1784 851 1825 ministrorum
887 1781 974 1837 ejus
1008 1781 1077 1836 qui
1112 1781 1193 1823 ista
1222 1781 1425 1832 viderant,
1462 1782 1654 1823 attestari

129 1849 378 1892 4consuevit.

177 1960 186 1979 ¹
204 1960 488 2007 Aliquantulum]
516 1961 688 2006 Aliquam,
710 1961 757 1995 H.

173 2006 186 2025 ²
210 2007 385 2053 Vestram]
414 2007 532 2041 Vitam
558 2008 759 2050 silvestrem,
780 2007 826 2041 H.
877 2007 917 2040 In
946 2007 988 2040 Β.
1007 2006 1064 2040 1116
1090 2005 1199 2039 words
1224 2008 1406 2039 “vestram
1432 2005 1652 2040 silvestrem”

124 2064 180 2086 are
197 2053 329 2087 written
347 2066 437 2099 upon
454 2066 495 2087 an
514 2066 661 2089 erasure.

176 2099 189 2119 ³
206 2099 351 2145 Esibus]
380 2099 520 2143 Usibus,
541 2100 641 2134 Bodl.

173 2145 185 2163 ‘¹
203 2145 407 2192 Consuevz't]
423 2147 618 2180 “Godricns
627 2146 762 2180 hortum
773 2145 919 2179 habebat
926 2145 1026 2179 variis
1040 2146 1187 2180 oleribus
1200 2145 1374 2190 copiosum
1386 2158 1394 2187 ;
1407 2146 1503 2189 cujus
1515 2145 1650 2179 frondes

126 2191 321 2236 lepusculus
340 2192 553 2237 depascebat,
571 2194 618 2226 ita
634 2199 672 2226 ut
685 2193 883 2238 plerumque
897 2192 945 2225 vir
961 2192 1025 2225 Dei
1040 2193 1097 2226 vix
1115 2193 1162 2226 ibi
1181 2193 1250 2226 suis
1264 2191 1458 2224 alimoniam
1477 2192 1653 2225 inveniret.

128 2237 216 2270 Cum
239 2244 352 2271 autem
377 2239 441 2272 hoc
465 2239 607 2272 moleste
632 2239 743 2283 ferret,
762 2239 908 2284 quadam
926 2239 998 2272 vice
1023 2239 1145 2284 reperit
1162 2239 1311 2284 leporem
1337 2238 1426 2271 olera
1451 2250 1651 2271 consumen-

126 2291 194 2316 tem
210 2297 218 2325 3
245 2284 310 2328 cui,
329 2296 405 2318 cum
425 2285 525 2318 vellet
546 2285 671 2330 fugere,
697 2286 732 2318 in
757 2285 893 2318 nomine
919 2285 941 2317 J
944 2297 1002 2318 esu
1022 2285 1149 2318 Christi
1167 2291 1255 2318 stare
1272 2285 1442 2329 praecepit.
1495 2284 1539 2317 Et
1557 2296 1652 2317 acce-

127 2329 209 2363 dens
227 2331 329 2375 coepit
347 2332 453 2376 ipsius
470 2331 575 2364 latera
589 2332 717 2365 caedere
735 2344 812 2365 cum
827 2331 979 2375 flagellis,
995 2343 1188 2376 caesumque
1206 2331 1305 2364 (luxit
1322 2331 1363 2363 ad
1382 2331 1524 2373 exitum,
1539 2336 1572 2363 et
1585 2331 1651 2363 fas-

126 2376 273 2409 ciculum
297 2377 338 2410 (lc
359 2377 505 2411 oleribus
532 2378 673 2422 alligans
701 2378 798 2411 dorso
823 2379 907 2421 ejus,
934 2377 1022 2410 dixit
1047 2377 1090 2410 ad
1115 2389 1215 2412 eum:
1243 2377 1428 2421 ‘Praecipio
1445 2377 1505 2410 tibi
1525 2382 1557 2409 et
1575 2377 1650 2409 uni-

126 2434 220 2455 verso
236 2424 350 2467 generi
365 2430 423 2456 tuo
437 2435 479 2456 ne
495 2423 561 2457 11110
576 2424 720 2469 amplius
738 2424 897 2457 accedere
910 2424 1122 2468 praesumatis
1137 2424 1158 2458 z'
1177 2429 1210 2457 et
1221 2430 1297 2469 post
1311 2423 1396 2456 illud
1414 2429 1547 2468 tempus
1564 2435 1650 2456 nun-

125 2480 226 2513 quam
244 2469 287 2502 ad
305 2471 377 2513 ejus
394 2470 529 2502 hortum
548 2470 632 2503 illud
649 2482 756 2515 genus
773 2470 929 2503 accessit.

173 2517 194 2533 ‘⁴
209 2515 294 2549 Haec
312 2516 384 2560 ipsc
401 2516 674 2557 nobisreferens,
691 2516 955 2550 inobedientiam
972 2516 1150 2550 hominum
1168 2516 1389 2562 redarguebat
1407 2515 1585 2550 collatione
1602 2514 1650 2549 fe-

123 2562 269 2596 1·arum.'’
319 2564 430 2597 Anon.
450 2562 546 2598 Harl.
566 2562 712 2607 Legend.
