1839 3186
198 180 278 220 128
711 188 944 219 LIBELLUS
980 187 1044 218 DE
1081 186 1196 218 VITA

192 293 286 344 suis,
315 291 384 347 qui
407 297 507 333 tunc
521 290 628 333 forte
650 291 837 342 aderant,
863 291 1082 347 quicquam
1104 291 1207 332 1cibi
1230 290 1495 332 accuratioris
1517 305 1725 346 apponena

191 360 290 400 dum
312 359 457 400 aderat
477 376 488 407 ς
522 359 695 413 ideoque
718 359 1013 414 aliquantisper
1034 359 1219 399 animum
1244 358 1383 400 devoti
1397 358 1570 413 hospitis
1591 356 1726 398 2dolor

192 427 361 480 quidam
409 425 657 467 confusionis
703 427 936 467 attriverat.
1017 426 1152 480 Igitur
1194 425 1381 479 quamvis
1437 440 1571 466 arenae
1611 424 1725 466 fluvii

194 493 512 547 circumquaque
534 492 801 543 siccarentur,
825 508 873 533 ac
894 492 966 534 vix
995 492 1151 545 aliquid
1168 493 1329 533 humidi
1353 491 1521 546 liquoris
1543 491 1728 546 gurgites

193 559 492 614 propemodum
514 564 677 601 arentes
699 560 741 600 in
766 575 807 601 se
828 560 979 600 habere
1001 559 1254 609 viderentur,
1277 563 1426 613 praeter
1447 556 1619 613 alicujus
1640 558 1727 612 spei

195 631 382 667 tenorem
409 626 589 667 tetendit
621 641 715 667 cum
746 625 827 667 fide
858 624 977 666 firma
1015 626 1307 667 retiaculorum
1338 625 1571 680 virgeorum
1608 640 1727 680 cape—

197 693 349 734 dinem.
420 692 715 734 Processerant
747 697 788 733 et
821 707 961 733 secum
998 692 1209 747 hospites,
1245 707 1369 746 quare
1395 690 1566 732 siccanti
1598 690 1655 732 sic
1685 691 1727 731 in

196 764 342 814 stagno
360 764 575 814 capturam
596 758 777 812 aliquam
799 759 971 813 piscium
994 763 1267 813 exspectaret,
1292 757 1581 799 ³admirantes.

260 826 278 878 ᾗ
302 828 399 867 120.
433 825 496 866 At
518 825 586 866 ille
609 840 702 866 eum
723 825 898 867 festinus
928 824 978 866 de
1014 826 1277 874 monasterio,
1301 825 1485 865 oratione
1507 824 1726 879 completa,

194 893 384 941 redisset,
406 892 508 933 nihil
532 892 723 946 cuiquam
745 907 798 933 ex
820 892 1208 933 circumastantibus
1236 891 1400 946 penitus
1432 891 1583 940 dicens,
1607 891 1728 946 coepit

194 959 356 1001 avidius
396 959 584 1000 insistere
615 964 662 1000 ut
700 959 890 1014 virgultis
926 963 1124 999 contexta
1159 958 1358 999 retiacula
1394 957 1444 998 de
1481 958 1730 999 siccantibus

195 1024 331 1067 fluviis
360 1026 568 1073 elevaret,
609 1041 782 1079 quorum
818 1025 997 1080 primum
1034 1026 1269 1075 extrahens,
1309 1025 1534 1066 salmonem
1568 1025 1732 1079 praemi-

196 1093 370 1134 rabilem
412 1092 754 1146 comprehensum
794 1093 1006 1147 repperitg
1050 1108 1172 1146 quem
1204 1092 1315 1133 nullo
1350 1106 1402 1132 ex
1439 1091 1751 1132 contuentibus-

197 1159 365 1200 vidente
388 1164 537 1214 praeter
559 1159 648 1213 ipso
680 1159 779 1208 solo,
803 1158 870 1199 4in
891 1157 1040 1199 finibus
1072 1159 1415 1200 vestimentorum
1437 1173 1603 1199 suorum
1626 1157 1731 1198 clam

197 1226 274 1267 sibi
296 1226 526 1280 composuit
545 1244 556 1274 ς
582 1225 757 1279 denique
778 1225 898 1266 hilari
920 1225 1037 1267 vultu
1054 1230 1095 1266 et
1112 1241 1255 1267 sereno
1269 1223 1544 1279 jocunditatis
1566 1224 1730 1274 affectu,

198 1293 367 1333 domum
403 1292 651 1347 hospitalem
683 1292 821 1342 subiit,
858 1307 906 1332 ac
942 1292 985 1333 in
1018 1292 1201 1333 conclavi
1239 1306 1459 1346 regressus,
1493 1292 1647 1346 piscem
1681 1290 1732 1330 de

199 1358 515 1401 obvolventibus
536 1358 682 1414 pannis
704 1359 786 1400 suis
808 1358 966 1399 eduxit.
1039 1358 1244 1414 Stupebat
1263 1358 1349 1413 ipse
1371 1357 1493 1399 simul
1515 1364 1556 1399 et
1576 1357 1731 1413 gaude-

197 1426 300 1474 bat3
340 1426 448 1479 quia,
471 1430 518 1466 ut
546 1425 648 1466 mihi
682 1426 769 1480 ipse
796 1425 1015 1475 referebat,
1053 1440 1265 1479 nunquam
1300 1429 1429 1465 tantae
1464 1424 1734 1480 longitudinis

199 1507 271 1534 seu
293 1492 539 1546 quantitatis
575 1492 800 1533 salmonem
827 1492 987 1533 viderat
1007 1509 1017 1540 ;
1051 1492 1273 1533 laetabatur
1293 1506 1390 1532 vero
1412 1491 1647 1546 plurimum,
1686 1505 1733 1530 eo

199 1559 310 1614 quod
331 1558 438 1599 tanti
459 1559 623 1599 novitas
655 1558 843 1599 miraculi
872 1558 1155 1608 consistentes,
1190 1573 1237 1599 ac
1268 1558 1468 1598 retiacula
1495 1557 1616 1598 simul
1638 1572 1732 1598 cum

203 1642 250 1667 eo
273 1625 498 1674 trahentes,
528 1625 743 1674 latuisset,
790 1624 886 1679 quia
920 1624 963 1664 id
999 1625 1108 1679 quod
1144 1624 1299 1666 Christi
1334 1624 1553 1665 clementia
1579 1639 1652 1678 pro
1687 1638 1734 1663 eo

201 1692 378 1742 fecisset,
416 1692 518 1732 nulli
554 1696 654 1732 tunc
688 1691 902 1732 hominum
938 1691 1164 1732 innotuisse
1192 1691 1399 1732 voluisset.
1464 1690 1524 1730 Hi
1561 1690 1735 1743 denique

204 1758 365 1813 singuli,
389 1758 457 1812 qui
480 1773 574 1799 eum
612 1758 654 1799 in
675 1758 833 1799 aridam
866 1757 972 1799 retia
1006 1757 1231 1799 tetendisse
1260 1763 1301 1798 et
1330 1757 1509 1799 elevasse
1531 1756 1734 1805 viderant,

205 1825 305 1880 quid
326 1825 406 1866 ista
426 1824 722 1880 portenderent
736 1824 790 1865 ad
811 1824 987 1865 invicem
1008 1825 1312 1879 perquirebant,
1333 1824 1428 1878 quia
1441 1824 1594 1879 piscem
1616 1837 1737 1877 quem

204 1891 472 1948 prendiderat
512 1907 595 1932 non
631 1891 843 1933 videbant.
905 1891 1024 1932 Talia
1056 1896 1152 1933 sunt
1188 1906 1312 1946 opera
1344 1896 1430 1941 tua,
1471 1891 1578 1931 bone
1617 1889 1648 1929 J
1652 1903 1735 1939 esu,

205 1959 273 2013 qui
294 1958 493 1999 miracula
533 1958 628 1999 Tua
665 1958 902 1999 videntibus
934 1958 1180 2006 abscondis,
1214 1962 1255 1998 et
1289 1956 1549 2012 coadjutores
1583 1960 1740 2011 myste-

204 2026 360 2067 riorum
382 2025 658 2079 spiritualium
694 2023 831 2074 efficis,
856 2040 1029 2078 quorum
1051 2029 1196 2079 aperta
1229 2024 1412 2078 contegis
1441 2023 1609 2072 lumina,
1643 2036 1693 2062 ne
1715 2036 1741 2062 a

207 2091 444 2134 videntibus
465 2091 644 2132 videaris
663 2105 673 2143 3
698 2090 772 2132 das
793 2091 933 2132 videre
957 2090 1066 2144 quod
1088 2089 1248 2140 sufficit,
1273 2090 1455 2131 occultas
1476 2105 1527 2130 ne
1548 2088 1741 2130 videatur

210 2158 320 2213 quod
340 2173 422 2198 non
444 2157 613 2213 expedit
631 2175 641 2205 ς
681 2157 849 2199 curiosis
884 2157 1115 2211 prudentiae
1151 2172 1234 2199 suae
1255 2156 1362 2198 acies
1384 2156 1556 2211 obtegis,
1580 2153 1742 2195 devotis

210 2240 306 2266 vero
331 2224 425 2265 Tibi
445 2225 586 2265 lumen
607 2223 796 2266 veritatis
823 2223 1023 2279 impertis.

261 2366 272 2387 ¹
296 2364 372 2399 Cibi
386 2363 628 2410 accuratioris]
657 2364 720 2397 See
737 2364 795 2397 the
820 2375 913 2397 same
937 2362 1133 2408 expression
1158 2361 1242 2395 used
1260 2361 1294 2394 in
1312 2360 1369 2394 the
1388 2358 1542 2404 Epistola
1559 2358 1592 2392 S.
1605 2355 1743 2408 Caesaril

214 2411 349 2458 printed
374 2411 407 2444 in
433 2411 490 2444 the
520 2411 709 2444 Concordia
738 2410 956 2455 Regularum,
985 2415 1074 2443 auct.
1100 2409 1134 2442 S.
1153 2407 1283 2442 Bened.
1308 2419 1342 2453 p.
1371 2407 1448 2450 171,
1474 2405 1555 2438 edit.
1579 2406 1612 2438 4.
1637 2403 1743 2436 Paris.

214 2461 318 2493 1638.
363 2458 426 2490 See
444 2457 514 2490 also
532 2457 653 2501 Regin.
672 2457 749 2490 Lib.
768 2456 809 2490 de
826 2457 861 2489 S.
875 2456 1000 2489 Cuthb.
1018 2467 1051 2501 p.
1072 2457 1149 2488 124.

264 2505 278 2523 ²
297 2503 435 2549 Dolor]
463 2503 568 2536 Dolor
585 2503 721 2547 quidem
740 2502 951 2545 contriverat,
974 2502 1020 2536 H.

265 2552 278 2571 ³
295 2551 533 2592 Admirantes.]
562 2549 635 2582 The
653 2561 745 2582 same
766 2549 999 2593 abridgement
1016 2548 1095 2581 thus
1120 2546 1254 2580 rccords
1271 2545 1339 2579 this
1365 2544 1536 2578 incident:
1563 2544 1585 2562 ‘⁶
1598 2541 1746 2584 Quidam

217 2610 295 2631 eum
310 2602 468 2631 venerant
483 2596 629 2638 visitare,
644 2607 727 2640 quos
745 2607 823 2628 cum
841 2595 948 2627 redire
960 2596 1033 2638 jam
1052 2593 1187 2636 vellent,
1202 2592 1371 2626 dimittere
1386 2591 1521 2624 nolebat
1546 2589 1746 2640 impransos.

220 2644 349 2678 Omnes
370 2644 460 2677 enim
475 2654 553 2676 suos
571 2642 761 2675 visitatores
786 2653 869 2686 quos
892 2646 1024 2685 poterat
1041 2641 1196 2683 retinere,
1219 2644 1400 2682 antequam
1425 2636 1636 2670 discederent
1653 2634 1747 2667 refim

219 2691 375 2724 faciebat.
427 2689 581 2733 Cumque
599 2688 683 2721 nihil
700 2687 840 2721 haberet
858 2687 947 2731 quod
965 2687 1032 2720 illis
1050 2690 1231 2731 apponeret
1247 2691 1368 2730 praeter
1386 2694 1520 2728 panem,
1539 2681 1619 2726 quid
1636 2685 1749 2725 ageret

220 2737 364 2770 sollicite
383 2736 563 2781 cogitabat.
614 2734 722 2779 Igitur
740 2734 892 2779 quamvis
910 2733 1059 2777 undique
1074 2737 1271 2777 apparerent
1289 2741 1398 2763 arenae
1412 2728 1560 2762 fluminis
1574 2726 1747 2768 desiccati,

223 2789 254 2816 ct
273 2794 391 2828 parum
418 2793 513 2826 aquae
539 2781 688 2826 gurgites
716 2780 952 2821 continerent3
978 2779 1045 2812 fide
1074 2790 1196 2823 magna
1218 2778 1279 2810 ivit
1302 2776 1344 2809 ad
1374 2775 1523 2809 fluminis
1553 2775 1696 2816 alveum,
1716 2779 1749 2805 et

222 2829 412 2874 hospitibus
430 2828 642 2871 mirantibus,
662 2827 773 2871 virgea
792 2838 868 2859 vasa
886 2826 1076 2871 composuit
1090 2826 1123 2858 in
1138 2830 1324 2869 capturam,
1339 2829 1372 2855 et
1383 2822 1481 2855 rediit
1495 2821 1537 2854 ad
1551 2820 1749 2865 capellam.''

268 2877 279 2896 ‘¹
302 2874 506 2920 Infinibus]
531 2876 551 2893 “
566 2874 631 2907 Vel
650 2873 804 2907 sinibus'’
823 2872 931 2906 added
950 2873 983 2905 in
1003 2871 1078 2905 MS.
1101 2871 1143 2905 Β.
