1839 3186
516 216 574 248 ET
609 216 876 249 MIRAcULIS
912 217 946 248 s.
973 216 1188 249 GoDRIcr.
1554 207 1635 253 187

88 335 186 375 erga
220 320 445 376 spiritualis
479 320 672 362 desiderii
705 320 906 362 exercitia
946 320 1162 363 sollicitius
1190 322 1456 377 pervigilanti
1491 323 1630 364 animo

89 387 270 428 Domino
289 402 449 429 vacare.
519 388 642 429 Adeo
664 387 831 442 quidem
854 387 1001 429 seniles
1037 386 1125 443 ejus
1149 393 1265 429 artus
1287 389 1424 430 aetatis
1459 390 1631 444 prolixae

88 454 314 495 multitudo
337 454 575 505 detriverat,
599 454 709 508 quod
739 455 825 509 ipse
847 454 959 496 solus
983 454 1110 495 etiam
1129 454 1268 509 pedes,
1286 455 1350 496 vel
1370 460 1632 497 sustentante

89 520 235 561 baculo
260 520 399 575 tripes,
438 520 488 562 de
518 521 807 562 mansiuncula
828 520 1011 562 Oratorii
1033 521 1095 562 sui
1115 521 1255 576 egredi
1276 521 1342 563 vel
1365 522 1526 577 ingredi
1549 538 1631 564 non

88 586 267 628 valebat.
337 586 594 629 Elevabatur
628 588 815 643 proinde,
857 587 1135 629 reclinabatur
1165 593 1206 629 et
1245 587 1507 637 efferebatur,
1544 604 1632 630 ma-

91 653 211 695 nibus
232 653 387 704 alienis,
414 654 483 708 qui
494 653 585 710 jam
610 654 687 696 sibi
705 654 922 696 subvenire
943 670 1026 695 non
1050 659 1227 709 poterat,
1245 654 1402 697 viribus
1426 657 1632 710 corporeis

92 718 379 762 deficientibus
400 721 588 776 propriis.
659 720 787 762 Unde
808 721 1030 775 aliquando
1051 726 1172 762 tanta
1194 721 1405 763 confectus
1428 727 1490 763 est
1515 722 1631 777 aegri-

92 786 250 837 tudine,
291 787 401 841 quod
444 788 481 829 ei
522 788 610 829 dies
651 787 713 829 sui
754 788 954 829 transitus
997 788 1116 829 nobis
1148 787 1359 829 videretur
1401 788 1630 831 imminere.

94 852 265 895 Fratres
283 853 410 908 igitur
433 854 725 896 Dunelmensis
745 854 942 896 Ecclesiae
962 859 1081 895 tanto
1103 854 1330 896 ferventius
1352 854 1364 876 ¹
1380 855 1449 896 illo
1473 870 1631 911 coepere

93 919 309 961 ministerii
332 920 587 962 devotissimi
608 936 728 976 opem
751 925 792 962 et
811 936 978 976 operam
999 921 1251 976 impendere,
1286 936 1365 975 quo
1396 922 1531 977 ipsum
1568 938 1631 964 ce-

94 986 217 1028 lerius
235 987 441 1041 putabant
463 988 652 1042 spiritum
675 1002 700 1028 a
719 1002 886 1042 corpore
913 987 966 1028 ad
989 988 1216 1028 Dominum
1239 988 1482 1029 emissurum
1503 988 1627 1030 effun-

94 1052 205 1094 dere.
277 1053 488 1094 Paulatim
521 1059 662 1095 tamen
687 1054 910 1104 convaluit,
931 1059 972 1095 et
995 1054 1279 1108 quaerentibus
1313 1054 1511 1096 fra-tribus
1534 1055 1633 1110 quid

94 1118 145 1159 de
167 1119 283 1160 obitu
319 1135 391 1161 suo
416 1120 668 1161 credendum
693 1121 750 1161 eis
773 1120 894 1168 foret,
927 1120 1051 1168 dixit,
1088 1124 1112 1142 “
1135 1120 1291 1161 Adhuc
1309 1121 1629 1175 aliquantulum,

93 1186 281 1239 quamvis
315 1186 368 1228 sit
403 1186 625 1236 modicum,
665 1187 728 1228 vir
767 1186 972 1229 Godricus
1005 1187 1218 1229 vobiscum
1259 1187 1350 1237 erit,
1388 1193 1429 1229 et
1465 1189 1517 1229 ab
1552 1189 1632 1230 hoc

94 1267 263 1307 corpore
286 1268 362 1294 nec
384 1253 484 1294 dum
513 1253 797 1295 dissolvendus
827 1253 1087 1309 emigrabit.''
1148 1253 1260 1296 Certi
1282 1253 1409 1308 igitur
1441 1255 1499 1296 illi
1535 1255 1631 1309 quia

94 1319 229 1360 carnis
259 1320 411 1361 molem
446 1335 528 1361 non
561 1325 648 1361 tam
681 1320 763 1361 cito
798 1320 1016 1371 desereret,
1053 1321 1200 1361 ceteris
1236 1320 1434 1363 fratribus
1463 1321 1631 1363 interim

94 1385 264 1427 domum
298 1387 592 1437 remeantibus,
616 1386 791 1428 duorum
821 1387 999 1428 fratrum
1036 1387 1072 1428 ei
1095 1386 1355 1428 ²custodiam
1390 1388 1629 1440 adhibuere,

98 1452 166 1506 qui
192 1453 264 1501 eis,
288 1451 350 1494 3si
369 1454 474 1495 forte
500 1468 602 1508 opus
629 1453 851 1509 ingrueret,
887 1454 1052 1508 quando
1089 1454 1143 1495 ad
1174 1452 1262 1509 ejus
1297 1455 1458 1495 exitum
1491 1470 1632 1497 occur-

96 1524 245 1568 rerent,
268 1525 435 1574 possent
452 1520 708 1562 commodius
730 1526 771 1561 et
793 1520 1029 1576 expeditius
1053 1520 1257 1563 intimare.

155 1586 176 1640 ᾗ
201 1585 296 1630 179.
329 1586 623 1628 Residentibus
645 1586 772 1642 igitur
798 1587 878 1629 illis
910 1602 1026 1629 secus
1046 1588 1268 1642 grabatum
1289 1587 1410 1637 illius,
1438 1587 1547 1642 quod
1579 1588 1631 1629 de

93 1658 237 1693 contra
258 1653 407 1694 Altare
431 1653 574 1694 Sancti
594 1653 624 1694 J
628 1654 800 1695 ohannis
823 1654 1026 1709 Baptistae
1058 1655 1332 1709 compositum
1354 1654 1501 1706 fuerat,
1524 1655 1631 1696 forte

96 1718 263 1773 quidam
285 1720 479 1774 puerulus
492 1735 565 1774 per
580 1720 723 1761 limina
742 1720 938 1762 Ecclesiae
958 1721 1170 1770 introibat,
1193 1736 1315 1775 quem
1331 1720 1399 1761 ille
1420 1721 1474 1762 ad
1496 1737 1538 1763 se
1560 1722 1632 1763 ad-

96 1790 217 1826 vocat
237 1803 247 1833 ;
283 1791 324 1827 et
349 1786 458 1827 unde
479 1792 579 1827 tunc
601 1787 759 1828 veniret
781 1787 834 1828 ab
859 1803 906 1828 eo
927 1787 1204 1842 perquirebat.
1267 1787 1330 1828 At
1352 1787 1419 1829 ille
1442 1788 1632 1830 dissimu-

96 1852 205 1893 latus
230 1853 266 1893 ei
290 1852 349 1893 rei
365 1853 585 1894 veritatem
607 1868 825 1907 exponere,
848 1858 1021 1895 conatus
1043 1858 1104 1894 est
1125 1853 1281 1907 aliquid
1303 1854 1511 1896 consimile
1534 1870 1631 1896 vero

97 1917 339 1973 confingere.
403 1919 525 1960 Dixit
546 1919 674 1974 igitur
693 1935 734 1960 se
756 1920 906 1961 alicubi
928 1920 1029 1961 alias
1049 1919 1186 1970 fuisse,
1210 1925 1252 1961 et
1277 1920 1328 1961 de
1357 1921 1488 1963 solitis
1512 1936 1632 1963 occu-

96 1985 332 2040 pationibus
380 1985 607 2027 advenisse.
683 1986 906 2027 Insistente
950 1986 1078 2041 igitur
1114 1987 1203 2027 viro
1245 1986 1338 2037 Dei,
1379 1980 1420 2028 et
1459 1989 1633 2042 quaesita

97 2052 275 2106 primum
310 2052 435 2093 tertio
473 2057 699 2107 repetente,
729 2053 1007 2094 contendebat
1038 2052 1142 2094 alius
1173 2068 1334 2108 semper
1360 2054 1514 2108 aliquid
1542 2070 1632 2110 per-

96 2134 238 2173 peram
260 2119 296 2159 ei
321 2117 525 2174 objicere3
565 2123 609 2159 at
633 2119 700 2160 ille
724 2118 933 2174 adjiciens,
957 2120 1198 2174 perquisivit
1220 2121 1387 2174 quinam
1409 2121 1462 2162 ad
1484 2126 1633 2176 stagna

96 2185 260 2239 piscar-ii
305 2185 367 2227 sui
404 2185 730 2236 deambularent,
770 2186 835 2227 vel
866 2187 1072 2240 quomodo
1105 2186 1161 2227 ibi
1194 2202 1237 2228 se
1268 2187 1429 2242 singula
1458 2203 1632 2243 quaeque

96 2252 312 2294 haberent.
373 2252 571 2307 Abnegat
594 2267 635 2293 se
655 2252 722 2293 ille
747 2253 862 2302 scire,
888 2268 963 2293 nec
985 2253 1041 2293 ibi
1062 2253 1194 2294 multo
1216 2268 1258 2295 se
1276 2254 1474 2309 temporis
1496 2255 1632 2310 spatio

98 2323 307 2372 protracto
328 2318 465 2360 fuisse.
529 2318 650 2359 Tunc
675 2334 815 2360 servus
835 2319 927 2370 Dei,
955 2324 979 2342 ‘⁶
998 2318 1187 2369 Nonne,’'
1218 2320 1367 2374 inquit,
1393 2321 1489 2362 “ibi
1506 2322 1631 2362 modo

96 2384 154 2425 fui
177 2389 218 2425 et
240 2384 367 2426 oculis
390 2385 493 2425 meis
522 2389 564 2425 te
596 2384 652 2425 ibi
678 2385 793 2426 vidi?
853 2385 997 2440 Atque
1033 2391 1172 2427 tecum
1206 2387 1308 2428 duos
1330 2385 1507 2442 juvenes
1537 2403 1630 2429 cum

96 2451 413 2492 adolescentulis
435 2451 595 2492 duabus
620 2466 694 2506 per
715 2456 863 2507 stagna
883 2452 1045 2507 piscarii
1068 2453 1196 2507 ipsius
1217 2454 1421 2509 progredi,
1445 2459 1486 2495 et
1507 2470 1532 2495 a
1550 2453 1630 2495 fine

96 2533 224 2571 usque
255 2518 295 2558 in
328 2517 434 2559 alvei
467 2518 601 2572 ripam
634 2533 720 2559 sese
750 2517 932 2559 4alterno
953 2524 1047 2574 post
1078 2524 1120 2560 te
1141 2520 1315 2575 vestigio
1352 2520 1553 2575 prosequi,
1587 2525 1629 2562 et

145 2611 153 2631 ¹
176 2610 253 2644 Illo.
298 2611 352 2644 Illi
389 2611 434 2645 H.

143 2658 156 2676 ²
176 2611 393 2703 Custiidirmi]
421 2658 484 2690 See
502 2657 571 2690 also
588 2655 626 2702 ἓξ
648 2658 724 2701 167,
745 2661 822 2701 216,
842 2660 920 2701 218,
941 2661 1019 2703 230,
1039 2661 1116 2703 235,
1137 2662 1215 2703 239,
1235 2662 1314 2694 265.
1342 2659 1373 2692 It
1388 2671 1527 2704 appears
1542 2660 1627 2694 from

98 2703 154 2736 the
168 2703 356 2736 Concordla
371 2705 403 2737 S.
417 2704 598 2746 Dunstani,
610 2716 647 2737 as
659 2704 734 2737 well
748 2716 784 2738 as
796 2704 923 2738 several
936 2705 1032 2738 other
1044 2705 1243 2739 documeflts
1254 2705 1388 2751 printed
1399 2706 1445 2750 by
1459 2706 1497 2738 M
1501 2713 1627 2750 artene,

99 2750 140 2783 de
163 2750 281 2794 Antiq.
308 2749 469 2783 Monach.
496 2750 645 2792 Ritibus,
663 2750 721 2784 lib.
740 2762 771 2784 v.
790 2762 861 2796 cap.
882 2752 950 2785 viii.
969 2751 1042 2785 that
1059 2764 1079 2785 a
1096 2752 1211 2794 monlz,
1238 2752 1348 2797 styled
1366 2764 1386 2784 a
1405 2752 1538 2795 Custos,
1558 2765 1626 2787 was

96 2796 277 2841 appointed
296 2796 341 2841 by
358 2796 415 2829 the
437 2802 581 2829 convent
598 2802 632 2829 to
651 2796 759 2830 watch
785 2809 863 2830 over
881 2797 962 2831 each
982 2798 1054 2832 sick
1081 2797 1228 2842 brother,
1246 2798 1312 2832 and
1330 2804 1364 2831 to
1380 2798 1456 2843 give
1474 2799 1585 2833 notice
1603 2800 1633 2833 if

96 2842 148 2875 his
167 2842 296 2875 disease
314 2843 478 2887 appeared
496 2850 529 2875 to
546 2842 588 2876 be
605 2843 743 2887 gaining
758 2843 899 2888 ground.

143 2889 155 2907 ³
174 2889 321 2932 Sisorte.
372 2889 411 2921 Ei
430 2889 513 2922 forte
531 2889 557 2921 si
577 2901 672 2933 opus,
695 2889 732 2921 H

141 2936 152 2955 ⁴
172 2888 341 2980 Auerno}
366 2935 507 2968 Alterno
524 2935 664 2979 vestigio
683 2936 851 2981 prosequi,
875 2936 921 2970 H.
