1839 3186
1568 227 1592 267 0³

1599 227 1615 265 ,-1

1626 227 1650 267 03

542 238 600 269 ET
635 237 901 269 MIRACULIS
938 237 973 269 S.
1001 236 1215 268 GODRICI.

112 441 198 466 CAP.
221 440 339 466 CLXV·
359 440 562 470 QUALITER
583 440 714 466 sOLUM
737 440 856 466 Lucro
875 439 1182 465 DECUMBENTEM
1198 439 1395 464 DIABOLUS
1416 439 1646 473 1NvAsERrr3

172 508 220 533 ET
265 508 316 532 DE
359 507 543 533 GRABATO
589 507 813 543 vaLsUM,
852 507 1002 532 NUDUM
1049 507 1093 531 IN
1140 506 1272 532 TERRA
1319 506 1556 533 PRofflcmzrr
1602 508 1650 533 ET

182 558 415 600 ΑΙᾸΛΒΕΗΙΤ.1

173 676 306 730 §294.
340 674 491 715 EODEM
525 674 884 731 Quadragesimali
909 680 1095 730 tempore
1127 675 1264 716 adhuc
1297 674 1486 724 durante,
1514 674 1567 715 ad
1588 675 1649 716 in-

112 742 244 784 causti
266 741 577 792 confectionem,
601 742 713 783 facta
735 742 935 783 corticum
960 741 1214 792 decoctione,
1239 757 1406 797 operam
1429 741 1644 791 dederam3

111 810 222 850 unde
265 824 374 850 nunc
416 809 523 850 circa
564 808 640 850 viri
680 809 761 850 Dei
802 808 1055 862 obsequium,
1096 808 1219 850 modo
1261 824 1358 850 vero
1403 808 1511 849 circa
1546 808 1648 849 illud

112 876 338 931 negotium,
361 875 551 929 frequens
568 876 813 917 exercitium
837 875 1113 917 assiduabam.
1185 875 1376 929 Quadam
1397 875 1564 916 interim
1583 876 1649 916 die

110 943 290 984 refectus
312 958 405 984 cum
426 942 636 994 ministris,
675 942 834 997 illisque
859 942 1049 984 omnibus
1073 942 1126 983 ad
1148 943 1230 984 alia
1252 942 1419 998 negotia
1440 942 1646 997 profectis,

112 1010 221 1051 solus
243 1025 337 1050 cum
359 1009 429 1050 illo
452 1009 563 1050 domi
593 1024 892 1058 remanseram3
927 1010 1037 1050 unde
1069 1009 1276 1051 solitarius
1311 1009 1352 1050 in
1381 1009 1488 1050 lecto
1510 1014 1648 1052 custos

113 1077 219 1119 servi
255 1076 336 1118 Dei
370 1075 581 1117 sollicitior
614 1091 700 1118 esse
735 1076 972 1117 debueram.
1043 1076 1214 1118 Diutius
1246 1076 1374 1131 igitur
1412 1091 1549 1117 coram
1578 1077 1647 1118 illo

112 1144 294 1185 residens
329 1148 370 1184 et
405 1147 698 1197 repausantem
732 1142 868 1197 quiete
908 1143 1175 1197 conspiciens,
1217 1143 1372 1184 credidi
1417 1143 1532 1184 illum
1555 1142 1647 1199 jam

112 1215 351 1265 soporatum
379 1224 522 1251 somno
548 1210 767 1263 quiescere,
802 1209 912 1250 unde
936 1214 977 1250 et
999 1209 1184 1251 clanculo
1210 1225 1396 1265 egressus
1425 1214 1466 1251 et
1495 1210 1647 1252 ostium

111 1282 205 1332 post
226 1282 389 1332 tergum
417 1276 644 1326 recludens,
678 1276 780 1331 coepi
815 1275 857 1317 in
890 1276 1012 1317 domo
1037 1276 1244 1317 communi
1279 1276 1503 1318 studiosius
1534 1278 1647 1332 operi

113 1344 291 1400 incoepto
313 1343 516 1385 insistere.
578 1343 636 1383 Et
660 1358 765 1394 ecce,
804 1343 888 1384 fere
921 1343 1024 1384 hora
1044 1359 1127 1384 una
1148 1348 1330 1399 peracta,
1369 1344 1506 1385 subito
1528 1359 1649 1386 voces

110 1411 283 1452 altisone
305 1426 370 1452 me
394 1409 581 1452 vocantis
605 1410 758 1461 audivi,
789 1409 964 1452 dicentis
985 1411 1133 1466 saepius
1154 1426 1201 1452 ac
1220 1411 1458 1466 repetentis,
1494 1411 1647 1452 “Mon--

111 1479 228 1525 ache,
254 1493 377 1532 quam
409 1476 531 1518 citius
561 1491 741 1527 accurre,
775 1482 816 1518 et
847 1477 1104 1526 auxiliare;”
1134 1476 1409 1533 projectisque
1441 1477 1492 1519 de
1523 1493 1650 1519 manu

112 1545 317 1594 omnibus,
349 1559 449 1585 mox
480 1544 601 1586 citius
631 1544 793 1594 adveni,
826 1543 1023 1598 illumque
1054 1549 1143 1586 toto
1181 1560 1347 1600 corpore
1369 1544 1573 1586 nudatum
1605 1546 1648 1586 in

111 1612 248 1653 medio
285 1611 482 1652 Ecclesiae
507 1610 745 1665 pavimento
767 1611 852 1652 solo
885 1616 1006 1653 tenus
1037 1616 1293 1667 prostratum
1328 1612 1518 1667 repperi;
1554 1628 1646 1668 pro-

112 1679 478 1734 rumpentibusque
515 1677 706 1727 lacrimis,
763 1677 968 1719 uberrime
1019 1678 1120 1733 coepi
1166 1676 1276 1728 flere,
1314 1680 1502 1733 lectoque
1538 1679 1648 1721 illius

112 1746 323 1787 decentius
342 1744 549 1786 innovatis
569 1745 753 1786 vestibus
776 1749 981 1800 reparato,
998 1744 1177 1786 brachiis
1196 1745 1521 1800 circumplexum
1538 1747 1648 1788 solus

110 1813 153 1854 in
172 1812 348 1868 grabato
370 1827 443 1853 suo
465 1811 567 1865 coepi
590 1826 799 1866 reponere.
873 1811 1140 1866 Mirabarque
1162 1813 1203 1853 in
1224 1827 1290 1853 me
1311 1812 1399 1867 ipso
1420 1812 1579 1855 haerens
1599 1829 1648 1854 ac

111 1885 281 1935 stupens
296 1879 405 1920 unde
422 1883 563 1920 tantas
581 1878 688 1919 vires
709 1877 971 1933 accepissem,
989 1883 1037 1919 ut
1060 1878 1169 1920 solus
1191 1880 1454 1934 complexum
1477 1880 1645 1934 erigere,

111 1947 269 1987 deferre
305 1961 352 1987 ac
385 1959 581 2000 reponere
625 1944 865 1999 potuissem,
900 1960 993 1986 cum
1037 1945 1221 2000 pristinis
1258 1945 1402 1987 diebus
1442 1946 1520 1988 nisi
1566 1947 1645 1988 alio

110 2014 302 2054 humeros
332 2011 419 2068 ejus
441 2016 482 2053 et
505 2026 651 2066 corpus
686 2012 799 2066 prius
821 2011 1061 2063 sustinente,
1085 2012 1260 2067 pedibus
1292 2013 1644 2067 comprehensum,

111 2081 180 2131 sic,
207 2086 347 2121 tamen
380 2094 473 2120 cum
505 2078 658 2128 labore,
685 2078 801 2119 illum
833 2078 1038 2133 potuerim
1058 2080 1129 2121 Vix
1152 2079 1202 2120 de
1231 2079 1339 2120 lecto
1360 2080 1415 2120 ad
1445 2080 1536 2121 loca
1565 2080 1646 2121 alia

111 2147 357 2202 deportare3
392 2146 456 2187 his
487 2160 634 2200 nempe
667 2145 812 2187 diebus
842 2160 925 2186 non
958 2146 1078 2187 aliter
1111 2146 1160 2186 de
1192 2146 1281 2186 1000
1303 2147 1459 2188 moveri
1492 2148 1643 2202 potuit,

108 2214 186 2255 nisi
203 2214 292 2255 aliis
314 2213 429 2253 illum
455 2212 781 2266 deportantibus,
820 2216 861 2253 et
883 2227 965 2253 uno
986 2228 1011 2253 a
1036 2214 1183 2268 capite,
1212 2213 1424 2268 alteroque
1446 2229 1470 2254 a
1491 2214 1643 2269 pedum

108 2285 237 2336 parte,
262 2281 396 2335 ipsum
418 2294 497 2333 quo
518 2294 682 2320 necesse
703 2278 860 2329 fuisset,
884 2279 1173 2321 deferentibus.

169 2349 309 2402 §295
347 2346 473 2387 Flens
504 2346 630 2401 igitur
661 2360 799 2386 coram
830 2345 898 2386 illo
930 2346 1075 2396 resedi,
1098 2352 1371 2401 moestumque
1393 2362 1441 2388 ac
1463 2349 1644 2390 tenerius

109 2414 340 2469 plorantem
381 2412 528 2467 quibus
563 2412 680 2467 potui
717 2412 852 2454 verbis
894 2413 1143 2455 dulcioribus
1186 2413 1382 2462 delinivi3
1440 2414 1643 2469 longoque

110 2481 284 2535 denique
303 2479 519 2521 intervallo
540 2483 720 2534 peractO,
743 2479 942 2534 plorando
964 2480 1065 2534 coepi
1086 2480 1320 2535 perquirere
1343 2480 1538 2535 quidnam
1565 2482 1643 2523 hoc

108 2548 252 2589 fuisset
274 2547 384 2601 quod
412 2546 448 2587 ei
473 2545 702 2587 accidisset.
764 2545 827 2586 At
860 2546 941 2597 ille,
975 2551 999 2569 ‘⁶
1017 2546 1140 2588 Canis
1163 2547 1230 2588 ille
1253 2547 1410 2589 virosus
1431 2548 1642 2602 hostisque

110 2630 226 2656 meus
261 2613 448 2655 diabolus
487 2612 555 2653 hic
591 2612 754 2661 astitit;
794 2613 1018 2667 vidensque
1049 2619 1141 2669 post
1178 2614 1324 2655 somnii
1359 2615 1538 2668 quietem
1574 2630 1641 2656 me

107 2681 246 2736 tepide
279 2685 487 2735 agentem,
522 2684 563 2720 et
595 2679 811 2720 humantia
850 2680 1102 2721 lectisternia
1143 2680 1419 2731 decusantem,
1453 2696 1501 2721 ac
1534 2681 1643 2722 sicca

109 2748 375 2801 mollior-aque
397 2751 661 2801 quaerentem,
686 2746 822 2787 subito
850 2746 1118 2802 improvisum
1142 2747 1191 2788 de
1213 2747 1320 2788 lecto
1351 2746 1509 2803 pepulit
1531 2763 1577 2788 ac
1599 2749 1640 2789 in

108 2815 345 2870 pavimento
388 2811 572 2868 projecit,
632 2818 836 2868 caputque
877 2829 1016 2855 meum
1058 2829 1223 2855 scamno
1264 2814 1322 2854 illi
1367 2829 1445 2867 quo
1488 2815 1642 2856 resides

434 2925 443 2943 ¹
471 2924 554 2957 This
571 2924 707 2969 chapter
726 2924 753 2957 is
772 2924 913 2957 omitted
932 2925 966 2957 111
984 2924 1040 2958 tho
1060 2923 1155 2957 Harl.
1173 2923 1248 2957 MS.

433 2971 445 2991 2
465 2970 616 3016 Eodem]
647 2971 811 3015 Compare
831 2968 849 3016 ξ
869 2973 947 3005 218.
