1839 3186
211 194 264 234 68
735 203 966 236 LrssELLus
1003 204 1066 235 DE
1102 204 1216 235 VITA

207 308 400 363 praecipui
433 315 473 350 et
503 308 749 364 permaximi
781 308 1068 363 prominebant
1097 312 1318 363 serpentes,
1342 308 1410 362 qui
1438 308 1568 350 multo
1589 308 1736 351 famili-

207 375 316 417 arius
347 376 492 417 ceteris
525 376 561 416 ei
592 375 872 424 adhaerebant,
903 380 943 416 et
975 390 1060 416 suae
1084 375 1316 417 sodalitatis
1343 375 1379 415 ei
1405 375 1616 431 impendia
1647 392 1736 431 per-

207 442 433 493 solvebant,
471 443 539 497 qui
571 443 750 497 corporis
787 442 893 483 mole
934 442 1173 483 visebantur
1211 457 1297 483 esse
1329 443 1661 497 praestantissimi
1694 448 1735 483 et

205 509 443 563 granditate
478 509 690 564 prolixiori
736 509 777 549 in
819 509 1064 549 immensum
1106 509 1298 564 porrecti.
1360 508 1433 560 Hi,
1477 510 1645 551 sedente
1683 510 1738 550 ad

205 576 342 617 focum
373 577 459 618 viro
491 577 583 626 Dei,
608 576 722 630 quasi
757 575 971 616 domestici
1004 576 1241 616 recumbere
1270 580 1312 616 et
1344 576 1569 627 multoties,
1605 581 1652 617 ut
1675 582 1737 617 at-

206 643 351 684 testari
383 642 558 684 lsolitus
595 648 668 693 est,
702 643 887 684 solebant
919 642 1028 683 inter
1057 642 1182 697 pedes
1214 640 1312 697 ejus,
1341 643 1425 684 sive
1456 644 1580 684 tibias
1614 644 1736 684 alter-

207 715 302 751 utra
322 715 439 765 parte
462 725 677 765 oppansas,
705 710 818 750 velut
848 709 1034 762 inquilini
1066 709 1331 762 requiescere,
1366 710 1468 750 nihil
1497 711 1533 751 ei
1555 726 1736 765 unquam

207 776 383 818 laesionis
422 777 624 823 intulere3
680 776 751 817 sed
793 775 993 825 calefacti,
1040 783 1239 829 quantum
1281 776 1338 817 eis
1378 777 1598 818 videbatur
1639 778 1738 818 satis

206 858 305 894 esse,
329 859 415 885 sese
440 845 482 885 in
502 843 693 899 spheram
721 843 923 897 colligere,
956 846 997 882 et
1033 843 1075 882 in
1103 842 1282 883 rotundo
1312 843 1521 885 schemate
1548 848 1638 885 toto
1658 845 1738 884 col-

206 910 314 951 lecto
355 926 534 965 corpore,
579 910 636 951 ibi
675 907 804 965 juxta
845 909 1149 963 beneplacitum
1191 924 1310 950 suum
1359 910 1609 952 delitescere.
1692 910 1737 951 Si

205 982 347 1018 autem
368 978 547 1019 serenior
567 992 667 1017 aura
699 975 814 1017 fieret
835 981 883 1017 ut
900 976 1063 1031 frigoris
1094 976 1388 1031 importunitas
1410 977 1525 1018 nulla
1548 978 1606 1019 eis
1643 978 1736 1019 sub-

205 1044 370 1099 riperet,
389 1043 517 1099 juxta
546 1044 747 1099 parietem
777 1042 987 1084 subsidere
1014 1047 1055 1083 et
1088 1041 1103 1063 ²
1121 1048 1319 1097 repetere,
1353 1048 1394 1084 et
1427 1044 1671 1098 quandoque
1695 1045 1738 1085 in

206 1111 323 1152 trabe
355 1111 502 1152 mediae
528 1111 709 1166 parietis,
748 1111 857 1164 (quae
895 1110 947 1151 ab
980 1109 1131 1164 angulo
1162 1109 1204 1150 in
1233 1110 1431 1165 angulum
1467 1111 1614 1152 domus
1646 1127 1739 1166 pro-

207 1177 468 1228 tendebatur,
506 1183 547 1219 et
584 1176 699 1233 cujus
731 1176 1029 1219 sustentamine
1059 1180 1151 1216 tota
1179 1177 1313 1231 paries
1337 1177 1618 1232 fulciebatur,)
1651 1193 1738 1219 sese

207 1244 459 1286 dimetiendo
488 1244 724 1295 extendere,
758 1249 799 1285 et
832 1244 892 1284 ita
927 1243 1009 1283 illie
1020 1241 1200 1298 jacendo
1235 1244 1456 1287 adhaerere.
1525 1244 1738 1286 Nonnum-

206 1327 329 1365 quam
352 1312 477 1352 etiam
513 1312 553 1352 in
578 1326 676 1353 vasa
699 1310 881 1360 introire,
905 1315 946 1351 et
979 1310 1019 1350 in
1044 1309 1155 1351 disco
1183 1310 1248 1352 vel
1270 1309 1507 1366 hujusmodi
1528 1311 1643 1352 velut
1676 1327 1739 1352 ro-

205 1378 383 1419 tundum
416 1378 571 1432 aliquid
607 1376 851 1432 figmentum
890 1392 1146 1431 componere.
1209 1377 1304 1431 Ipse
1336 1393 1432 1418 vero
1464 1378 1566 1419 nihil
1598 1393 1739 1419 eorum

205 1461 294 1500 quae
329 1444 482 1486 fiebant
515 1445 680 1485 omnino
713 1444 941 1492 exhorruit,
976 1444 1069 1497 quia
1101 1443 1203 1484 talia
1233 1459 1373 1485 eorum
1405 1460 1530 1499 opera
1551 1450 1592 1485 et
1619 1451 1739 1486 natu-

204 1512 307 1553 ralia
328 1513 461 1567 operis
482 1512 691 1562 exercitia,
724 1512 760 1552 ei
782 1510 1045 1551 admirationi
1068 1515 1109 1551 et
1133 1509 1347 1565 cujusdam
1360 1509 1446 1566 joci
1471 1512 1739 1553 consolationi

204 1579 297 1620 fuit.
372 1579 498 1619 Unde
540 1578 642 1619 illud
678 1577 904 1632 Scripturae
943 1577 1121 1618 arbitror
1163 1577 1221 1617 illi
1264 1592 1497 1632 congruere,
1542 1578 1650 1632 quod
1697 1579 1739 1620 in

204 1646 291 1686 viro
325 1645 405 1686 Dei
436 1640 552 1686 3Job
585 1645 732 1700 saepius
767 1644 957 1685 laudibus
994 1643 1171 1685 solemus
1201 1644 1405 1695 attollere,
1442 1643 1467 1667 ‘⁶
1489 1644 1640 1686 Frater
1679 1645 1738 1686 fui

206 1713 430 1753 draconum
451 1717 491 1753 et
514 1713 647 1753 socius
669 1710 685 1733 4
704 1711 1026 1753 st1·uthiomun.”

263 1779 281 1831 ᾧ
305 1781 372 1821 56.
406 1779 511 1820 Cum
537 1779 596 1819 ita
630 1778 815 1833 pluribus
836 1778 953 1818 annis
977 1778 1028 1818 ab
1064 1793 1185 1832 opere
1210 1777 1330 1819 solito
1355 1793 1438 1819 non
1468 1778 1736 1833 quiescerent,

205 1846 277 1888 sed
313 1847 490 1901 plurima
527 1845 819 1886 familiaritatis
849 1845 986 1899 gratia
1017 1845 1052 1885 ei
1087 1845 1327 1899 obsequium
1348 1860 1478 1900 genus
1507 1845 1739 1900 viperinum

203 1913 502 1968 impenderent,
540 1912 672 1953 noluit
702 1912 858 1953 diutius
893 1911 1055 1951 illorum
1088 1911 1363 1952 ministerium
1398 1912 1652 1960 admittere3
1692 1927 1739 1953 eo

204 1980 315 2034 quod
354 1979 624 2034 cogitationes
656 1979 807 2018 mentis
840 1993 921 2019 suce
953 1977 1109 2019 solebat
1143 1993 1284 2018 eorum
1314 1979 1473 2019 occasio
1495 1994 1520 2019 a
1541 1993 1613 2019 suo
1646 1994 1738 2033 pro-

203 2047 338 2102 posito
370 2061 575 2086 revocare.
648 2045 779 2085 Totus
812 2044 977 2098 quidem
1010 2042 1096 2099 ejus
1123 2044 1284 2085 animus
1308 2045 1483 2085 orationi
1514 2045 1576 2086 vel
1609 2045 1738 2085 medi-

204 2113 354 2154 tationi
391 2116 543 2153 sanctae
584 2110 857 2159 intendebat3
902 2125 977 2150 nec
1015 2110 1171 2164 aliquid
1209 2111 1432 2152 occasionis
1464 2111 1738 2166 impedimen-

204 2185 307 2228 tum,
342 2179 452 2233 quod
490 2178 572 2219 tale
606 2192 707 2232 opus
743 2178 1019 2231 extingueret,
1062 2177 1170 2217 circa
1206 2192 1247 2218 se
1283 2178 1523 2232 permittere
1558 2193 1736 2219 commo-

204 2246 304 2287 dum
316 2244 546 2301 judicabat.
610 2243 737 2284 Unde
759 2244 938 2297 quadam
963 2243 1028 2284 die
1051 2258 1189 2285 casam
1213 2256 1329 2285 suam
1353 2244 1563 2296 introiens,
1588 2260 1736 2300 genus-

205 2328 296 2368 que,
329 2327 422 2352 cum
458 2311 651 2352 maximis
687 2310 946 2365 serpentibus
977 2310 1068 2360 illis,
1108 2310 1149 2350 in
1185 2310 1330 2351 eadem
1364 2311 1609 2366 repperiens,
1643 2326 1736 2352 con--

204 2394 346 2421 versus
381 2378 434 2419 ad
473 2393 540 2418 eos
578 2392 672 2418 cum
710 2375 968 2431 adjuratione
1000 2376 1128 2418 divini
1160 2378 1337 2418 nominis
1371 2378 1565 2432 praecepit
1597 2383 1644 2418 ut
1683 2378 1734 2418 de

207 2447 329 2487 domo
353 2460 426 2486 sua
461 2459 583 2498 quam
623 2443 744 2484 citius
779 2443 1032 2493 recederent,
1072 2458 1147 2484 nec
1183 2459 1273 2484 eam
1304 2444 1476 2485 ulterius
1513 2444 1734 2498 aliquando

153 2560 155 2562 ,
204 2513 435 2555 introirent.
500 2510 686 2558 “Nolo,”
721 2510 921 2563 inquiens,
958 2514 1047 2550 “ut
1082 2510 1237 2551 diutius
1274 2525 1436 2550 mecum
1472 2511 1733 2560 conversetis,

205 2595 257 2620 ne
285 2579 383 2620 dum
420 2577 536 2618 vobis
570 2575 797 2625 intendero,
827 2576 950 2616 animi
993 2576 1073 2616 mei
1108 2576 1381 2617 constantiam
1417 2591 1442 2616 a
1477 2591 1591 2618 sacro
1625 2577 1735 2631 quod

204 2645 386 2687 instituit
422 2643 631 2698 proposito
668 2642 915 2683 (livellatis.”
978 2643 1083 2682 Mox
1118 2648 1208 2683 tota
1235 2642 1304 2682 illa
1335 2657 1435 2697 gens
1457 2643 1621 2697 viperea
1655 2644 1734 2684 dis-

205 2713 339 2761 cessit,
379 2726 454 2751 nec
488 2724 670 2763 unquam
699 2713 843 2763 postea
874 2708 997 2749 limen
1029 2709 1175 2749 domus
1209 2724 1291 2749 suae
1313 2709 1602 2750 transcendere
1624 2725 1732 2764 prae—

203 2779 390 2833 sumpsit.
466 2777 677 2817 Maximos
710 2790 805 2816 vero
842 2790 981 2816 eorum
1019 2775 1122 2815 collo
1155 2790 1279 2816 manu
1312 2790 1385 2816 sua
1420 2776 1734 2831 comprehensos

296 2885 303 2902 ¹
325 2883 447 2916 Solitas
464 2881 538 2926 est.]
563 2881 690 2914 Solitus
709 2885 790 2922 erat,
813 2879 858 2913 H.
1049 2880 1060 2898 '²
1082 2879 1270 2925 Repetere]
1295 2880 1437 2926 Repere,
1458 2881 1505 2914 H.

295 2931 307 2950 ³
325 2927 415 2974 J‹›b.]
443 2928 522 2971 Job,
541 2939 627 2961 xxx.
649 2929 703 2961 29.
1049 2927 1059 2945 ⁴
1080 2926 1340 2973 Str-villelmum]
1370 2927 1444 2961 MS.
1464 2927 1684 2961 strucionum.
