1839 3186
206 178 290 219 366
734 184 966 216 LIBELLUs
1003 184 1066 216 DE
1102 184 1217 216 VITA

202 293 288 333 cuit
306 308 317 339 3
352 296 393 332 et
423 304 592 345 surgens
612 288 746 329 innuit
771 302 890 329 cervo
911 292 958 328 ut
979 288 1206 343 mugitibus
1227 294 1424 344 parceret,
1451 304 1635 344 casaeque
1654 304 1737 331 suae

201 359 260 401 illi
294 357 447 399 ostium
481 355 656 412 aperuit.
727 355 809 407 Qui
841 369 941 395 mox
974 353 1264 395 domunculam
1300 355 1437 406 subiit,
1471 360 1512 396 et
1542 371 1641 398 voce
1674 371 1737 397 re-

203 439 342 480 pressa
376 422 505 479 juxta
542 422 668 478 pedes
700 421 808 462 illius
839 421 1046 462 accubuit.
1123 421 1229 462 Cum
1268 437 1365 463 vero
1407 437 1555 463 eanum
1588 423 1737 477 vulgus

203 492 311 532 infra
333 490 453 531 unius
484 489 633 544 lapidis
662 486 826 543 jactum
848 502 895 528 eo
925 487 1246 542 approximaret,
1269 488 1329 529 vir
1362 488 1442 529 Dei
1464 489 1578 539 exiit,
1603 493 1644 529 et
1674 504 1735 529 re-

206 558 317 599 cluso
338 562 431 612 post
466 561 630 611 tergum
651 554 768 604 ostio,
793 554 868 595 sub
890 553 984 595 divo
1005 553 1104 595 foris
1134 554 1316 602 resedit;
1355 559 1454 595 tunc
1488 570 1607 596 canes
1640 570 1735 596 oum

205 625 362 666 latratu
401 628 442 664 et
471 623 634 663 ululatu
662 621 795 661 multo
826 624 971 661 contra
993 624 1209 662 venatores
1238 621 1389 662 reversi
1425 626 1533 672 sunt,
1572 621 1644 663 sed
1675 621 1734 661 illi

202 696 344 732 tamen
370 689 636 731 nihilominus
666 686 774 728 cervi
805 686 981 741 vestigia
1010 686 1184 728 insecuti
1219 692 1340 735 sunt3
1375 687 1550 742 denique
1584 689 1732 738 locum,

205 758 424 799 dumorum
446 771 493 796 ac
524 754 711 809 veprium
733 753 937 794 densitate
958 752 1042 793 fere
1070 753 1404 804 inaccessibilem,
1428 754 1469 794 in
1487 769 1638 810 gyrum
1660 755 1735 795 cir-

206 823 520 871 cumdederunt,
542 826 582 862 et
606 820 663 862 sic
683 820 939 875 pedetentim
960 819 1270 874 progredientes
1291 820 1345 860 ad
1369 835 1506 862 casam
1537 819 1624 876 ejus
1645 836 1734 875 per-

203 894 423 937 venerunt;
448 887 633 929 nonnulli
650 901 745 928 vero
759 901 900 927 eorum
916 886 1022 927 ferro
1037 886 1113 927 sibi
1134 887 1301 927 semitas
1318 891 1581 941 aperuerunt,
1596 888 1734 941 sieque

201 956 255 998 ad
294 956 400 997 servi
436 955 517 996 Dei
548 957 790 1008 conspectus
824 953 1067 1007 attigerunt,
1099 967 1148 993 ac
1182 953 1331 994 vilibus
1364 954 1510 1008 pannis
1541 953 1736 995 indutum

201 1023 460 1065 invenerunt.
522 1021 626 1062 Post
655 1020 742 1060 haee
763 1020 876 1074 prius
906 1019 1110 1060 salutatus
1136 1019 1348 1060 humiliter
1369 1035 1437 1061 eos
1454 1020 1696 1061 resalutavit
1720 1036 1730 1068 ;

202 1094 244 1131 et
266 1105 319 1131 an
338 1104 504 1130 cervum
520 1088 589 1128 illo
610 1087 845 1128 venientem
864 1085 1036 1127 vidisset
1056 1085 1286 1140 inquisitus,
1308 1086 1488 1128 breviter
1508 1087 1733 1141 respondit,

204 1160 229 1178 ⁶⁶
247 1157 363 1198 Deus
394 1155 522 1205 novit,
546 1153 617 1195 ubi
652 1153 717 1204 sit,
743 1168 841 1193 nam
872 1152 1011 1193 omnia
1044 1157 1164 1193 terrae
1196 1152 1435 1203 animantia,
1459 1157 1546 1194 tam
1578 1153 1737 1194 domita

202 1237 326 1278 quam
350 1221 565 1270 silvestria,
584 1220 626 1260 in
648 1219 804 1260 ditione
827 1217 931 1274 Ejus
953 1223 1048 1260 sunt
1070 1218 1247 1273 posita.”
1307 1219 1591 1261 Advertentes
1607 1220 1733 1275 igitur

205 1289 408 1344 Spiritum
430 1287 510 1328 Dei
548 1287 590 1328 in
616 1286 702 1327 viro
729 1286 798 1326 illo
831 1285 1066 1335 consistere,
1089 1285 1337 1340 obstupuere
1369 1286 1490 1327 simul
1522 1301 1663 1328 omnes
1691 1291 1733 1328 et

204 1356 453 1411 pertimuere
474 1371 484 1402 ;
518 1353 629 1394 unde
651 1352 891 1407 suppliciter
913 1352 964 1392 de
980 1366 1083 1393 ausu
1111 1366 1182 1393 sue
1213 1357 1301 1393 tam
1328 1352 1545 1393 temerario
1569 1353 1733 1395 veniam

205 1421 478 1478 postulantes,
519 1420 688 1460 domum
720 1418 872 1459 reversi
912 1422 1036 1466 sunt3
1084 1418 1221 1472 sicque
1258 1424 1440 1473 capturae
1476 1434 1557 1460 suae
1592 1419 1734 1474 praeda

200 1487 401 1538 frustrati,
424 1486 565 1527 multis
588 1490 732 1541 postea
752 1500 844 1539 quae
868 1484 925 1526 eis
945 1484 1181 1525 acciderunt
1211 1486 1401 1527 retulere.
1463 1485 1652 1540 Denique
1674 1486 1736 1528 vir

205 1555 299 1605 Dei,
322 1554 520 1595 inclinata
535 1552 618 1593 fere
632 1550 724 1607 jam
746 1551 824 1601 die,
839 1551 990 1592 ostium
1013 1550 1270 1592 domunculae
1289 1552 1450 1606 aperuit
1468 1569 1478 1600 3
1508 1557 1549 1592 et
1566 1567 1733 1593 cervum

205 1636 285 1676 quo
309 1620 441 1670 libuit,
465 1620 522 1661 sic
551 1618 677 1660 libere
697 1618 751 1659 ad
775 1619 903 1659 saltus
927 1617 1121 1659 silvarum
1142 1617 1253 1658 abire
1275 1618 1486 1672 permisit3
1525 1619 1593 1672 qui
1622 1624 1733 1674 post-

203 1688 374 1729 modum
406 1702 479 1742 per
513 1685 670 1740 aliquos
706 1699 834 1725 annos
868 1683 1015 1738 saepius
1050 1684 1104 1724 ad
1139 1698 1303 1725 servum
1334 1684 1414 1725 Dei
1447 1685 1608 1740 regredi
1639 1700 1733 1727 con-

206 1754 353 1804 suevit,
373 1758 414 1794 et
445 1767 561 1794 secus
581 1751 706 1807 pedes
735 1751 862 1806 ipsius
884 1750 998 1805 quasi
1034 1750 1282 1792 domesticus
1304 1755 1344 1791 et
1375 1751 1592 1806 palpabilis
1612 1766 1733 1792 aecu-

202 1820 308 1863 buit.
352 1819 481 1860 Forte
504 1818 669 1873 quidem
691 1817 748 1858 sic
765 1817 941 1872 ereptori
962 1832 1033 1858 suo
1050 1817 1206 1872 gratias
1227 1817 1367 1871 quales
1387 1817 1502 1859 novit
1519 1818 1674 1867 retulit,
1690 1822 1731 1859 et

204 1888 242 1929 ei
276 1887 394 1941 quale
432 1886 568 1940 potuit
598 1884 838 1926 reverentiae
872 1897 1020 1924 munus
1058 1887 1099 1924 et
1131 1883 1372 1937 obsequium
1402 1884 1617 1939 impendit.
1681 1884 1733 1925 In

203 1969 283 2008 quo
305 1968 426 2008 opere
447 1951 702 2007 ingratitudo
715 1951 897 1991 humana
909 1949 1091 2005 graviter
1110 1949 1382 2004 redarguitur,
1405 1965 1494 2003 quae
1507 1965 1581 1991 nec
1598 1965 1734 1992 servos

205 2020 286 2061 Dei
315 2024 537 2069 reveretur,
560 2032 691 2072 neque
715 2016 902 2059 Creatori
928 2031 1001 2071 pro
1024 2015 1184 2057 collatis
1218 2017 1254 2057 ei
1283 2015 1491 2058 benefieiis
1515 2016 1732 2058 officiosius

202 2086 441 2128 famulatur.

203 2263 291 2289 CAP.
336 2262 441 2286 XXII.
502 2261 704 2290 QUALITER
750 2261 1025 2290 LOQUENTIBUS
1072 2261 1124 2286 DE
1174 2261 1217 2286 SE
1260 2261 1303 2286 IN
1346 2261 1494 2286 SCHOLA
1546 2261 1730 2296 CLERICIS,

264 2328 390 2354 NOCTE
421 2328 617 2356 SEQUENTI
652 2327 853 2353 MAGISTRO
885 2328 1055 2353 SANCTUS
1086 2327 1277 2353 GODRICUS
1314 2327 1582 2363 APPARUERIT,
1615 2328 1663 2353 ET
1692 2329 1732 2353 EI

271 2395 364 2425 QUAE
395 2394 529 2418 ERANT
564 2394 723 2419 FUTURA
754 2378 1039 2419 PRAEDIXERIT.¹

263 2478 281 2530 ἓ
302 2479 398 2519 348.
432 2477 708 2518 SeHoLAmssUs
723 2477 764 2517 in
787 2477 993 2518 Dunelmo
1013 2477 1261 2518 litteralibus
1281 2476 1428 2518 studiis
1446 2492 1612 2533 operam
1635 2477 1733 2517 dan-

203 2544 326 2594 tibus,
350 2549 391 2585 et
424 2544 532 2585 inter
563 2543 667 2584 seria
703 2543 835 2584 otiosa
865 2543 1108 2597 quandoque
1136 2542 1385 2598 jocantibus,
1408 2543 1514 2584 forte
1552 2543 1731 2597 quadam

204 2610 270 2652 die
293 2611 343 2652 de
367 2610 509 2652 Sancti
533 2610 703 2650 Thomae
724 2608 739 2630 ‘³
752 2624 901 2650 corona
921 2615 963 2650 et
980 2610 1101 2650 Beati
1124 2609 1291 2650 Godrici
1311 2609 1399 2651 vita
1418 2609 1576 2651 animos
1590 2624 1730 2650 eorum

251 2698 260 2717 ¹
289 2697 372 2730 This
390 2697 527 2743 chapter
545 2697 624 2731 does
642 2703 701 2731 not
719 2710 818 2731 occur
836 2697 869 2731 in
887 2698 944 2731 the
964 2697 1058 2732 Harl.
1078 2698 1152 2732 MS.
1204 2698 1244 2731 In
1270 2697 1326 2731 the
1345 2697 1508 2731 Bodleian
1528 2711 1614 2744 copy
1632 2699 1657 2732 it
1675 2710 1730 2732 oe-

204 2756 279 2778 eurs
297 2756 340 2776 on
357 2743 414 2777 the
432 2756 562 2777 reverse
580 2745 616 2777 of
629 2745 686 2778 fol.
707 2745 783 2788 117,
802 2745 859 2778 the
876 2751 966 2777 recto
982 2745 1019 2778 of
1031 2744 1142 2778 which
1158 2745 1230 2778 leaf
1242 2744 1270 2778 is
1287 2744 1400 2789 blank,
1419 2756 1455 2778 as
1472 2745 1547 2778 well
1565 2757 1601 2779 as
1619 2757 1638 2778 a
1654 2757 1732 2791 por-

203 2791 275 2824 tion
292 2790 330 2823 of
346 2793 411 2823 116
427 2790 460 2824 b.

250 2837 262 2856 ²
291 2836 451 2883 Comma]
480 2836 554 2871 The
572 2849 681 2871 erown
701 2837 738 2871 of
750 2836 970 2883 martyrdom.
