1839 3186
507 247 567 278 ET
602 247 871 279 MIRAOULIs
907 247 941 278 s.
968 246 1183 279 GonmcI.
1537 239 1619 278 315

81 352 265 408 spondile
288 352 366 394 hoc
386 351 485 393 lecti
507 351 732 402 conferens,
755 351 962 393 molliores
982 351 1193 392 recubitus
1214 352 1436 406 perquisivi
1457 369 1468 401 3
1503 352 1620 393 dum-

81 435 158 474 que
186 419 308 474 paulo
338 419 499 474 longius
532 419 601 460 illo
632 434 698 460 me
728 418 897 468 contuli,
922 418 1113 459 manibus
1143 433 1167 459 a
1197 418 1394 473 spondilis
1425 423 1620 460 contactu

82 486 261 540 dilapsis,
286 486 422 528 subito
438 500 620 541 praeceps
641 485 837 527 dimidius
859 485 1103 540 depependi.
1166 484 1288 537 Quod
1312 500 1481 527 cernens
1501 491 1621 540 pater

83 553 378 594 daemoniorum
412 552 481 606 qui
515 551 647 602 affuit,
680 556 849 608 repente
882 567 955 606 per
989 566 1202 592 scamnum
1232 551 1335 593 illud
1363 553 1621 607 praecipitem

83 619 211 660 dedit.
274 619 401 660 Unde
436 619 741 674 perpendamus
776 633 899 673 quam
934 618 1206 673 pernitiosum
1245 619 1298 660 sit
1331 618 1488 672 aliquid
1523 619 1620 660 huic

83 686 242 741 corpori
272 686 515 727 delectabile
538 701 746 740 quaerereg
783 686 878 740 quia
909 700 981 740 per
1001 685 1143 726 mollia
1170 700 1332 741 semper
1353 685 1455 727 solet
1480 686 1620 727 insidi-

82 768 200 794 arum
229 752 432 795 versutias
468 753 587 794 nobis
631 752 882 794 innecte1²e.”
952 751 1119 793 Exinde
1158 752 1425 807 postmodum
1458 752 1620 807 quoties

83 820 273 869 abscessi,
292 834 506 861 scamnum
527 819 643 870 illud,
666 820 708 861 in
728 834 807 874 quo
830 823 926 860 ante
948 818 1066 860 illum
1085 819 1297 860 considere
1312 834 1617 870 consueveram,

84 901 244 941 semper
265 902 454 928 amovere
477 888 684 928 consuevi.
747 886 805 927 Et
835 886 885 926 de
913 885 977 927 his
999 886 1285 941 poenitentiam
1307 886 1478 941 egimus,
1495 891 1619 940 atque

82 953 170 994 haec
195 953 249 994 ad
277 954 355 994 hoc
377 953 680 1008 descripsimus,
698 958 745 995 ut
767 968 891 1008 quam
914 952 1153 995 illecebrosa
1174 953 1256 994 sint
1277 953 1431 1004 mollia,
1446 953 1621 1008 posteris

84 1021 273 1075 exemplo
290 1020 562 1062 traderemus.

85 1309 170 1334 CAP.
204 1310 337 1336 CLXVI.
370 1311 561 1340 QUOMODO
597 1313 801 1339 LIBELLUM
836 1314 949 1340 HUNC
980 1314 1056 1340 DEO
1077 1313 1395 1339 COMMENDATUM
1426 1314 1623 1339 BENEDIX-

144 1375 264 1412 ER1T3
310 1378 358 1403 ET
390 1378 481 1407 QUAE
514 1380 735 1406 SCRIPTORIS
766 1381 914 1416 ERANT,
948 1381 1041 1406 EJUs
1073 1381 1245 1406 SEORETA
1277 1380 1495 1417 DETEGENS,
1530 1382 1622 1411 QUAE

143 1444 303 1469 FUTURA
336 1445 417 1470 ILLI
448 1446 650 1483 FUISSENT,
684 1432 975 1473 PRAEDIXERIT.1

145 1543 277 1597 §297.
316 1545 505 1587 PERACTo
533 1546 576 1586 in
600 1546 794 1600 obsequio
819 1546 896 1587 viri
920 1546 1000 1587 Dei
1022 1551 1112 1587 toto
1140 1547 1497 1603 Quadragesimali
1517 1553 1622 1590 tem-

87 1627 197 1666 pore,
225 1610 316 1667 Jam
341 1612 593 1654 consuetudo
619 1618 660 1654 et
691 1612 847 1654 ordinis
871 1613 1079 1655 institutio
1108 1614 1150 1655 in
1173 1613 1297 1655 Coena
1318 1614 1488 1656 Domini
1513 1630 1623 1656 com-

88 1678 194 1733 pulit
219 1694 286 1719 me
324 1679 470 1720 redire.
534 1679 629 1720 Hac
669 1679 778 1721 enim
821 1680 886 1721 die
927 1695 1069 1722 omnes
1106 1680 1255 1723 fratres
1299 1682 1353 1722 ad
1394 1682 1623 1723 coenobium

88 1744 329 1786 Ω00111ῑο11110
351 1751 635 1796 consuescunt,
666 1752 835 1801 propter
856 1746 1049 1788 3Domini
1073 1748 1262 1788 mandati
1280 1747 1622 1800 4sacrainentum,

89 1812 198 1865 quod
232 1828 372 1854 omnes
402 1812 445 1853 in
475 1828 604 1854 unum
635 1814 853 1863 celebrare,
892 1812 907 1835 ⁵
912 1812 1041 1869 juxta
1071 1815 1307 1869 exemplum
1330 1815 1484 1857 Christi
1505 1816 1536 1857 J
1540 1832 1622 1867 esu,

92 1884 405 1920 consueverunt.
468 1879 526 1920 Et
550 1880 645 1934 quia
666 1879 757 1935 jam
786 1880 1000 1935 praesentis
1030 1880 1178 1922 Libelli
1200 1897 1301 1937 opus
1319 1883 1425 1923 clam
1448 1882 1498 1923 de
1519 1883 1624 1924 Vita

91 1944 177 2000 ejus
199 1950 241 1986 et
274 1946 502 1997 Miraculis,
535 1947 591 1988 ibi
624 1962 717 1987 cum
748 1946 817 1988 illo
857 1947 1012 1989 diutius
1051 1948 1300 1999 demoratus,
1325 1964 1377 1990 ex
1407 1954 1496 1990 toto
1532 1965 1622 2004 per-

92 2012 346 2067 scripseram,
403 2013 535 2068 ipsum
585 2013 694 2055 illius
741 2012 971 2055 confirmari
1021 2015 1378 2057 benedictionibus
1422 2016 1625 2058 attentius

93 2078 318 2120 admodum
339 2081 625 2134 procurabam.
689 2080 844 2121 Adhuc
881 2081 1084 2135 siquidem
1130 2097 1177 2122 eo
1211 2083 1390 2133 vivente,
1429 2083 1623 2137 quicquid

93 2145 219 2201 digna
256 2161 308 2187 ex
345 2145 431 2202 ejus
466 2162 534 2188 ore
573 2152 734 2189 sacrato
769 2147 994 2189 didiceram
1027 2149 1209 2190 veridica
1247 2149 1328 2204 piae
1365 2149 1460 2191 fidei
1498 2150 1626 2205 ipsius

94 2213 345 2267 exemplaria
380 2218 557 2265 secutus,
581 2214 738 2255 calamo
770 2214 953 2269 quotidie
975 2221 1176 2266 currente,
1199 2217 1495 2258 membranulis
1517 2232 1624 2258 com-

92 2279 399 2331 mendaveram,
424 2286 465 2321 et
493 2280 584 2322 haec
606 2296 654 2322 ea
672 2297 745 2336 pro
769 2281 981 2323 occasione
1006 2283 1182 2323 feceram
1201 2283 1311 2337 quod
1333 2284 1478 2325 eadem
1499 2285 1627 2326 verba

93 2361 181 2399 quae
204 2346 368 2388 dixerat
404 2346 549 2388 eodem
583 2355 726 2389 tenore
758 2363 836 2402 quo
868 2349 938 2389 illa
968 2350 1248 2404 explicaverat
1268 2351 1430 2405 scriptis
1450 2351 1627 2393 inserere

141 2456 150 2474 ¹
179 2455 262 2490 This
280 2456 417 2502 chapter
431 2457 459 2490 is
477 2464 534 2490 not
551 2457 657 2491 found
675 2458 709 2491 in
727 2458 784 2491 the
803 2458 898 2492 Harl.
917 2458 993 2491 MS.

140 2503 152 2521 2
172 2502 356 2537 Convenire
371 2503 608 2551 consuescunt]
637 2504 791 2538 Martene
819 2504 929 2538 shows
954 2504 1027 2538 that
1049 2517 1172 2551 among
1197 2506 1254 2540 the
1283 2507 1404 2541 monks
1433 2519 1476 2541 no
1499 2508 1628 2553 private

95 2549 190 2582 Mass
214 2561 281 2583 was
299 2550 367 2584 this
393 2550 458 2596 day
476 2550 676 2595 celebrated,
703 2551 768 2584 and
793 2551 866 2585 that
891 2563 934 2584 no
960 2551 1147 2586 individua]
1165 2565 1232 2587 was
1256 2554 1439 2599 permitted
1456 2561 1490 2587 to
1508 2555 1627 2588 absent

94 2595 234 2629 himself
242 2597 327 2630 from
345 2598 515 2642 receiving
531 2597 588 2630 the
600 2598 817 2631 communion
835 2605 867 2631 at
887 2598 944 2631 the
960 2598 1051 2632 hand
1069 2600 1106 2633 of
1120 2599 1176 2633 the
1193 2600 1295 2634 abbot
1309 2601 1346 2634 of
1358 2601 1416 2634 the
1433 2608 1627 2647 monastery

95 2648 129 2675 to
147 2642 257 2676 which
273 2643 317 2677 110
333 2643 508 2688 belonged.
559 2644 612 2677 De
630 2644 749 2689 Antiq.
768 2644 928 2678 Monach.
947 2645 1016 2678 Rit.
1036 2658 1088 2680 111.
1107 2647 1182 2681 xiii.
1201 2647 1217 2693 ξ
1236 2650 1292 2681 44.

143 2689 156 2708 ³
174 2689 314 2723 Domini
338 2690 514 2737 mandata]
543 2691 755 2736 Concerning
780 2691 837 2725 the
867 2691 1070 2726 celebration
1097 2693 1134 2726 of
1159 2694 1217 2727 the
1244 2694 1420 2739 Maunday
1443 2706 1533 2740 upon
1558 2694 1626 2728 this

98 2736 252 2769 occasion
271 2748 326 2770 sec
344 2737 512 2780 Martene,
530 2737 612 2771 ibid,
632 2735 649 2783 ξ
669 2741 724 2772 50.

142 2782 154 2801 ‘¹
172 2782 446 2830 Sacrmnentum.]
476 2784 548 2817 The
571 2784 662 2818 word
685 2785 713 2818 is
738 2784 817 2818 herc
843 2785 926 2818 used
944 2785 977 2818 in
996 2786 1038 2819 its
1056 2798 1148 2820 more
1165 2787 1223 2820 lax
1242 2786 1307 2820 and
1325 2787 1499 2820 indefinite
1517 2799 1627 2830 sense,

98 2830 299 2874 concerning
324 2830 435 2863 which
460 2842 516 2864 see
543 2831 705 2866 Bellarin.
728 2831 769 2865 de
797 2832 1022 2865 Sacramentis
1049 2833 1084 2866 in
1112 2846 1244 2878 genere,
1273 2833 1332 2867 lib.
1350 2834 1372 2867 i.
1399 2846 1470 2879 cap.
1491 2837 1522 2868 8.
1586 2835 1626 2868 In

97 2875 187 2908 what
199 2887 296 2909 sense
314 2876 381 2910 this
400 2877 550 2922 washing
568 2878 605 2910 os
617 2878 687 2911 feet
700 2890 778 2923 may
788 2878 831 2911 be
849 2878 956 2912 called
971 2890 990 2912 a
1002 2887 1189 2913 sacrament
1208 2881 1235 2914 is
1250 2892 1269 2913 a
1283 2880 1437 2925 question
1452 2881 1627 2916 discusscd

99 2920 144 2966 by
162 2922 339 2956 Maldonat
357 2923 391 2955 in
410 2923 551 2968 Evang.,
570 2924 632 2958 col.
652 2926 751 2967 1717,
771 2925 852 2958 odit.
871 2925 981 2969 Lug-d.
1002 2928 1101 2961 1615.

145 2969 157 2988 ⁵
175 2968 280 3003 Juxta
296 2970 500 3015 exemplum]
524 2970 557 3003 S.
576 2971 699 3004 Matth.
716 2971 811 3004 xxvi.
831 2973 887 3004 20.
