1839 3186
510 242 568 273 ET
605 239 875 272 MIRACULIS
912 238 946 271 5.
982 238 1197 270 (10011101.
1540 228 1621 267 425

680 394 785 419 CLIX.
824 393 875 418 DE
904 392 1027 417 GAECA.

147 478 288 530 §53st
326 477 493 518 ELUIUA
532 477 583 518 de
624 476 833 526 Neutuna,
866 475 1043 516 testibus
1073 474 1219 517 vicinis
1255 474 1351 525 suis,
1390 490 1462 530 per
1493 490 1622 517 annos

89 560 236 586 novem
259 559 378 595 caeca,
402 544 459 585 ibi
482 543 591 585 claro
613 543 825 584 oculorum
846 541 1001 583 lumine
1023 546 1086 583 est
1107 546 1313 597 reparata.

184 674 276 702 CLX.
315 675 367 700 DE
397 675 551 701 OSSIBUS
582 675 734 710 CRURIS,
768 675 890 710 GENU,
924 675 973 699 ET
1003 673 1124 699 TIBIAE
1155 674 1317 700 FRACTIS
1348 674 1397 699 ET
1428 675 1527 700 RED-

728 741 980 767 INTEGRATIS.

145 826 164 879 ᾧ
190 828 288 868 531.
327 825 451 867 IGGUs
484 824 534 866 de
567 824 722 865 Boltun
752 824 859 865 forte
896 823 1060 875 cadens,
1093 838 1137 866 os
1171 824 1293 866 unius
1325 826 1465 876 cruris,
1498 840 1621 880 genu,

89 898 214 947 atque
249 892 361 934 tibiae
402 892 530 947 ipsius
563 891 833 946 confregerat,
870 890 980 945 quod
1014 891 1152 933 nullus
1189 891 1444 933 medicorum
1480 907 1624 933 curare

89 959 267 1002 valebat.
331 958 413 1000 Sed
448 958 544 999 illuc
579 957 799 1012 deportata
831 957 954 999 modo
992 957 1171 999 mirabili
1202 963 1263 999 est
1292 964 1451 1001 sanata.
1515 959 1624 1000 Nam

88 1041 180 1068 ossa
201 1026 272 1067 diu
295 1025 449 1067 detrita
470 1025 510 1066 in
530 1039 571 1065 se
592 1024 682 1079 ipsa
703 1024 816 1065 fuere
837 1024 1121 1079 redintegrata
1142 1029 1183 1065 et
1205 1025 1375 1066 sanitati
1397 1025 1591 1067 restituta
1609 1043 1620 1073 3

89 1108 188 1133 mox
209 1093 264 1133 ad
285 1092 451 1133 libitum
472 1106 593 1133 51111111
614 1090 692 1132 sibi
714 1096 809 1133 sunt
830 1089 1031 1132 flexibilia
1051 1090 1228 1132 reddita.
1293 1092 1369 1134 Oui
1391 1092 1514 1134 vicini
1537 1091 1625 1147 ejus

88 1159 373 1201 testimonium
405 1157 692 1214 perhibebant,
719 1163 760 1199 et
784 1157 1013 1199 Dominum
1037 1157 1081 1199 in
1110 1162 1229 1199 tanto
1250 1158 1450 1201 miraculo
1472 1160 1623 1201 collau-

89 1226 259 1267 dabant.

547 1323 649 1351 CLXI.
690 1324 741 1349 DE
771 1323 946 1350 INFLATO
977 1323 1158 1351 PECTORE.

147 1408 168 1462 ᾗ
195 1409 291 1449 532.
332 1407 523 1448 ADELIZA
546 1407 597 1448 de
632 1407 810 1449 Mitford
833 1422 941 1449 anno
967 1423 1049 1448 uno
1072 1407 1143 1449 vix
1173 1408 1424 1463 spiraculum
1446 1409 1625 1463 pectoris

87 1474 141 1514 ad
163 1489 205 1516 se
227 1473 460 1515 anhelando
482 1474 646 1515 trahere
668 1474 831 1529 potuit;
868 1474 941 1516 sed
970 1479 1018 1516 ut
1040 1474 1230 1516 tumbam
1252 1475 1327 1516 viri
1362 1475 1442 1516 Dei
1467 1475 1623 1531 attigit,

86 1541 265 1582 naturali
295 1541 419 1581 modo
455 1539 601 1582 flatum
633 1541 686 1582 ab
722 1541 804 1582 imo
840 1541 1019 1596 pectoris
1057 1541 1221 1582 trahere
1257 1542 1393 1597 coepit,
1428 1541 1624 1597 dolorque

88 1607 222 1649 omnis
242 1607 421 1663 pectoris
442 1606 574 1648 inflati
597 1607 668 1649 diu
690 1623 784 1649 cum
806 1606 1049 1649 infirmitate
1070 1613 1162 1650 tota
1183 1608 1349 1650 resedit.

500 1773 616 1799 CLXII.
655 1773 706 1798 DE
737 1773 909 1798 VENTRIS
940 1773 1203 1800 INFLATIONE.

147 1857 169 1911 ἓ
195 1859 291 1899 533.
331 1857 523 1898 THoRITH
548 1857 599 1898 de
622 1857 813 1898 Bentune
835 1862 1023 1899 ventrem
1045 1856 1236 1899 inflatum
1258 1857 1381 1899 modo
1402 1857 1625 1900 miserabili

87 1923 246 1973 habuit,
273 1939 363 1978 quae
387 1939 490 1979 pene
517 1924 768 1979 praegnantis
789 1929 932 1965 ventre
959 1924 1141 1966 distento
1170 1925 1393 1966 consimilis
1417 1925 1624 1979 apparuit.

90 1989 148 2031 Et
171 1995 371 2045 praeterea
402 1990 587 2032 omnium
614 1997 733 2032 motu
764 1991 1045 2032 membrorum
1078 1991 1243 2046 privata
1270 1992 1361 2042 fuit,
1392 2006 1468 2032 nec
1499 2006 1541 2033 se
1571 1991 1627 2033 ad

88 2056 244 2111 aliquid
257 2055 406 2112 juvare
428 2057 659 2112 praevaluit.
722 2057 823 2110 Quae
852 2057 920 2109 ibi,
944 2063 1107 2099 tumore
1129 2058 1349 2108 residente,
1374 2063 1518 2099 curata
1549 2063 1624 2108 est,

90 2128 130 2164 et
152 2128 314 2165 motum
335 2125 568 2165 naturalem
590 2124 631 2164 in
653 2124 844 2166 omnibus
864 2124 1060 2166 membris
1081 2124 1311 2180 percipiens
1332 2125 1508 2166 liberata
1529 2130 1604 2166 est.

612 2272 749 2297 CLXIII.
786 2272 833 2297 DE
865 2272 1099 2299 MONOCULA.

147 2354 165 2406 ᾧ
191 2356 288 2396 534.
325 2354 498 2396 MULIER
519 2355 721 2409 quaedam,
748 2356 958 2397 Wluorun
990 2357 1156 2398 nomine
1184 2355 1236 2397 de
1265 2356 1548 2408 Scheldeford,
1571 2357 1624 2398 ab

88 2420 177 2475 ipsa
208 2421 430 2462 nativitate
452 2437 527 2463 sua
557 2422 678 2463 unius
707 2422 814 2463 oculi
835 2422 926 2464 visu
955 2423 1123 2464 omnino
1154 2423 1318 2479 privata
1344 2423 1454 2471 fuit;
1491 2439 1579 2479 quae
1601 2439 1625 2465 a

87 2486 232 2529 vicinis
253 2487 336 2530 suis
357 2488 426 2529 illo
448 2488 650 2543 perducta
671 2489 779 2529 clare
803 2488 940 2530 videre
962 2490 1096 2545 coepit.

532 2633 668 2659 CLXIV.
702 2634 753 2658 DE
785 2634 959 2660 PECTORE
990 2635 1178 2661 INFLATO-

148 2715 166 2768 ᾧ
192 2718 289 2758 535.
327 2715 502 2758 ELYOTH
535 2716 585 2757 de
608 2717 802 2772 Refhope
825 2717 872 2758 ¹a
893 2717 999 2759 festo
1032 2718 1175 2760 Sancti
1197 2718 1379 2759 Andreae
1409 2733 1537 2773 usque
1572 2719 1626 2760 ad

88 2781 241 2823 festum
264 2782 408 2823 Sancti
433 2783 463 2823 J
467 2783 640 2825 ohannis
661 2783 864 2838 Baptistae
892 2789 1030 2825 totum
1055 2789 1200 2839 pectus
1232 2783 1419 2825 inflatum
1452 2786 1625 2837 habuit3

89 2848 162 2889 sed
184 2854 230 2890 ut
253 2849 321 2890 illo
344 2849 456 2890 venit
482 2855 621 2890 tumor
642 2850 774 2891 omnis
795 2865 889 2891 cum
920 2856 1083 2892 tumore
1106 2850 1278 2891 deformi
1300 2852 1465 2893 resedit.

381 2945 387 2964 ¹
408 2942 537 2987 Afisto
556 2941 589 2976 S.
609 2940 784 2988 Andr-ece]
819 2942 920 2975 From
940 2945 985 2977 30
1005 2943 1094 2976 Nov.
1114 2948 1147 2976 to
1166 2945 1210 2977 24
1227 2943 1327 2978 June.
