1839 3186
198 144 284 190 270
719 157 949 189 LIBELLUs
986 158 1049 189 DE
1085 158 1197 189 VITA

198 260 333 312 dictis,
371 261 487 316 quasi
519 261 759 318 indignatus
791 262 1026 311 obmutuit;
1065 262 1293 317 recessique
1324 259 1551 303 aedificatus
1573 266 1614 302 et
1637 276 1732 302 con-

196 327 324 377 fusus,
350 328 447 382 quia
477 328 559 369 alia
588 329 689 369 mihi
711 334 811 370 tunc
846 328 1037 384 detegere
1067 329 1225 376 noluit,
1266 328 1547 369 confundebar
1567 327 1733 381 quidem

196 393 239 434 in
260 409 326 435 me
348 409 421 449 pro
453 401 782 450 praesumptuosa
803 395 1054 445 temeritate,
1087 394 1321 436 aedificabar
1343 410 1438 436 vero
1460 394 1510 435 de
1534 399 1623 435 tam
1647 395 1734 435 alta

196 460 274 502 viri
306 460 387 501 Dei
416 461 666 503 humilitate.
738 462 841 503 Post
871 476 1032 503 menses
1062 477 1159 504 vero
1189 462 1345 516 aliquot
1366 461 1514 502 iterum
1547 460 1663 510 redii,
1690 465 1731 501 et

196 532 428 581 prostratus
456 543 550 569 cum
583 528 763 570 lacrimis
792 528 955 570 veniam
988 529 1089 583 petii
1122 534 1163 569 et
1185 528 1358 579 obtinui,
1391 526 1731 581 deosculatusque

196 593 314 634 illum
333 594 665 635 benedictionem
695 595 872 649 percepi.
944 594 1162 636 Nonnullis
1191 594 1318 650 igitur
1348 594 1466 635 annis
1487 592 1728 648 interjectis,

196 660 255 700 nil
269 660 319 701 de
336 661 424 702 vita
439 659 526 716 ejus
546 661 699 702 coelesti
716 676 840 702 ausus
854 676 944 702 sum
961 662 1205 715 perquirere,
1224 676 1433 714 quousque
1449 661 1534 715 ipse
1557 659 1731 713 denique

196 727 277 767 mei
312 727 518 777 misertus,
543 727 738 782 dignatus
769 732 831 768 est
854 727 1041 768 ultronee
1077 726 1275 768 confitens
1307 742 1380 768 sua
1415 741 1540 781 opera
1574 731 1733 766 secreta

198 793 403 848 detegere.
465 793 583 834 Tunc
604 794 714 849 stylo
737 799 939 844 currente,
977 808 1138 848 semper
1158 798 1205 835 ut
1227 793 1379 843 audivi,
1402 793 1461 834 ita
1482 792 1728 847 conscripsi;

197 864 322 913 atque
352 864 400 900 ut
422 857 510 914 ejus
538 860 820 901 humilitatem
848 860 938 902 aliis
969 860 1255 901 contraderem
1287 859 1392 901 sedit
1417 859 1554 901 animo
1575 863 1623 900 ut
1645 858 1735 900 aliis

197 926 388 981 capitulis
412 926 516 967 illud
539 927 778 969 insererem.

199 1218 287 1243 CAP.
310 1218 416 1244 CXLI.
480 1218 684 1247 QUALITER
719 1218 882 1247 QUIDAM
914 1218 1085 1243 DIUTINA
1121 1218 1407 1244 TEMPTATIONE
1442 1218 1648 1254 DEVICTUS,
1681 1219 1736 1243 AD

258 1285 387 1310 ILLUM
419 1285 624 1317 VENER1T3
669 1285 736 1310 cul
773 1285 871 1314 Qun)
902 1284 1058 1320 EGERIT,
1100 1285 1171 1310 VIR
1211 1285 1278 1310 DEI
1309 1285 1512 1317 APERU1T3
1558 1285 1606 1310 ET
1638 1285 1734 1314 Quo-

258 1351 369 1376 Mono
404 1351 624 1377 LIBERATUS
655 1335 743 1378 srr.¹

260 1450 282 1505 ξ,
306 1452 359 1491 25
367 1451 403 1491 6.
438 1450 613 1502 QumAM
637 1449 766 1491 frater
788 1449 839 1491 de
860 1449 1003 1491 ordine
1026 1450 1291 1492 Oisterniensi
1313 1451 1428 1505 gravi
1449 1451 1735 1507 temptationis

200 1532 349 1571 genere
383 1516 454 1558 diu
498 1516 633 1557 fuerat
664 1521 821 1557 secreto
853 1521 1042 1566 vexatus,
1076 1532 1124 1557 ac
1167 1514 1382 1571 cujusdam
1413 1518 1503 1559 vitii
1537 1518 1737 1573 gravioris

201 1583 309 1623 mole
346 1582 467 1624 simul
496 1590 537 1623 et
565 1582 763 1637 peccandi
797 1583 1093 1624 consuetudine
1126 1583 1416 1625 miserabiliter
1446 1585 1732 1639 compeditus;

201 1665 299 1690 nam
334 1649 546 1690 multoties
578 1649 778 1703 poenitens
812 1654 853 1690 et
890 1664 976 1690 sese
1008 1649 1188 1691 lacrimis
1225 1665 1273 1690 ac
1308 1651 1460 1692 crebris
1489 1651 1737 1706 singultibus

200 1715 399 1770 affiigens,
420 1715 474 1756 ad
493 1715 756 1757 confessionis
771 1716 953 1756 remedia
970 1716 1183 1757 consuevit
1205 1715 1423 1772 confugere
1443 1734 1454 1765 ;
1489 1717 1561 1759 sed
1577 1733 1737 1772 semper

201 1787 344 1823 tamen
365 1782 419 1823 ad
440 1782 642 1823 vomitum
674 1797 795 1823 suum
822 1782 997 1833 rediens,
1022 1787 1063 1824 et
1087 1782 1190 1823 illud
1219 1798 1344 1837 grave
1379 1783 1538 1825 facinus
1567 1783 1735 1834 iterans,

203 1863 415 1903 nunquam
436 1853 600 1903 poterat
622 1863 646 1889 a
666 1848 785 1903 lapsu
806 1863 1000 1903 corporeo
1023 1864 1064 1890 se
1086 1849 1313 1890 cohibendo
1339 1850 1559 1891 abstinere.
1622 1850 1737 1891 Sem-

203 1930 276 1970 per
296 1915 424 1970 igitur
440 1930 481 1956 se
498 1915 671 1969 puniens
689 1915 908 1956 mundavit
923 1920 964 1956 et
978 1915 1215 1965 maculavit,
1233 1931 1444 1970 resurgere
1465 1916 1678 1957 contendit
1696 1922 1737 1957 et

204 1982 356 2022 iterum
386 1982 548 2036 lapsum
579 1981 779 2035 pertulit3
815 1986 856 2022 et
879 1981 1074 2035 quicquid
1106 1982 1202 2022 boni
1233 1997 1315 2022 una
1340 1982 1420 2022 diei
1444 1983 1546 2023 hora
1567 1983 1651 2037 egit
1672 1983 1737 2024 vel

205 2047 386 2102 collegit,
423 2047 555 2088 altera
587 2046 771 2102 ejusdem
808 2047 888 2087 diei
926 2048 1028 2089 hora
1068 2047 1214 2102 polluit
1256 2052 1297 2088 et
1332 2048 1483 2090 amisit.
1546 2049 1738 2102 Quodam

205 2113 333 2168 igitur
362 2118 547 2168 tempore
578 2113 684 2154 forte
719 2113 883 2163 accidit,
906 2118 953 2154 ut
978 2113 1088 2154 idem
1109 2113 1237 2154 frater
1267 2129 1349 2154 una
1370 2130 1463 2155 cum
1491 2115 1643 2156 abbate
1665 2130 1737 2156 suo

206 2180 415 2234 profectus
448 2179 502 2219 ad
536 2179 789 2233 aquilonales
823 2179 1056 2234 Anglorum
1088 2178 1189 2221 fines
1222 2180 1467 2234 perveniret,
1503 2186 1544 2222 et
1577 2181 1631 2222 ad
1661 2181 1738 2223 viri

208 2246 289 2287 Dei
310 2246 570 2299 colloquium,
595 2245 685 2286 Deo
718 2245 973 2300 disponente,
1006 2245 1272 2301 pertingeret.
1343 2246 1446 2288 Post
1470 2247 1631 2289 abbatis
1652 2248 1738 2301 qui-

208 2312 304 2353 dem
334 2316 503 2367 peracta
534 2316 704 2361 secreta,
728 2312 903 2352 contulit
923 2327 965 2353 se
989 2312 1056 2352 ille
1078 2312 1131 2353 ad
1153 2313 1259 2354 servi
1292 2313 1372 2354 Dei
1408 2328 1590 2355 seorsum
1615 2314 1738 2354 collo-

209 2378 316 2433 quia,
343 2383 384 2419 et
407 2378 514 2418 inter
544 2378 639 2426 alia,
667 2377 768 2418 talia
798 2383 1063 2433 protestatus,
1087 2379 1158 2428 ait,
1183 2383 1208 2400 “
1228 2379 1392 2420 Domne
1416 2385 1547 2434 pater,
1570 2380 1738 2433 quidam

209 2445 290 2486 mei
326 2444 539 2485 familiaris
574 2444 730 2485 amicus
764 2444 881 2499 gravi
916 2445 1202 2499 temptationis
1238 2446 1429 2487 molestia
1469 2446 1662 2487 continue
1698 2452 1740 2487 et

210 2510 521 2566 desperabiliter
551 2510 751 2565 fatigatur
782 2516 823 2551 et
851 2511 1125 2565 opprimitur3
1161 2517 1203 2552 et
1225 2512 1531 2553 consuetudinis
1561 2513 1739 2566 turpitu-

211 2577 306 2618 dine
339 2577 554 2619 devinctus
584 2591 632 2617 ac
664 2576 861 2626 devictus,
885 2592 910 2617 a
934 2577 1085 2617 diaboli
1116 2577 1271 2631 laqueis
1301 2593 1511 2631 nunquam
1542 2579 1741 2632 respirare

212 2643 479 2698 permittitur.
566 2643 674 2683 Nam
710 2643 911 2697 corporali
946 2643 1203 2697 turpitudine
1241 2644 1364 2684 toties
1398 2644 1552 2685 labitur
1582 2644 1741 2698 quoties

212 2709 409 2764 cogitatio
431 2709 539 2751 illius
561 2709 833 2764 temptatione
864 2708 1150 2757 succenditur,
1189 2709 1298 2750 unde
1320 2715 1433 2751 certa
1456 2725 1565 2751 mors
1592 2711 1741 2750 animae

212 2776 320 2817 illius
350 2775 386 2816 ei
417 2775 631 2817 imminere
665 2775 902 2823 dinoscitur,
940 2775 1018 2815 nisi
1055 2775 1113 2815 illi
1149 2790 1271 2829 quam
1306 2776 1427 2817 citius
1462 2776 1741 2818 subveniatur.

516 2859 523 2876 ¹
553 2857 636 2890 This
654 2858 792 2902 chapter
809 2858 837 2890 is
854 2863 912 2890 not
930 2857 1108 2891 contained
1126 2858 1160 2891 in
1179 2858 1236 2891 the
1256 2858 1350 2893 Harl.
1371 2859 1445 2892 MS.
