1839 3186
187 184 270 225 180
705 193 941 225 LIBELLUs
977 193 1042 224 DE
1078 192 1195 224 VITA

186 299 306 355 plura
327 297 533 340 disseruit.
597 297 700 338 Post
733 297 835 338 talia
869 285 1007 338 multa*
1034 297 1219 339 conversi
1254 296 1308 337 ad
1341 297 1518 339 invicem
1550 295 1724 337 ¹Latino

188 365 348 419 eloquio
379 366 486 406 inter
512 378 587 405 nos
612 364 787 418 colloqui
818 364 1026 419 coepimus,
1063 364 1246 405 dicentes
1275 363 1425 419 singuli
1445 363 1461 385 2
1477 363 1725 404 alterutrum

189 432 326 487 qualia
345 432 397 473 ab
419 431 489 472 illo
511 430 744 485 perquirere
762 430 1031 486 3optavimus,
1055 431 1088 472 si
1110 435 1250 471 tamen
1272 430 1315 470 id
1339 431 1598 472 auderemus,
1661 428 1724 469 At

189 499 257 540 ille
283 514 324 540 se
346 503 603 547 convertens,
623 502 664 538 et
680 496 865 552 jocundo
880 502 1102 552 conspectu
1123 497 1165 537 in
1181 511 1255 538 nos
1276 497 1504 547 subridens,
1529 496 1600 547 ait,
1627 495 1725 536 “De

188 566 254 607 his
276 565 384 606 inter
405 580 478 607 vos
509 564 694 618 quaeritis
725 579 818 618 quae
850 564 1098 619 investigare
1120 563 1322 612 voluistis,
1346 563 1534 618 quamvis
1555 577 1604 604 ea
1623 561 1726 603 mihi

188 633 390 674 hactenus
411 630 689 679 celaveritis;”
721 631 1003 685 replicansque
1034 630 1195 685 singula
1222 645 1314 684 quae
1337 630 1446 672 inter
1468 644 1543 671 nos
1565 629 1726 670 dixera-

189 714 282 741 mus
306 698 510 754 exposuit,
535 702 575 739 et
598 696 699 738 nihil
728 712 869 738 eorum
892 696 942 737 de
965 696 1112 750 quibus
1134 697 1393 751 percunctari
1415 696 1727 752 41110110511110115

190 765 426 807 intermisit.
489 763 767 819 Cognovimus
802 778 899 819 ergo
934 763 1045 817 quod
1071 763 1197 805 verba
1229 769 1382 814 nost-ra,
1417 763 1577 818 Spiritu
1614 777 1727 804 reve-

191 832 317 881 lante,
351 836 614 886 cognoverat,
648 830 780 885 quiet
803 830 854 871 de
882 830 946 872 his
974 845 1063 884 quae
1091 829 1373 884 praemeditati
1403 830 1557 871 fuimus
1589 828 1729 870 omnia

191 898 504 954 praeclarissime
540 897 781 939 disserebat.
853 896 980 937 Unde
1003 901 1043 937 et
1065 895 1258 951 spiritum
1294 897 1583 952 propheticum
1619 911 1728 937 com-

191 965 298 1020 perti
320 979 461 1006 sumus
493 964 535 1004 in
569 961 657 1019 ejus
686 968 853 1019 pectore
889 962 1155 1018 requiescere,
1179 963 1248 1018 qui
1269 963 1386 1005 nobis
1409 963 1620 1019 sigillatim
1640 967 1729 1004 tam

192 1031 374 1073 evidenti
392 1045 577 1072 sermone
600 1030 761 1085 singula
785 1045 874 1085 quae
899 1029 1196 1085 praeposuimus
1221 1030 1357 1085 potuit
1374 1027 1589 1072 ⁵enodare.

193 1323 281 1350 CAP.
301 1323 429 1349 LXXX.
491 1322 643 1353 QUALIA
676 1322 766 1348 VIRO
796 1322 879 1347 JAM
909 1321 1152 1348 SEMI-ANIMI
1184 1322 1470 1358 MANDAVERIT,
1493 1322 1542 1348 ET
1563 1322 1731 1352 QUANTA

254 1391 336 1417 ILLI
372 1391 423 1416 DE
471 1390 633 1415 ITINERE
678 1389 837 1414 FUTURO
883 1389 1151 1424 PRAEDIXERIT,
1189 1389 1267 1414 VEL
1309 1390 1502 1419 QUOMODO
1537 1389 1732 1415 MINISTRO

254 1458 326 1484 SUO
357 1457 487 1483 DOMOS
518 1457 643 1482 IPSIUS
673 1456 758 1482 VIRI
794 1435 1106 1481 DESCRIPSERI'I'.6

258 1560 280 1615 ᾗ
304 1558 400 1604 171.
438 1558 556 1599 ERAT
578 1558 614 1599 ei
637 1557 806 1612 quidam
833 1556 1033 1599 ⁷devotus
1066 1557 1108 1598 in
1138 1557 1376 1598 Laudoneie
1412 1557 1628 1612 partibus3
1663 1555 1733 1612 qui

200 1626 317 1682 gravi
346 1625 590 1681 aegritudine
622 1625 826 1673 laborans,
859 1639 884 1664 a
917 1624 1076 1665 cunctis
1101 1624 1271 1666 medicis
1306 1624 1441 1665 fuerat
1477 1624 1733 1679 desperat-us.

203 1693 384 1734 Mittens
405 1707 501 1747 ergo
524 1691 578 1733 ad
602 1691 734 1733 virum
758 1690 850 1740 Dei,
874 1691 1036 1746 rogavit
1054 1696 1100 1732 ut
1122 1691 1231 1733 illius
1259 1691 1533 1741 misereretur,
1557 1706 1603 1731 eo
1623 1690 1733 1745 quod

198 1760 242 1801 in
265 1759 453 1815 proximo
480 1763 723 1799 moreretur.
795 1757 857 1798 At
889 1757 956 1798 ille
986 1757 1179 1799 nuntium
1201 1773 1321 1799 suum
1348 1757 1417 1798 illo
1440 1757 1633 1812 dirigens,
1661 1757 1733 1807 ait,

203 1826 405 1877 “Vade,''
438 1825 637 1880 inquiens,
673 1829 697 1847 ‘⁴
723 1829 764 1865 et
787 1824 852 1865 dic
875 1824 985 1878 quod
1007 1824 1088 1865 cito
1121 1824 1171 1865 de
1200 1825 1278 1865 hac
1308 1824 1556 1879 aegritudine
1587 1839 1735 1865 conva-

203 1894 345 1943 lescet,
381 1897 421 1934 et
453 1892 670 1947 peregrina
710 1896 914 1932 terrarum
948 1906 1076 1946 regna
1113 1891 1250 1932 adhuc
1290 1891 1535 1947 pervidebit,
1570 1895 1612 1931 et
1647 1906 1738 1945 per-

253 2004 261 2022 ¹
284 2002 410 2036 Latino
427 2000 584 2046 eloquia]
610 1999 854 2034 Conversation
871 2011 940 2032 was
958 1999 1159 2045 frequently,
1178 1999 1306 2044 though
1332 2006 1391 2033 not
1407 2000 1590 2045 generally,
1609 2001 1738 2034 carried

203 2061 245 2082 on
264 2049 297 2082 in
316 2048 536 2082 monasteries
554 2048 588 2081 in
608 2047 718 2080 Latin.
767 2047 815 2079 St.
830 2046 983 2089 Anselm,
1003 2046 1137 2090 writing
1148 2051 1181 2079 to
1200 2046 1342 2079 Ansehn
1363 2047 1416 2080 his
1434 2047 1586 2092 nephew,
1604 2047 1737 2081 advises

203 2096 287 2139 him,
306 2097 327 2113 “
339 2095 489 2139 Semper,
512 2094 577 2127 nisi
601 2106 679 2127 011111
702 2093 887 2126 necessitas
904 2098 937 2125 te
961 2092 1063 2137 cogit,
1082 2092 1203 2125 Latine
1224 2092 1399 2137 loquere.’'
1426 2093 1629 2128 S.Anselmi
1649 2094 1736 2140 Epp.

205 2141 378 2187 Supplem.
399 2141 468 2174 No.
484 2143 515 2183 6,
534 2140 717 2185 (unpaged,
735 2140 798 2184 sig.
814 2139 855 2173 E.
874 2141 906 2182 4,
926 2139 978 2183 ii.)
998 2138 1078 2172 edit.
1097 2139 1154 2172 fol.
1174 2139 1249 2174 Par.
1272 2140 1371 2174 1721.

250 2190 262 2208 ²
278 2188 500 2222 Alterutrum,
549 2187 615 2220 Vel
632 2186 831 2229 alterutrim,
853 2185 896 2219 Β.

253 2236 265 2255 ³
286 2234 489 2280 Optavimus.
538 2233 604 2266 Vel
622 2233 859 2278 optaverimus,
882 2232 924 2266 Β.

255 2284 267 2302 ⁴
286 2279 546 2326 Proposaimzzs]
575 2279 827 2325 Disposuimus,
850 2279 896 2312 H.

253 2329 265 2347 ⁵
285 2327 468 2374 Enodare]
504 2327 546 2359 So
576 2325 731 2359 narrated
764 2326 798 2358 in
828 2325 885 2358 the
920 2324 1016 2359 Harl.
1048 2336 1259 2370 anonymous
1287 2325 1432 2371 legend:
1468 2326 1671 2361 “Venimus
1697 2327 1739 2361 ad

206 2386 284 2408 011111
314 2379 456 2419 quatuor
484 2373 613 2416 fratres,
641 2378 673 2405 et
698 2372 843 2416 benigne
871 2371 1030 2416 suscepti,
1058 2371 1146 2405 facta
1172 2373 1333 2416 oratione,
1360 2373 1586 2407 consedimus.
1660 2374 1738 2419 Ipse

207 2433 284 2454 vero
306 2420 403 2454 nobis
428 2419 572 2464 Angliee
594 2425 662 2452 tam
687 2418 829 2451 dulciter
852 2424 903 2451 est
922 2418 1068 2461 loeutus,
1085 2424 1155 2451 tam
1183 2419 1352 2452 subtiliter
1376 2419 1417 2453 de
1437 2420 1615 2454 virtutibus
1633 2421 1740 2453 vitiis-

207 2480 272 2513 que
287 2467 455 2509 disseruit,
474 2472 541 2499 tam
561 2465 726 2510 profunda
742 2465 981 2509 mysteriorum
999 2464 1132 2497 occulta
1149 2466 1359 2509 monstravit,
1374 2472 1411 2499 ut
1425 2466 1622 2500 miraremur
1639 2478 1740 2512 supra

207 2514 347 2547 modun]
369 2525 429 2546 nos
454 2512 599 2546 invicem
623 2517 832 2544 contuentes.
884 2511 1006 2543 Postea
1028 2510 1148 2544 Latine
1172 2511 1333 2555 diximus,
1352 2512 1582 2557 colloquentes
1605 2525 1643 2546 ea
1665 2525 1740 2558 quae

207 2561 371 2594 vellemus
396 2559 438 2593 ab
464 2571 514 2602 eo,
541 2558 568 2591 si
595 2558 807 2600 auderemus,
833 2557 1012 2602 inquirere.
1065 2557 1161 2590 Tunc
1187 2558 1244 2591 ille
1270 2558 1447 2591 subridens
1472 2559 1539 2592 ait:
1567 2562 1576 2578 ‘
1592 2559 1679 2593 Haec
1707 2565 1740 2592 et

207 2607 282 2641 haec
302 2607 506 2651 interrogare
531 2604 716 2650 proponitis
731 2603 752 2645 ;’
783 2610 815 2636 et
840 2603 952 2636 omnia
976 2614 1050 2647 quae
1077 2603 1273 2637 dixeramus
1300 2611 1544 2649 consequenter
1569 2606 1738 2651 exposuit.

210 2654 446 2699 Comperimus
469 2653 582 2696 itaque
606 2650 695 2695 quod
716 2661 834 2683 sensus
856 2655 988 2683 nostros
1012 2655 1044 2681 et
1062 2649 1173 2693 verba,
1196 2650 1324 2695 Spiritu
1346 2651 1468 2684 Sancto
1490 2651 1671 2696 revelante,
1690 2652 1739 2685 di-

209 2700 365 2734 dicerit.’⁷

256 2747 268 2767 ⁶
294 2747 333 2780 In
352 2746 410 2779 the
431 2745 525 2780 Harl.
544 2744 619 2778 MS.
639 2743 776 2788 chapter
795 2742 967 2775 LXXIX.

255 2793 266 2813 ⁷
287 2791 467 2839 Devotus]
496 2791 647 2824 Devotus
662 2789 772 2823 fidelis
790 2789 823 2822 in
843 2788 1043 2833 Lundoniae,
1064 2789 1112 2824 H.
1151 2788 1269 2822 Above
1287 2788 1344 2822 the
1357 2789 1426 2823 line
1444 2790 1472 2823 is
1490 2791 1635 2834 written,
1654 2791 1676 2808 ‘⁶
1688 2790 1740 2824 vel

210 2839 430 2883 Laudoniae,”
451 2838 560 2871 which
590 2837 689 2870 latter
717 2836 745 2869 is
775 2835 947 2880 evidently
966 2835 1022 2868 the
1052 2841 1180 2869 correct
1208 2835 1357 2880 reading.
1414 2836 1454 2870 In
1482 2837 1625 2881 Galfrid,
1655 2836 1737 2881 also,

208 2885 225 2930 ξ
245 2888 301 2928 41,
320 2886 345 2919 it
364 2887 391 2919 is
409 2884 610 2929 incorrectly
624 2883 756 2916 written
775 2884 794 2901 “
812 2881 1032 2916 Londoniae.'⁷
