1839 3186
542 241 600 271 ET
634 239 897 271 M1RAcUL1s
934 239 970 270 6.
995 239 1210 271 GODRICI.
1567 232 1650 272 385

107 344 217 387 dorsi
247 345 356 388 illius
390 346 433 387 in
459 352 543 387 tres
566 345 812 401 diruptionis
846 350 986 400 partes
1013 349 1305 399 conquassatas
1334 344 1566 399 effregerit3
1602 360 1646 386 os

107 427 204 453 vero
226 413 309 454 tale
331 413 458 468 ipsius
481 412 607 454 medii
648 412 826 467 pectoris
848 427 941 453 cum
969 427 1058 454 osse
1095 410 1250 467 majore
1278 411 1432 453 sinistri
1464 411 1643 462 femoris,

108 479 238 520 moles
273 485 392 521 tanto
422 481 530 521 ictus
558 485 599 520 et
620 479 813 534 ponderis
839 479 881 520 in
903 478 1135 519 minutioris
1170 478 1389 533 redegerat
1421 478 1645 533 particulas

108 547 368 599 quantitatis,
432 547 558 587 Unde
583 546 802 601 languidus
826 551 866 587 et
889 546 1131 600 desperatus
1151 561 1225 600 per
1246 545 1463 586 nonnullos
1484 560 1645 587 menses

108 612 151 652 in
171 613 279 655 lecto
296 613 511 662 decubuit3
538 619 579 654 et
601 613 771 654 tandem
788 613 859 655 vix
875 611 1179 666 aliquantulum
1200 612 1489 654 convalescens
1510 617 1551 652 61
1574 627 1645 652 6Χ-

106 693 289 734 surgens,
312 680 504 722 incurvus
535 686 676 721 tamen
711 695 872 735 semper
905 684 946 720 et
985 679 1181 734 gibbosus
1219 679 1261 720 in
1297 678 1431 729 dorso,
1455 678 1645 720 incedere

107 747 331 797 consuevit,
349 763 497 802 nempe
517 748 677 789 duobus
690 747 848 788 baculis
870 746 945 788 sub
966 746 1157 787 alterutri
1178 746 1318 788 lateris
1338 761 1417 787 axe
1439 745 1644 795 suffultus,

103 827 176 867 per
199 829 354 855 annum
375 814 582 870 integrum
606 820 647 856 et
666 829 826 855 menses
847 829 920 856 sex
953 813 1101 854 misero
1122 813 1246 855 niodo
1274 828 1316 854 se
1337 813 1576 868 protrahere
1598 827 1647 853 ac

107 880 382 932 circumferre,
418 882 576 923 cunctis
618 881 923 923 habitatoribus
964 880 1313 922 Dunelmensibus
1353 879 1646 921 contuentibus

107 952 149 987 et
187 947 520 999 testificantibus,
560 948 695 990 fuerat
731 952 964 989 consuetus.
1035 947 1241 1001 Denique,
1283 962 1335 988 ex
1372 946 1562 988 doctrina
1597 961 1646 987 ac

106 1014 267 1056 traditu
298 1015 565 1065 medicorum,
588 1030 698 1056 nunc
734 1015 958 1069 emplastra
991 1030 1101 1055 nunc
1133 1014 1318 1055 fomenta
1344 1029 1567 1069 apponens,
1604 1018 1645 1054 et

109 1081 292 1135 quotidie
336 1082 523 1138 potiones
564 1081 847 1123 acerbissimas
883 1081 1039 1132 bibens,
1083 1081 1185 1122 nihil
1222 1081 1394 1122 remedii
1436 1081 1646 1135 percipere

106 1153 297 1203 poterat,
346 1150 443 1204 quia
475 1164 568 1191 ossa
604 1148 784 1190 contrita
818 1163 866 1189 ac
903 1148 1126 1203 confracta⁷
1163 1148 1277 1189 nulla
1309 1148 1515 1189 industria
1547 1162 1648 1189 sana

107 1220 148 1256 et
170 1215 312 1267 solida,
336 1222 382 1257 ut
416 1216 529 1271 prius
548 1215 728 1266 fuerant,
752 1214 910 1257 efficere
934 1230 1010 1256 1160
1034 1230 1224 1270 reparare
1246 1215 1512 1269 praevalebat.

168 1283 189 1337 ἓ
212 1285 309 1325 404.
344 1283 480 1338 Igitur
504 1282 626 1324 1feria
649 1288 781 1333 sexta,
804 1281 897 1323 idus
918 1281 948 1322 J
952 1281 1037 1332 ulii,
1061 1297 1182 1323 mane
1206 1282 1331 1323 altius
1354 1281 1643 1330 dilucescente,

105 1354 251 1391 contra
281 1350 391 1404 quod
426 1351 538 1405 prius
570 1355 812 1391 consuetum
846 1349 1008 1398 habuit,
1050 1349 1158 1389 mole
1194 1349 1351 1403 soporis
1386 1348 1647 1403 permaxima

106 1416 307 1472 fatigatus
329 1416 553 1466 decubuit,
589 1416 662 1459 sed
691 1432 767 1458 1160
790 1420 932 1457 tamen
954 1416 1031 1458 sibi
1061 1420 1161 1456 tunc
1192 1415 1383 1466 dormire,
1407 1415 1480 1457 sed
1510 1415 1647 1470 potius

108 1483 413 1537 quodammodo
437 1484 642 1539 vigilasse,
664 1489 712 1525 ut
735 1483 1059 1534 contestabatur,
1082 1482 1305 1538 reputavit.
1378 1483 1459 1535 Qui
1481 1497 1581 1523 mox
1606 1496 1647 1523 66

107 1550 163 1591 ad
183 1551 372 1592 tumbam
394 1551 470 1592 viri
490 1551 570 1592 Dei
594 1550 762 1592 Godrici
785 1551 824 1591 in
849 1549 1048 1591 Finchale
1071 1548 1227 1591 flexum
1247 1549 1421 1604 genibus
1442 1565 1484 1591 se
1506 1547 1648 1604 jacere

109 1618 349 1672 conspexit3
386 1618 568 1672 duosque
592 1618 699 1660 viros
728 1617 1042 1673 gloriosissimos
1074 1617 1170 1658 hinc
1194 1617 1289 1657 inde
1312 1631 1365 1657 ex
1386 1621 1561 1670 utroque
1586 1615 1649 1657 sui

107 1683 236 1725 latere
262 1700 378 1726 secus
409 1686 671 1740 sepulchrum
698 1690 871 1734 stantes,
894 1684 1045 1725 intueri
1077 1684 1319 1739 promeruit.
1382 1682 1451 1724 Ex
1481 1683 1648 1738 regione

106 1751 311 1806 sepulchri
336 1766 431 1794 vero
467 1753 599 1793 altera
632 1752 689 1793 eis
726 1751 927 1806 apposita,
949 1751 1055 1792 Vidit
1080 1751 1302 1805 quemdam
1332 1750 1503 1791 tertium
1535 1755 1647 1791 stan-

109 1822 207 1869 tem,
231 1819 451 1873 vultusque
478 1835 572 1861 suos
599 1819 642 1859 in
673 1818 866 1873 praefatos
887 1818 995 1859 viros
1018 1818 1068 1858 de
1090 1822 1235 1858 contra
1261 1817 1316 1858 ad
1346 1816 1523 1859 invicem
1551 1816 1648 1857 diri-

110 1891 291 1940 gentem,
316 1884 432 1941 cujus
455 1885 775 1941 pulchritudinis
797 1885 922 1926 decus
946 1890 987 1926 et
1009 1884 1267 1926 claritudinis
1289 1889 1463 1933 ceteros,
1485 1884 1581 1925 licet
1604 1888 1645 1924 61

109 1951 168 1994 1111
189 1952 491 2008 praeclarissimi
512 1952 677 2002 fuerint,
701 1967 822 1993 omne
847 1951 1162 2006 superexcessit,
1189 1956 1230 1992 et
1256 1951 1426 1992 domum
1448 1950 1645 1992 Ecclesiae

112 2023 246 2061 totam
260 2019 514 2074 splendidius
522 2019 784 2061 illuminavit,
817 2018 1015 2059 Attolens
1028 2023 1168 2060 autem
1177 2018 1315 2059 oculos
1323 2018 1428 2059 vidit
1445 2017 1646 2058 Sanctum

116 2086 359 2135 Godricum,
382 2087 482 2129 satis
503 2087 580 2128 sibi
600 2086 807 2141 quondam
826 2085 869 2126 in
890 2086 978 2126 vita
995 2085 1108 2140 prius
1130 2084 1355 2140 cognitum,
1380 2090 1542 2127 statura
1559 2084 1646 2138 qui-

115 2153 209 2195 dem
234 2154 414 2209 corporis
437 2153 660 2204 modicum,
684 2168 802 2194 coma
826 2157 1037 2201 canutum,
1061 2151 1201 2193 tunica
1225 2151 1403 2193 candida
1431 2167 1479 2193 ac
1501 2151 1647 2194 villosa

112 2220 318 2269 indutum,
343 2226 384 2262 et
413 2221 560 2262 baculo
591 2221 633 2262 in
661 2235 788 2261 manu
817 2219 955 2260 delato
977 2218 1230 2270 subnixum3
1269 2218 1338 2272 qui
1365 2234 1438 2273 per
1463 2218 1645 2273 singulos

112 2302 253 2328 eorum
261 2287 453 2338 vicissim,
463 2287 578 2342 quasi
593 2287 650 2329 eis
662 2287 983 2337 ministraturus,
994 2285 1246 2341 pertransiit,
1257 2285 1429 2326 accessit
1439 2290 1479 2326 et
1493 2285 1644 2326 iterum

113 2354 249 2404 rediit,
274 2359 316 2395 et
338 2354 471 2396 denuo
496 2354 549 2395 ad
558 2352 758 2409 juvenem
774 2358 1045 2408 aegrotantem
1060 2353 1260 2407 pervenit.
1309 2352 1387 2394 Cui
1408 2357 1576 2393 sanctus
1594 2367 1647 2392 ex

115 2421 247 2462 altera
280 2426 397 2476 parte
429 2421 633 2476 sepulchri
666 2425 779 2462 stans
801 2419 949 2474 seepius
982 2435 1109 2460 manu
1141 2424 1316 2460 nutante
1348 2419 1495 2470 innuit,
1522 2424 1647 2473 atque

114 2488 286 2529 tandem
317 2493 363 2528 ut
393 2493 554 2543 gereret
586 2502 725 2528 curam
757 2485 909 2528 infirmi
939 2486 993 2527 ad
1021 2486 1285 2541 sepulchrum
1308 2501 1428 2527 61111111
1453 2484 1647 2541 jacentis,

117 2554 330 2610 praecepit.
393 2554 560 2596 Exinde
582 2569 678 2596 vero
704 2569 876 2609 semper,
900 2558 946 2594 ut
968 2554 1005 2594 ei
1028 2553 1164 2595 visum
1184 2552 1332 2603 fuerat,
1357 2567 1517 2607 semper
1542 2553 1650 2593 circa

118 2626 390 2676 aegrotantem
424 2621 667 2662 circumibat
702 2621 851 2675 saepius
886 2625 928 2661 et
963 2619 1270 2660 deambulabat.
1334 2619 1517 2660 Elevans
1554 2634 1650 2659 vero

119 2688 266 2729 deinde
298 2688 436 2729 oculos
472 2693 513 2729 et
547 2688 655 2730 circa
686 2688 879 2728 humeros
906 2685 1135 2735 reflectens,
1161 2686 1267 2728 vidit
1300 2685 1507 2739 quandam
1538 2685 1651 2726 velut

120 2755 331 2796 dominam
347 2755 566 2810 gloriosam
583 2755 624 2795 in
640 2754 776 2796 medio
792 2753 989 2795 Ecclesiae
1013 2753 1063 2794 de
1086 2758 1228 2794 contra
1247 2752 1376 2793 altare
1396 2757 1590 2802 stantem,
1610 2757 1652 2793 et

163 2877 172 2895 ¹
196 2876 295 2911 Feria
309 2883 411 2921 serta,
430 2878 499 2910 idus
516 2877 629 2923 Julii]
669 2877 737 2910 &Vc
754 2876 862 2910 hence
878 2876 971 2909 learn
989 2875 1059 2908 that
1080 2874 1146 2907 this
1164 2873 1314 2907 incident
1332 2873 1491 2907 occurred
1510 2874 1543 2907 in
1563 2874 1653 2908 A.D.

119 2925 207 2958 1177
218 2937 226 2965 3
252 2924 301 2957 for
320 2924 390 2956 that
410 2936 488 2969 year
507 2936 573 2957 was
591 2924 647 2957 the
665 2924 737 2957 first
755 2924 840 2958 after
857 2923 913 2956 the
932 2921 1033 2955 death
1051 2922 1088 2955 of
1102 2921 1151 2956 St.
1170 2920 1297 2954 Godric
1316 2921 1350 2953 in
1367 2920 1479 2954 which
1495 2921 1552 2954 the
1573 2921 1654 2955 15111

117 2970 155 3003 of
168 2970 250 3016 July
267 2970 325 3004 fell
344 2982 433 3015 upon
450 2982 469 3004 a
488 2970 624 3016 Friday.

1395 3036 1457 3059 CC
