1839 3186
523 213 582 245 ET
618 214 884 246 MIRAcULis
918 214 953 245 s.
980 213 1200 246 GODRICI.
1541 205 1623 246 269

93 413 181 440 CAP.
204 413 292 440 CXL.
355 414 531 444 QUANTAE
568 413 639 439 VIR
681 413 948 440 HUMILITATls
989 414 1146 450 FUERIT,
1185 416 1233 441 ET
1269 415 1387 446 QUAM
1426 416 1539 442 VILIA
1576 416 1624 441 ET

571 480 742 506 ABJECTA
775 481 825 505 DE
856 482 899 506 SE
930 466 1147 507 SENSERIT.1

149 580 287 632 §255
320 581 674 621 PRAECIPIENTIBUS
708 578 859 619 domno
890 579 1147 620 2JEdelredo
1182 580 1333 621 abbate
1371 579 1621 623 Rievallensi

92 651 133 687 et
167 646 354 688 3Thoma
387 647 520 701 priore
555 646 597 686 in
640 646 864 700 primordio
897 646 951 687 ad
987 646 1122 688 virum
1156 646 1236 687 Dei
1275 647 1482 702 profectus
1515 663 1617 698 sum,

90 713 204 767 quasi
236 713 559 768 investigaturus
583 727 671 766 quae
703 712 753 753 de
784 712 893 754 illius
913 713 1000 754 vita
1030 713 1256 767 scripturus
1287 729 1429 764 essem,
1454 729 1622 769 sperans

91 780 201 832 quod
232 780 383 821 certius
414 779 553 820 omnia
583 784 741 820 secreta
770 779 822 819 ab
844 779 971 834 ipsius
1002 794 1069 820 ore
1100 780 1367 834 perciperem.
1428 780 1501 821 Ad
1533 780 1620 836 ejus

89 845 216 900 igitur
247 846 371 901 pedes
402 846 598 895 residens,
631 850 672 885 et
696 846 816 900 plura
846 850 1082 887 sanctorum
1115 846 1271 888 diutius
1302 847 1492 902 exempla
1528 863 1619 902 pro-

87 927 256 966 ponens,
280 913 381 967 coepi
412 913 470 953 illi
492 912 534 953 in
555 911 697 952 multis
729 912 975 966 persuadere
998 928 1121 966 quam
1153 913 1253 954 utile
1284 912 1389 955 foret
1412 919 1453 955 et
1475 914 1620 956 hones-

87 982 177 1018 tum
210 978 260 1019 de
281 978 370 1020 vita
401 979 528 1033 ipsius
558 978 892 1033 generationibus
922 979 1097 1033 posteris
1126 979 1302 1020 formam
1326 981 1493 1022 virtutis
1524 980 1621 1022 scri—

85 1043 220 1085 bendo
242 1045 510 1094 contradere3
544 1044 763 1086 novissime
788 1060 884 1086 vero
906 1050 998 1099 post
1020 1045 1158 1086 omnia
1182 1046 1283 1101 coepi
1315 1047 1372 1087 illi
1401 1047 1618 1089 manifeste

87 1110 298 1161 disserere,
335 1111 432 1165 quia
467 1111 500 1152 si
533 1115 745 1161 annueret,
786 1126 833 1151 eo
874 1111 1060 1161 docente,
1095 1127 1161 1152 me
1187 1112 1317 1153 vitam
1355 1113 1483 1168 ipsius
1513 1114 1617 1155 velle

87 1177 355 1218 conscribere.
413 1176 647 1219 40011ticuit
669 1177 795 1232 igitur
818 1177 899 1227 ille,
923 1182 1048 1231 atque
1069 1178 1191 1233 paulo
1213 1178 1374 1233 longius
1394 1179 1432 1220 in
1459 1194 1526 1221 me
1547 1195 1620 1222 ora

87 1245 320 1292 convertit3
363 1244 532 1285 tandem
565 1244 622 1285 sic
653 1258 781 1290 orsus,
814 1244 884 1294 ait,
924 1244 1035 1285 “Sic
1065 1249 1107 1285 et
1138 1245 1322 1287 facturus
1355 1246 1445 1297 eris,
1478 1251 1619 1287 tamen

87 1310 165 1350 hoc
204 1325 282 1351 non
326 1310 405 1351 isto
446 1315 631 1365 tempore
675 1310 972 1364 consequeris.”
1053 1311 1278 1352 Insistente
1319 1327 1401 1362 me,
1443 1318 1484 1354 et
1527 1328 1619 1367 quae

87 1376 262 1417 scribere
297 1392 457 1432 possem
496 1376 693 1418 curiosius
733 1377 1007 1432 perquirente,
1045 1378 1167 1433 coepit
1209 1378 1276 1419 ille
1317 1380 1538 1434 protestari
1577 1385 1619 1421 et

89 1442 236 1493 dicere,
265 1443 453 1484 “Vitam
478 1442 635 1484 conaris
657 1444 792 1498 spurci
816 1443 985 1485 Godrici
1007 1444 1272 1496 conscribere,
1300 1460 1421 1499 quam
1459 1446 1619 1500 procul-

88 1508 213 1550 dubio
244 1510 371 1551 talem
401 1510 563 1551 noveris
594 1524 694 1552 esse.
766 1509 969 1552 Godricus
1000 1510 1178 1552 rusticus
1209 1516 1286 1562 est,
1309 1512 1468 1560 obesus,
1492 1512 1612 1553 forni-

86 1580 213 1626 cator,
236 1576 411 1627 adulter,
437 1591 619 1618 coenosus
640 1581 681 1617 et
702 1576 939 1618 immundus
958 1594 968 1626 3
1002 1577 1089 1632 ipse
1112 1577 1153 1618 in
1176 1583 1363 1619 mereatu
1384 1579 1615 1630 foenerator,

85 1641 274 1684 falsarius
294 1648 335 1684 et
354 1643 549 1698 deceptor
566 1660 576 1691 3
611 1643 652 1684 in
672 1643 888 1684 vendendo
919 1644 1096 1694 lenosus,
1128 1643 1317 1700 perjurus
1339 1649 1380 1686 et
1400 1645 1611 1693 adulatorz,

86 1707 128 1749 in
158 1709 341 1763 pecuniae
372 1709 484 1750 lucro
519 1709 763 1760 discurrens,
788 1724 932 1765 vagus,
969 1711 1161 1765 petulans
1191 1716 1233 1751 et
1264 1711 1458 1766 gulosus,
1492 1712 1615 1752 modo

87 1775 213 1829 pulex
243 1781 444 1825 mortuus,
470 1775 581 1817 canis
611 1776 757 1817 foetens
779 1780 819 1817 et
841 1776 1044 1831 putridus,
1067 1777 1314 1819 vermiculus
1334 1778 1427 1819 vilis
1459 1783 1500 1818 et
1524 1778 1616 1819 hor-

86 1841 200 1883 ridus
220 1858 231 1889 3
265 1857 374 1883 nunc
396 1842 610 1891 heremita,
634 1841 706 1883 sed
726 1842 969 1898 hypocritag
1001 1858 1083 1884 non
1105 1843 1323 1895 solitarius,
1348 1844 1420 1885 sed
1444 1844 1486 1885 in
1505 1845 1615 1885 omni

85 1907 350 1949 immunditia
370 1913 508 1949 mente
531 1908 702 1949 diffusus
721 1926 731 1957 3
771 1914 812 1949 et
834 1908 902 1962 qui
924 1909 1116 1964 indignus
1147 1915 1254 1951 esset
1275 1911 1444 1952 alterius
1475 1926 1615 1953 servus

85 1974 297 2024 exsistere,
321 1974 396 2016 sibi
422 1974 605 2015 indebite
633 1975 871 2017 ministrans
899 1975 1081 2029 quotidie
1110 1991 1193 2017 non
1225 1976 1376 2017 desinit
1398 1977 1613 2019 verberare

85 2045 125 2080 et
150 2040 308 2095 probris
340 2041 614 2082 convitiorum
648 2041 852 2083 lacessire.
916 2042 1001 2083 Hic
1037 2042 1220 2093 devorat,
1246 2043 1429 2098 dissipat,
1457 2048 1497 2085 et
1520 2059 1614 2084 con-

85 2107 231 2158 culcat,
257 2112 298 2148 et
320 2107 496 2149 destruit
525 2108 698 2148 aliorum
729 2108 1035 2164 eleemosynas3
1069 2109 1248 2163 gulosus,
1279 2109 1488 2165 prodigus,
1516 2110 1615 2151 deli-

84 2172 240 2213 ciarum
270 2174 519 2222 fastidiosus,
543 2174 756 2229 epularum
787 2174 905 2229 copia
925 2175 1107 2224 farcitus,
1130 2190 1291 2230 semper
1313 2192 1365 2217 ex
1387 2177 1614 2231 cupiditate

83 2238 362 2281 insaturabilis
390 2245 436 2281 ut
458 2240 639 2281 infernus
658 2257 668 2288 3
703 2240 788 2295 ipse
815 2246 982 2295 torpens
1003 2246 1044 2282 et
1065 2242 1288 2297 negligens,
1323 2248 1444 2284 nocte
1467 2243 1613 2297 dieque

84 2305 240 2346 otiosus
275 2311 316 2347 et
335 2311 523 2356 stertens,
552 2307 696 2348 laudes
726 2307 939 2347 hominum
972 2323 1176 2361 quaerens,
1198 2309 1328 2350 vitam
1358 2309 1612 2351 luxuriosam

85 2371 252 2421 ducens,
286 2372 445 2414 cunctis
475 2373 640 2414 nomine
667 2378 708 2414 et
729 2388 850 2428 opere
885 2374 1113 2416 horrendus
1147 2375 1362 2417 exsistens.
1435 2376 1539 2417 Haec
1571 2381 1612 2417 et

84 2437 147 2478 his
171 2438 307 2479 adhuc
338 2438 554 2489 deteriora,
579 2439 629 2480 de
655 2438 834 2480 Godrico
864 2440 1017 2481 rustico
1049 2441 1191 2491 scribe,
1215 2447 1256 2482 et
1281 2443 1438 2484 cunctis
1458 2448 1612 2483 morta-

83 2504 190 2545 libus
229 2504 279 2545 de
315 2520 381 2546 me
417 2510 660 2556 monstrum,
695 2511 736 2547 et
770 2521 851 2546 non
888 2507 1137 2561 exemplum,
1174 2509 1395 2563 propone.”
1457 2509 1615 2561 Quibus

131 2615 140 2634 ¹
167 2614 242 2647 Nor
260 2615 287 2648 is
305 2615 372 2649 this
390 2616 527 2661 chapter
544 2616 649 2650 found
666 2617 700 2650 in
719 2616 775 2650 the
795 2616 890 2650 Harl.
908 2617 984 2651 MS.

131 2661 143 2679 ²
160 2660 363 2707 AEdelredo]
391 2662 581 2708 Originally
605 2663 738 2697 written
765 2663 985 2696 “AEdelredo
1012 2663 1133 2697 abbate
1151 2670 1184 2697 et
1204 2664 1336 2697 Thema
1364 2664 1473 2710 priore
1490 2664 1531 2706 ;’'
1556 2665 1613 2699 the

83 2706 178 2740 other
192 2707 300 2741 words
313 2720 368 2742 are
382 2709 491 2743 added
509 2709 613 2743 above
631 2709 688 2743 the
705 2709 785 2753 line,
803 2709 863 2743 but
880 2709 926 2754 by
938 2709 995 2742 the
1012 2710 1153 2755 original
1171 2710 1290 2743 scribe.

128 2753 141 2771 ³
164 2753 284 2786 Thoma
301 2755 442 2801 priora]
468 2755 636 2800 Probably
654 2756 711 2789 the
735 2756 825 2801 prior
843 2756 880 2789 of
902 2756 1067 2798 Durham,
1086 2757 1124 2790 of
1136 2757 1209 2790 that
1227 2768 1338 2799 name,
1356 2756 1431 2790 who
1456 2757 1612 2801 presided

83 2810 161 2832 over
178 2799 235 2832 the
252 2808 445 2846 monastery
462 2802 547 2835 from
568 2805 656 2836 1158
674 2808 708 2835 to
728 2805 829 2836 1163.

84 2892 99 2924 I
128 2847 140 2866 ⁴
163 2845 361 2925 qlontifuit]
388 2847 451 2881 See
469 2848 526 2881 the
545 2848 710 2893 Prologue
728 2855 762 2881 to
780 2848 838 2882 the
855 2860 1066 2893 anonymous
1092 2848 1187 2883 Harl.
1204 2849 1338 2892 legend,
1355 2849 1486 2894 printed
1505 2850 1538 2883 in
1556 2850 1614 2883 the

103 2898 177 2925 ntro
204 2898 328 2926 uct10n.
