1839 3186
549 210 608 241 ET
643 209 909 241 MIRACULIS
946 210 980 240 s.
1009 210 1222 242 GODRICI.
1578 199 1657 244 117

119 415 207 440 CAP.
230 413 266 438 L.
331 412 535 442 QUALITER
578 411 709 436 BEATA
752 412 819 436 DEI
870 412 1066 438 GENITRIX
1116 413 1250 438 MARIA
1294 415 1379 439 CUM
1412 415 1543 440 BEATA
1575 416 1655 441 MA-

178 481 249 506 RIA
280 479 537 505 MAGDALENA
568 479 608 503 EI
640 478 883 504 VISlBILITER
919 480 1136 515 APPARUIT,
1179 480 1226 505 ET
1259 481 1298 506 EI
1329 481 1539 507 CANTICUM
1570 483 1655 508 CUM

179 548 339 573 CANTICI
370 546 495 572 IPSIUS
528 545 635 571 MELO
667 530 873 571 EDOCUIT.l

181 650 203 705 ξ
227 651 323 692 109.
357 648 425 689 Sro
443 663 644 704 organum
668 647 847 703 Spiritus
883 647 1026 689 Sancti
1047 648 1288 691 modulatur
1307 665 1380 705 per
1401 649 1535 692 virum
1558 650 1652 700 Dei,

121 721 163 758 et
185 716 295 772 quod
316 716 357 756 in
380 715 603 770 Scripturis
628 720 792 756 resonat
806 720 1044 757 sanctorum
1060 715 1251 770 operibus
1267 716 1525 759 manifestius
1542 732 1654 758 men-

121 784 233 825 tibus
262 783 454 824 humanis
483 782 682 837 praedicat
715 787 756 823 et
788 787 984 824 ostentat.
1048 782 1174 824 Unde
1210 783 1347 837 aliquo
1386 789 1572 839 tempore
1596 784 1654 825 vir

123 850 203 892 Dei
225 850 267 891 in
289 849 542 891 orationibus
563 849 796 904 persistens,
820 856 861 890 et
885 849 1115 891 diutissime
1136 850 1191 891 ad
1219 850 1450 905 spiritualia
1470 851 1655 892 animum

122 917 389 973 suspendens,
427 916 765 970 contemplationi
800 916 1055 971 invigilabat,
1102 922 1143 957 et
1184 917 1262 972 piis
1307 918 1497 972 precibus
1537 933 1657 959 aures

124 984 294 1025 Domini
316 983 477 1038 pulsare
498 997 576 1023 non
605 982 832 1024 desinebat.
904 983 1009 1025 Cum
1040 983 1168 1038 igitur
1197 984 1284 1026 dies
1314 984 1435 1025 solari
1463 985 1655 1039 lampade

125 1050 347 1092 clarissime
383 1054 628 1099 coruscaret,
656 1054 697 1090 et
719 1049 785 1090 ille
807 1050 859 1091 ab
884 1050 1139 1092 orationibus
1171 1066 1308 1092 coram
1339 1051 1459 1093 altari
1493 1051 1656 1092 Sanctae

127 1117 273 1158 Mariae
302 1116 455 1158 Matris
477 1116 658 1167 Domini,
686 1116 853 1157 unicum
876 1116 1031 1157 Filium
1053 1115 1140 1172 ejus
1162 1117 1388 1158 Dominum
1425 1118 1455 1158 J
1460 1134 1573 1160 esum
1596 1118 1656 1159 in-

125 1184 378 1240 terpellaret,
421 1182 641 1238 respiciens
672 1198 834 1224 sursum
870 1183 924 1224 ad
955 1184 1098 1234 altare,
1133 1199 1238 1236 ecce,
1265 1184 1369 1226 vidit
1401 1185 1517 1239 quasi
1553 1185 1659 1226 duas

125 1251 303 1306 virgines
329 1249 457 1306 juxta
486 1255 661 1304 utraque
692 1250 834 1291 altaris
865 1265 1017 1291 cornua
1038 1255 1207 1302 stantes,
1239 1256 1279 1292 et
1318 1267 1405 1293 sese
1428 1252 1657 1293 diutissime

125 1318 181 1359 ad
210 1318 386 1359 invicem
422 1317 700 1372 respicientes.
764 1317 923 1370 Quibus
944 1317 1010 1358 ille
1034 1317 1345 1373 obstupefactus
1366 1318 1593 1370 intremuit,
1618 1324 1658 1359 et

125 1385 392 1427 vehementer
412 1384 633 1433 admirans,
657 1389 774 1425 tanto
809 1384 956 1439 spiritu
979 1385 1120 1439 gaudii
1142 1385 1264 1440 coepit
1289 1401 1361 1441 per
1381 1386 1576 1427 horarum
1598 1386 1659 1426 in-

126 1456 336 1493 crementa
371 1451 530 1507 repleri,
567 1451 677 1504 quod
711 1466 814 1506 pene
853 1451 1064 1492 videretur
1102 1452 1178 1493 sibi
1210 1452 1391 1494 animam
1428 1468 1453 1494 a
1485 1452 1659 1494 terrenis

128 1519 287 1561 exuviis
311 1519 412 1560 velle
450 1518 630 1560 dissolvi.
694 1517 820 1559 Unde
853 1533 951 1559 mox
984 1520 1175 1574 cognovit
1197 1520 1293 1561 talis
1314 1520 1480 1562 visionis
1501 1525 1659 1575 specta-

126 1586 264 1626 culum
285 1601 368 1626 non
400 1585 478 1626 nisi
498 1600 523 1626 a
545 1584 725 1625 Domino
756 1583 855 1640 fieri,
890 1600 983 1626 cum
1016 1586 1157 1640 gaudii
1189 1586 1297 1627 tanti
1333 1587 1526 1629 resolutio
1556 1602 1660 1627 nun-

127 1668 249 1706 quam
271 1652 349 1694 nisi
373 1652 552 1707 Spiritus
587 1651 729 1693 Sancti
754 1652 882 1707 possit
907 1657 980 1693 aut
1002 1652 1130 1694 soleat
1156 1654 1433 1695 consolatione
1455 1653 1659 1709 praestari.

128 1719 300 1760 Resedit
337 1724 477 1760 tamen
506 1718 670 1759 omnino
706 1719 871 1769 tacitus,
907 1734 1109 1773 nusquam
1145 1735 1187 1761 se
1220 1736 1383 1762 movere
1405 1721 1469 1762 vel
1505 1721 1660 1776 erigere

128 1801 280 1833 ausus;
321 1785 469 1840 saepius
503 1786 630 1826 etiam
662 1785 704 1825 in
729 1800 798 1826 eas
819 1786 1030 1826 oculorum
1052 1802 1217 1828 suorum
1250 1787 1380 1828 aciem
1415 1787 1580 1837 direxit,
1619 1792 1659 1828 et

129 1853 374 1907 quandoque
413 1867 480 1893 eas
511 1852 629 1893 vultu
661 1866 811 1892 cernuo
843 1853 1044 1894 exoravit.
1127 1853 1260 1894 Erant
1298 1854 1491 1895 nimirum
1525 1854 1659 1909 specie

128 1919 403 1974 pulcherrima
425 1918 697 1973 splendentes,
724 1924 764 1959 et
786 1919 913 1960 albeis
936 1920 1117 1961 vestibus
1142 1935 1265 1974 supra
1286 1936 1450 1961 omnem
1472 1921 1662 1962 candoris

130 1986 415 2026 claritudinem
447 1985 677 2027 rutilantes.
741 1985 828 2026 Nec
864 1992 1004 2027 tamen
1026 1987 1159 2027 forma
1190 2002 1330 2028 earum
1367 1993 1537 2028 staturae
1569 2003 1660 2042 pro-

131 2068 232 2093 cerae
270 2052 444 2102 exstitit,
472 2052 544 2094 sed
565 2053 695 2093 instar
726 2052 862 2107 potius
892 2053 1122 2107 puellarum
1154 2054 1291 2095 aetatis
1325 2054 1461 2095 adhuc
1492 2060 1657 2103 tenerae,

128 2119 267 2160 vultus
289 2134 430 2160 earum
464 2118 710 2160 admiranda
739 2119 871 2173 specie
900 2119 1069 2161 reluxit.
1133 2120 1314 2161 Sedebat
1345 2121 1485 2175 itaque
1521 2122 1578 2162 sic
1600 2121 1662 2162 vir

130 2185 197 2226 ille
223 2186 386 2227 elevans
412 2201 453 2227 se
482 2200 607 2240 supra
633 2201 687 2236 se,
721 2191 761 2227 et
790 2186 1044 2228 orationibus
1071 2188 1224 2229 crebris
1246 2188 1662 2243 contemplationibus

131 2251 324 2293 melliflue
348 2252 614 2302 intermixtis,
650 2253 816 2307 cupiens
844 2258 931 2294 tam
964 2253 1166 2295 evidentis
1187 2255 1375 2296 miraculi
1397 2255 1569 2306 exitum,
1602 2255 1662 2295 in-

131 2319 336 2374 daginem,
360 2324 432 2360 aut
455 2324 564 2360 certe
588 2325 835 2374 proventum
858 2320 1009 2362 certius
1031 2319 1045 2341 ‘²
1060 2320 1302 2376 intelligere.

179 2445 187 2464 ¹
217 2445 258 2478 In
277 2445 333 2478 the
357 2445 453 2480 Harl.
472 2446 548 2480 MS.
567 2446 704 2492 chapter
723 2447 859 2481 XLIX.

179 2492 192 2511 ‘⁴'
210 2491 435 2539 Intelligere]
465 2492 548 2526 This
574 2493 725 2527 incident
743 2494 771 2527 is
789 2494 867 2528 thus
892 2495 1048 2528 narratcd
1072 2495 1118 2540 by
1136 2495 1193 2528 the
1219 2507 1429 2541 anonymous
1455 2494 1609 2539 abridger
1629 2494 1663 2527 in

131 2537 188 2571 the
216 2538 376 2572 Harleian
402 2540 630 2584 manuscript:
663 2543 683 2560 “
699 2540 764 2573 Die
790 2541 934 2586 quadam
961 2541 1031 2574 sole
1057 2541 1242 2576 clarissime
1276 2548 1485 2584 coruscante,
1512 2553 1588 2574 cum
1616 2542 1664 2574 vir

132 2591 268 2618 sanctus
286 2597 398 2619 coram
416 2586 520 2619 altare
537 2586 742 2620 beatissimae
761 2587 826 2620 Dei
845 2588 1029 2621 Genitricis
1048 2595 1168 2631 oraret,
1185 2589 1369 2634 respiciens
1387 2588 1428 2621 ad
1447 2588 1560 2631 altare,
1581 2587 1664 2621 vidit

132 2631 215 2664 duas
234 2631 389 2676 virgines,
410 2644 477 2665 non
503 2644 658 2678 proceras
677 2634 812 2678 quidem
831 2641 969 2678 statura,
990 2635 1049 2668 sed
1076 2636 1170 2680 quasi
1187 2642 1318 2668 teneras
1345 2641 1458 2676 aetate,
1477 2640 1604 2667 stantes
1622 2634 1664 2667 ad

132 2677 198 2710 duo
216 2690 340 2711 cornua
357 2679 463 2723 ipsius
481 2680 606 2713 altaris.
657 2680 739 2713 Erat
756 2687 869 2714 autem
889 2681 1018 2726 species
1036 2682 1274 2727 pulcherrima,
1294 2688 1326 2714 et
1347 2688 1456 2714 vestes
1470 2681 1568 2713 niveo
1587 2693 1665 2714 can—

134 2724 213 2757 dore
239 2724 465 2769 splendentes,
493 2732 526 2759 et
551 2726 633 2771 ipsae
660 2738 695 2759 se
721 2727 865 2760 invicem
893 2728 1174 2773 contemplantes.
1240 2728 1408 2761 Godricus
1438 2727 1607 2760 admirans
1634 2734 1667 2761 et

134 2770 345 2815 stupefactus
371 2772 557 2815 intremuit,
577 2778 610 2805 et
627 2785 708 2806 mox
732 2780 826 2807 tanto
844 2774 993 2820 repletus
1015 2781 1063 2808 est
1081 2775 1205 2819 gaudio
1224 2781 1258 2807 ut
1278 2786 1362 2820 pene
1380 2774 1444 2807 sibi
1464 2773 1632 2808 videretur
1649 2787 1669 2807 a

136 2822 267 2850 terreno
286 2819 433 2863 corporis
451 2819 598 2864 pondere
616 2819 790 2853 liberatus.
841 2821 963 2854 Tacuit
981 2828 1093 2854 tamen
1113 2828 1145 2854 et
1163 2821 1261 2863 sedit,
1280 2820 1369 2865 quod
1387 2832 1422 2853 se
1440 2832 1505 2853 non
1524 2821 1669 2855 audebat

135 2863 341 2943 e1·ig{)cre„vel
368 2877 526 2907 movere3
553 2867 676 2912 saepius
704 2868 737 2900 in
764 2879 820 2901 cas
843 2868 959 2903 oculos
989 2868 1216 2911 convertebat,
1241 2874 1273 2901 et
1299 2867 1499 2912 quandoque
1525 2879 1669 2902 cernuus

137 2921 194 2942 ora
219 2916 263 2943 at.
