1839 3186
165 175 218 220 74
678 183 908 216 LIBELLUs
944 183 1008 215 DE
1045 184 1161 216 vrTssA

164 420 250 445 CAP.
284 421 400 445 XXVI·
463 419 665 449 QUALITER
699 419 854 445 RUSTICI
890 421 931 445 EI
966 420 1226 455 INVIDENTES,
1265 420 1432 445 TERRAM
1468 417 1585 448 QUAM
1633 417 1694 442 SE-

222 487 397 522 RUERAT,
436 487 647 512 RADICITUS
683 487 993 520 DEPASCEBANT,
1042 488 1113 512 SED
1148 487 1351 513 AUTUMNO
1387 485 1524 521 FACTO,
1557 484 1695 510 GRANA

223 554 393 580 UBERIUS
428 554 603 579 MATURA
636 538 999 580 RESPIRAVERANT.1

222 651 331 704 §62
367 652 603 694 2ΗΗΜΑΜΕ
640 658 780 694 tamen
816 654 974 695 notitiae
1011 653 1215 696 consortia
1253 668 1324 696 seu
1358 652 1549 707 alloquia,
1581 651 1695 693 velut

163 724 323 774 pestem
363 720 668 774 nequissimam,
710 720 1024 775 subterfugiens,
1069 720 1338 769 exhorrebat3
1393 720 1488 774 quia
1521 733 1693 773 semper,

165 786 351 839 quamvis
381 786 548 837 frustra,
586 787 773 828 homines
800 787 928 827 latere
961 786 1166 842 cupiebat.
1229 786 1291 828 At
1323 794 1463 828 tamen
1492 785 1694 840 paulatim

163 851 250 907 ejus
282 853 394 894 fama
417 853 661 908 percrebuit,
693 868 816 907 quam
845 853 982 908 opinio
1010 853 1245 895 sanctitatis
1271 853 1379 894 illius
1406 853 1530 894 latius
1562 851 1694 893 divul-

162 919 299 972 gando
339 919 544 974 dispersit.
636 919 832 961 Clanculo
872 935 943 961 seu
979 919 1122 961 furtim
1163 920 1205 961 in
1247 935 1341 961 eum
1381 919 1605 969 irruebant,
1649 923 1690 959 et

157 983 333 1040 juvenes
361 1001 432 1027 seu
463 986 641 1042 virgines
672 1002 766 1027 cum
800 986 1024 1028 senioribus
1059 987 1095 1028 ei
1123 987 1315 1042 perplura
1346 986 1516 1027 donaria
1538 985 1692 1025 defere-

164 1051 294 1100 bant;
347 1068 436 1107 quae
473 1053 611 1094 omnia
660 1054 721 1095 vel
757 1053 901 1094 statim
945 1054 1082 1108 egenis
1118 1058 1159 1094 et
1201 1053 1449 1108 pauperibus
1481 1052 1692 1106 erogabat,

165 1133 235 1160 seu
281 1119 461 1161 Domino
506 1120 808 1170 commendata,
848 1119 920 1160 ubi
958 1120 1011 1160 ab
1047 1119 1314 1161 offerentibus
1345 1124 1461 1161 erant
1496 1118 1692 1173 reposita,

165 1184 393 1237 deserebat,
424 1186 518 1241 quia
546 1202 593 1228 ea
622 1201 786 1241 prorsus
808 1186 1046 1242 contingere
1075 1187 1140 1228 vel
1161 1186 1203 1227 in
1225 1186 1308 1228 suis
1327 1186 1469 1228 usibus
1489 1199 1695 1227 assumere

163 1266 245 1292 non
268 1253 452 1295 curabat.
515 1253 701 1294 Tandem
724 1268 818 1294 cum
849 1252 946 1295 vitae
971 1252 1174 1308 indigeret
1195 1252 1413 1302 alimoniis,
1438 1251 1559 1307 coepit
1581 1250 1596 1272 ³
1611 1256 1692 1292 ter-

163 1333 253 1359 ram
290 1320 489 1371 excolere,
522 1335 601 1374 quo
640 1319 797 1361 victum
830 1319 907 1361 sibi
934 1320 1188 1374 perquireret
1216 1335 1268 1360 ex
1293 1320 1441 1361 sudore
1461 1318 1615 1374 proprii
1636 1318 1695 1359 la-

160 1385 297 1437 boris3
319 1401 402 1426 non
423 1387 531 1427 enim
552 1387 716 1428 volebat
739 1386 789 1427 de
814 1386 954 1441 stipite
976 1387 1110 1427 aliena
1133 1386 1264 1428 vitam
1284 1401 1507 1441 pauperem
1530 1385 1694 1434 ducere,

164 1452 236 1492 sed
278 1452 328 1493 de
364 1468 436 1494 suo
471 1454 608 1508 potius
646 1453 784 1494 labore
825 1452 1032 1494 alimoniae
1063 1453 1292 1494 necessaria
1332 1452 1408 1494 sibi
1448 1451 1694 1507 perquirere.

167 1517 204 1558 F
207 1519 349 1561 odiens
371 1535 467 1575 ergo
503 1525 656 1561 terram
678 1520 782 1561 sevit
805 1534 908 1569 eam,
937 1524 978 1560 et
999 1519 1167 1560 hortum
1198 1519 1296 1560 fecit
1318 1519 1548 1574 copiosum,
1586 1517 1696 1571 quod

163 1585 352 1628 videntes
379 1586 535 1637 rustici,
566 1587 634 1641 qui
661 1586 703 1626 in
732 1585 920 1641 proximo
954 1585 1216 1635 habitabant,
1247 1586 1439 1626 dentibus
1462 1585 1694 1626 fremebant

163 1651 206 1692 in
234 1668 341 1702 eum,
371 1653 466 1707 quia
498 1653 540 1694 in
567 1653 710 1694 multis
737 1668 810 1707 pro
841 1650 928 1708 ejus
958 1652 1079 1693 nimis
1112 1652 1248 1693 vicina
1274 1651 1580 1693 cohabitatione
1602 1665 1694 1705 pas—

163 1723 271 1759 turae
295 1720 510 1774 penuriam
543 1725 687 1760 contra
715 1734 870 1759 morem
903 1718 1070 1760 solitum
1108 1718 1379 1760 sustinebant.
1452 1718 1586 1759 Locus
1608 1717 1694 1771 qui-

165 1785 259 1826 dem
298 1786 384 1841 ipse
406 1801 527 1840 quem
562 1786 802 1836 incoluerat,
832 1785 1041 1839 quondam
1069 1785 1297 1826 eommunis
1331 1785 1580 1826 rusticorum
1600 1798 1692 1839 pas-

163 1856 258 1892 tura
287 1853 518 1894 exstiterat.
580 1852 706 1893 Unde
741 1851 945 1906 indignati
976 1851 1117 1892 rustici
1149 1866 1313 1892 omnem
1348 1866 1472 1905 quam
1503 1855 1695 1906 poterant

164 1918 201 1959 ei
225 1919 457 1960 molestiam
496 1919 739 1968 inferebant,
769 1919 865 1973 quia
896 1933 990 1958 eum
1019 1918 1069 1959 de
1097 1918 1185 1958 loeo
1224 1933 1384 1972 pascuae
1417 1933 1557 1958 eorum
1591 1932 1694 1958 ausu

164 1986 383 2026 temerario
418 1986 622 2040 expellere
649 1990 961 2040 proposuerant.
1027 1984 1162 2038 Igitur
1191 1984 1290 2024 dum
1311 1999 1441 2039 grana
1467 1999 1556 2037 quae
1583 1999 1689 2024 seru-

165 2056 266 2102 erat,
299 2049 410 2094 circa
449 2052 602 2093 festum
633 2051 648 2073 4
667 2050 811 2092 Sancti
850 2050 881 2090 J
885 2050 1058 2091 ohannis
1089 2050 1293 2105 Baptistae
1332 2050 1477 2091 culmis
1512 2049 1695 2091 viridan-

164 2203 351 2236 resurgens,
369 2192 454 2226 nihil
472 2194 513 2227 de
531 2194 598 2228 illis
615 2207 750 2240 prorsus
772 2195 911 2228 invenit.
963 2193 1065 2228 Unde
1081 2194 1228 2239 gavisus,
1244 2193 1451 2227 intellexerit
1477 2192 1567 2237 quod
1592 2191 1694 2225 sacri-

164 2238 279 2271 ficium
298 2238 381 2272 illud
400 2239 473 2273 Deo
495 2241 616 2274 fuisset
633 2248 821 2286 acceptum.
869 2241 924 2274 Sic
950 2247 1064 2274 autem
1083 2241 1113 2274 ei
1138 2240 1353 2286 postmodun]
1374 2240 1496 2284 saepius
1523 2239 1695 2282 continge-

163 2284 232 2318 bat.
269 2285 438 2318 Paulatim
452 2288 525 2330 ejus
542 2288 632 2320 fama
648 2288 851 2333 percrebuit,
869 2293 900 2320 et
918 2287 1018 2320 multi
1037 2287 1211 2332 utriusque
1229 2298 1332 2320 sexus
1346 2287 1500 2320 homines
1514 2285 1544 2318 ei
1559 2284 1696 2318 donaria

161 2332 422 2375 praesentabant.
473 2333 534 2366 Ille
549 2346 626 2367 vero
643 2335 757 2367 statim
776 2334 827 2367 vel
846 2334 993 2378 erogavit
1010 2345 1048 2366 ea
1061 2333 1276 2379 pauperibus,
1296 2333 1347 2366 vel
1365 2345 1425 2366 suo
1438 2343 1531 2365 more
1549 2331 1696 2364 Domino

163 2378 433 2419 commendabat,
452 2380 531 2424 quia
548 2380 582 2413 in
601 2392 679 2414 suos
698 2392 778 2414 usus
796 2380 925 2425 aliquid
942 2391 985 2413 ex
1004 2380 1070 2413 illis
1089 2392 1259 2413 assumere
1284 2391 1351 2413 non
1370 2378 1539 2413 volebat.”
1583 2378 1695 2411 Anon.

166 2423 262 2457 Harl.
282 2424 430 2468 Legend.

214 2471 222 2490 ¹
252 2470 292 2503 In
310 2470 367 2503 the
387 2471 482 2505 Harl.
502 2472 577 2505 MS.
597 2472 734 2517 chapter
753 2473 914 2506 XXVII.

210 2517 222 2535 ²
242 2516 402 2550 Humanae
420 2524 526 2551 tamen
544 2518 698 2564 notitia]
728 2519 887 2552 Humana
905 2531 981 2552 cum
1001 2519 1131 2562 notitia,
1152 2519 1199 2552 H.

210 2563 222 2582 ³
245 2563 380 2596 Terram
409 2564 583 2610 excolere]
624 2565 664 2597 In
691 2565 759 2598 like
792 2577 931 2598 manner
958 2577 1006 2598 we
1037 2565 1115 2598 read
1146 2566 1183 2598 of
1211 2565 1351 2598 another
1384 2564 1495 2597 saint:
1531 2563 1695 2596 “Beatus

163 2609 563 2644 ,Iohannes—insistebat
591 2611 815 2655 agriculturae,
839 2623 915 2655 quae
944 2611 1015 2644 sola
1044 2612 1113 2644 fere
1142 2612 1265 2644 artium
1293 2610 1442 2644 exerceri
1464 2610 1552 2643 valet
1569 2609 1696 2654 absque

164 2656 314 2689 criminis
340 2656 426 2690 labe.
477 2657 577 2699 Quod
600 2669 683 2702 opus
710 2669 776 2689 non
803 2657 961 2701 egestatis
983 2658 1185 2691 necessitate
1213 2663 1363 2700 coactus,
1388 2655 1589 2698 sectabatur,
1610 2656 1696 2698 (erat

165 2702 289 2747 quippe
317 2703 366 2736 vir
394 2703 518 2737 nobihs
546 2710 577 2737 et
606 2715 803 2747 magnarum
833 2703 1085 2748 possessionum
1117 2703 1292 2736 abundans
1320 2702 1536 2744 1·edditibus‚)
1567 2701 1626 2735 sed
1655 2713 1697 2734 ne

163 2753 298 2793 torpens
328 2749 397 2782 otio
427 2750 585 2794 indignus
613 2749 793 2783 haberetur
819 2750 909 2782 victu
933 2755 966 2782 et
985 2750 1108 2783 vestitu
1127 2749 1358 2794 quotidiano.’⁷
1386 2749 1474 2781 Acta
1492 2747 1635 2782 SS.J111.
1653 2748 1697 2780 vi.

165 2796 243 2828 226.
294 2795 442 2829 Vineent
460 2796 500 2829 de
520 2796 700 2837 Beauvais,
719 2796 753 2828 in
769 2795 823 2829 his
841 2795 1021 2840 Speculum
1043 2795 1219 2839 Naturale,
1239 2796 1280 2829 vi.
1300 2797 1344 2828 42
1362 2795 1427 2827 and
1445 2797 1501 2837 43,
1527 2794 1593 2827 and
1611 2806 1646 2827 x.
1664 2796 1695 2837 2,

164 2840 223 2873 lias
242 2841 406 2874 collected
424 2842 551 2875 several
566 2854 721 2887 passages
740 2842 773 2875 in
792 2842 901 2875 which
917 2842 973 2875 the
992 2842 1137 2887 practice
1151 2842 1188 2875 of
1201 2841 1404 2886 agriculture
1422 2842 1450 2874 is
1463 2839 1696 2874 commended.

211 2888 221 2905 ⁴
241 2887 354 2921 Sancti
371 2888 532 2922 Jolzamzis
553 2888 739 2934 Raptistan]
770 2891 813 2922 24.
831 2888 931 2921 June.
