1839 3186
576 239 635 271 ET
666 238 930 271 MIRAOULIS
963 238 998 270 s.
1024 238 1239 271 GODRICI.
1584 229 1667 270 213

140 344 254 387 ticuli
300 348 388 385 erat
424 342 613 398 quaedam
654 342 845 383 deorsum
876 339 1060 382 defluens
1094 341 1288 395 spelunca
1326 342 1532 396 profundi,
1558 342 1667 396 quod

140 411 291 452 idcirco
325 411 382 451 sic
419 409 662 463 comparuit,
683 409 779 462 quia
811 423 894 462 prae
923 408 1035 449 senio
1057 407 1112 448 ibi
1142 408 1333 449 carnibus
1367 410 1513 458 exesis,
1550 409 1667 463 pellis

138 478 224 519 sola
245 477 347 517 nihil
367 476 686 517 intermediante
707 474 865 516 ossibus
883 474 978 515 solis
1002 472 1256 514 confidenter
1276 474 1453 515 inhaesit.
1507 475 1668 515 Venter

137 541 224 598 ejus
245 542 544 597 aliquantulum
571 542 726 595 reliquo
754 540 913 595 corpori
944 540 1236 590 conveniendo,
1268 555 1343 581 nec
1367 540 1586 581 altitudine
1609 541 1668 581 in-

137 609 303 659 tumuit,
327 609 423 663 quia
446 623 533 663 prae
554 607 682 648 nimia
703 622 862 661 semper
885 607 1139 647 abstinentia
1162 611 1393 658 exaruerat,
1417 622 1549 661 neque
1583 607 1667 648 dis-

137 676 321 716 tentione
343 675 429 716 lata
453 689 495 716 se
517 673 771 715 dimetiendo
806 672 1006 728 profudit,
1040 673 1135 727 quia
1161 673 1417 728 corpulentia
1441 672 1528 728 ejus
1548 678 1669 714 tanta

136 757 217 782 non
240 741 473 791 exstiterat,
496 740 568 782 sed
588 756 639 782 ne
652 754 834 794 unquam
851 738 1017 794 quidem
1033 739 1201 794 crapula
1221 739 1336 780 illum
1353 739 1665 790 refocillaverat,

136 823 211 849 nec
231 808 287 849 sic
311 813 452 849 tamen
474 806 688 856 emarcuit,
724 806 795 847 sed
823 806 955 861 magis
977 805 1148 847 artubus
1177 805 1323 847 ceteris
1358 806 1668 861 complanabilis

138 875 315 916 exstitit.
386 874 516 914 Tibiae
543 873 653 914 illius
673 872 919 926 quantitatis
937 872 1122 923 modicae,
1146 887 1282 926 genua
1299 887 1395 913 vcro
1417 872 1525 913 illius
1546 872 1668 927 plena

137 941 322 990 mollitie,
338 940 380 980 in
400 939 624 994 primordio
642 954 737 980 vero
759 937 846 994 ejus
868 938 1189 979 conversationis
1209 953 1282 993 per
1303 939 1481 979 multum
1503 944 1668 993 tempus

138 1007 327 1061 quaedam
357 1006 531 1061 gibbosa
563 1005 764 1055 extensio,
798 1005 839 1045 in
870 1005 1041 1045 modum
1070 1005 1162 1045 calli
1188 1020 1310 1058 quem
1341 1005 1485 1046 cameli
1515 1006 1667 1046 habere

137 1073 419 1122 dinoscuntur,
463 1072 505 1112 in
547 1086 728 1126 genuum
769 1071 1008 1112 summitate
1050 1076 1301 1121 excreverat,
1346 1086 1467 1124 quein
1502 1072 1669 1112 assidua

137 1139 369 1180 orationum
408 1138 624 1193 prolixitas
653 1142 972 1192 procreaverat3
1010 1137 1079 1191 qui
1119 1137 1223 1178 adeo
1257 1137 1423 1191 quidem
1459 1138 1667 1192 quondam

136 1205 336 1254 induruit,
366 1209 413 1246 ut
432 1205 545 1246 velut
583 1205 727 1259 planta
759 1204 876 1258 pedis
910 1202 1134 1259 obrigendo
1167 1203 1210 1244 in
1234 1218 1275 1244 se
1311 1219 1413 1258 pene
1449 1204 1666 1246 coaruerit.

138 1272 273 1313 Pedes
314 1270 401 1327 ejus
443 1270 608 1321 modici,
651 1270 724 1312 sed
763 1270 1066 1324 aliquantulum
1102 1269 1273 1311 aduncis
1305 1271 1458 1324 plantis
1493 1270 1664 1320 incurvi,

137 1338 254 1394 pellis
274 1353 370 1380 vero
401 1337 638 1392 asperrima,
677 1337 773 1391 quia
801 1336 1032 1390 ¹nunquam
1064 1334 1238 1391 alicujus
1260 1337 1421 1390 generis
1444 1337 1548 1392 pelle
1573 1353 1666 1378 con-

137 1410 274 1453 tecta;
300 1420 388 1459 quae
402 1409 543 1445 tamen
560 1403 698 1445 omnia
718 1403 759 1444 in
782 1403 1005 1444 senectutis
1026 1403 1133 1443 illius
1151 1402 1438 1454 diuturnitate,
1457 1404 1667 1457 quandam

136 1471 351 1512 mollitiem
382 1470 601 1512 effecerant
625 1469 838 1510 tenerioris
866 1469 1064 1519 infantiae,
1102 1484 1178 1509 nec
1212 1468 1429 1510 Qeontaetu
1460 1470 1667 1525 palpantis

137 1538 254 1593 pellis
274 1537 383 1579 illius
415 1542 507 1578 tota
531 1535 764 1590 superficies
788 1536 901 1577 aliud
930 1535 1119 1576 exhibuit
1148 1550 1271 1590 quam
1293 1536 1409 1590 pueri
1443 1537 1664 1591 septennis,

137 1603 254 1660 cujus
285 1619 378 1644 caro
411 1607 502 1644 tota
536 1618 619 1657 prae
655 1602 827 1643 mollitie
862 1602 990 1643 nimia
1020 1617 1167 1643 manus
1199 1602 1476 1657 contingentis
1508 1603 1652 1657 effugit

140 1671 294 1712 Manus
315 1674 456 1711 autem
489 1668 577 1725 ejus
607 1669 737 1724 plenae
760 1674 800 1710 et
817 1667 1004 1724 jocunda
1024 1668 1349 1709 consideratione
1382 1669 1629 1724 planissima}
1651 1688 1661 1718 ς

137 1737 257 1792 digiti
284 1751 378 1778 vero
401 1736 510 1777 illius
530 1735 710 1790 protensi
742 1740 783 1776 et
818 1740 983 1784 teretes,
1016 1735 1162 1789 palmae
1194 1735 1320 1775 etiam
1351 1735 1445 1776 latae
1477 1742 1518 1776 et
1553 1736 1667 1777 molli

137 1808 331 1845 contactu
362 1816 575 1857 consperse
608 1801 879 1851 subsilientes,
912 1816 1086 1855 quarum
1118 1801 1233 1842 nervi
1262 1801 1326 1841 vel
1354 1817 1551 1843 venarum
1589 1803 1667 1857 pli-

137 1875 278 1911 cantes
298 1869 440 1910 noduli
476 1868 530 1909 ad
555 1867 772 1923 cujuslibet
799 1867 976 1922 regionis
996 1865 1195 1908 inflexum
1218 1872 1335 1908 erant
1371 1868 1667 1922 subsequenter

136 1936 267 1986 liberi,
313 1940 436 1989 atque
479 1934 533 1975 ad
575 1933 753 1975 reflexus
795 1934 975 1988 singulos
1018 1933 1257 1974 ordinanter
1304 1935 1662 1988 praestantissimi3

135 2018 241 2044 unus
265 2007 405 2043 tamen
433 2001 673 2055 digitorum,
708 2001 777 2055 qui
799 1999 1057 2041 Auricularis
1079 1999 1240 2050 dicitur,
1276 2015 1349 2055 pro
1383 2015 1517 2051 causa,
1542 2016 1665 2054 quam

136 2069 282 2124 ³supra
304 2067 604 2122 descripsimus,
628 2067 682 2108 ad
703 2072 863 2108 arctum
886 2066 1032 2121 palmae
1063 2066 1265 2107 inferioris
1286 2081 1487 2121 procurvo
1509 2066 1665 2108 reflexu

137 2135 338 2190 pendulus
380 2134 602 2175 ferebatur.
671 2133 780 2174 Haec
819 2133 869 2174 de
903 2138 1016 2174 statu
1050 2130 1137 2187 ejus
1175 2138 1216 2173 et
1249 2133 1381 2173 forma
1407 2133 1666 2188 descripsisse

136 2201 322 2251 sufficiat,
352 2216 403 2241 ne
437 2200 543 2241 forte
575 2200 721 2254 aliquis
762 2200 950 2255 scriptori
986 2214 1059 2254 pro
1097 2198 1332 2254 hujusmodi
1368 2199 1667 2241 intermissione

134 2268 332 2309 molestus
353 2267 520 2307 existat.

277 2377 282 2394 ¹
308 2374 514 2421 Nunquam]
542 2375 604 2408 Sec
622 2375 660 2420 Q
680 2378 734 2417 42,
755 2378 810 2409 88.

275 2423 287 2441 ²
309 2420 501 2466 Contactu]
531 2421 709 2455 Contactui
728 2420 778 2468 [ἶ]
1158 2422 1169 2440 ³
1187 2420 1322 2469 Supra]
1350 2422 1411 2455 Sec
1432 2422 1448 2467 ξ
1469 2425 1546 2457 191.
