1839 3186
509 229 568 259 ET
604 227 872 260 MIRACULIS
908 226 945 258 S.
978 227 1194 258 GODRICI.
1535 220 1615 258 155

89 335 209 390 coepit
229 351 239 383 ;
274 339 315 375 et
337 335 473 388 imago
494 334 621 388 ipsius
641 334 790 388 lignea,
819 347 907 387 quae
930 332 967 373 ei
999 336 1088 373 erat
1110 332 1236 373 clavis
1254 331 1392 382 affixa,
1430 331 1618 373 similiter

89 401 202 454 quasi
224 400 380 442 viveret
406 415 449 441 se
482 399 729 455 subrigendo
766 399 962 440 excussit.
1024 398 1269 440 Conticuere
1293 398 1419 452 igitur
1442 398 1618 452 utrique,

91 472 132 508 et
155 466 353 508 intentius
373 466 427 506 ad
447 471 536 507 tam
558 465 784 522 prodigiale
805 464 1052 521 mysterium
1088 480 1161 506 ora
1193 464 1500 517 convertebant,
1524 466 1621 518 quia

90 533 239 574 certius
260 533 356 574 talis
376 533 480 587 signi
502 532 661 573 exitum
689 532 898 573 dinoscere
921 531 1156 586 cupiebant.
1220 531 1362 571 Tertio
1382 530 1557 584 denique
1577 547 1620 573 se

89 614 257 640 movens
281 614 374 640 cum
397 604 487 639 tota
513 598 691 653 imagine
713 613 787 640 sua
808 598 858 638 de
882 597 983 652 ligni
1005 598 1217 648 foramine,
1244 597 1286 638 in
1311 612 1389 650 quo
1412 596 1620 639 confixum

89 665 236 715 fuerat,
269 680 311 706 se
342 680 503 706 sursum
540 664 735 719 erigendo
774 679 898 719 supra
933 664 1091 718 lignum
1130 664 1234 705 illud
1268 663 1482 718 paululum
1526 679 1620 704 con-

89 731 260 772 tinendo
283 731 572 780 sustentabat;
608 730 755 772 deinde
786 745 907 786 super
929 730 1077 771 Altare
1114 730 1282 772 inferius
1311 729 1537 779 descendit,
1576 735 1619 771 et

89 797 242 838 ibidem
266 797 567 851 aliquantulum
600 797 798 839 constitit.
861 796 991 838 1Post
1022 797 1114 838 haec
1138 796 1277 838 omnia
1310 796 1364 836 ad
1397 797 1619 837 australem

91 863 290 905 Ecclesiae
327 864 528 919 parietem
554 878 596 905 se
625 864 778 918 adegit,
817 868 857 904 et
882 863 938 904 ibi
975 863 1213 917 aliquandiu
1246 862 1464 912 cohaerens,
1500 878 1622 918 super

91 930 375 984 pavimentum
403 929 599 971 Ecclesiae
634 930 843 984 lapideum
865 945 1003 970 coram
1025 929 1164 971 Altari
1186 944 1227 970 se
1249 929 1453 983 deposuit,
1477 934 1517 970 et
1539 929 1622 970 illic

92 1011 250 1036 moram
274 996 453 1049 aliquam
487 996 671 1050 peregit;
707 996 855 1036 dehinc
888 996 942 1036 ad
977 995 1130 1051 gradus
1162 995 1372 1037 inferiores
1394 995 1620 1047 descendit,

92 1066 133 1102 et
157 1077 279 1116 super
292 1061 382 1103 illos
404 1077 445 1103 se
467 1061 670 1103 extendit.
732 1061 868 1103 Pedes
891 1077 985 1102 vero
1005 1062 1114 1103 illius
1134 1062 1177 1102 in
1193 1067 1311 1102 terrae
1328 1062 1484 1117 gremio
1510 1077 1618 1103 com-

91 1128 283 1182 ponebat,
307 1133 348 1169 et
369 1143 516 1169 manus
549 1133 745 1181 utrasque
777 1128 831 1168 ad
863 1128 1017 1182 gradus
1037 1127 1146 1182 ipsos
1169 1128 1329 1168 laterali
1352 1128 1495 1169 ordine
1525 1144 1620 1183 pro-

91 1194 319 1246 tendebat3
358 1200 482 1249 caput
521 1209 618 1235 vero
646 1209 768 1249 super
798 1194 974 1249 gradum
1010 1193 1374 1248 prominentiorem
1412 1194 1521 1248 quod
1552 1209 1617 1236 su—

90 1260 227 1315 perius
250 1260 470 1310 eminebat,
505 1260 752 1315 composuit,
778 1265 819 1301 et
840 1259 995 1301 ibidem
1023 1275 1118 1301 cum
1136 1260 1247 1301 omni
1268 1260 1379 1315 ligno
1402 1260 1545 1302 Crucis
1575 1276 1618 1302 se

91 1326 302 1381 protendit
322 1341 331 1378 3
364 1326 499 1380 ibique
514 1342 617 1382 pene
632 1342 705 1381 per
726 1327 871 1367 horam
888 1342 1012 1367 unam
1026 1324 1195 1381 jacebat
1214 1344 1224 1375 ;
1260 1332 1301 1367 et
1317 1327 1431 1381 quasi
1447 1327 1618 1378 viveret,

91 1397 229 1434 totum
250 1408 397 1447 corpus
420 1393 610 1448 imaginis
626 1392 866 1448 palpitando
888 1408 929 1434 se
951 1394 1160 1435 movebat.
1231 1393 1335 1435 Post
1356 1394 1444 1434 11000
1465 1395 1617 1444 omnia,

92 1459 233 1500 ordine
256 1459 400 1500 eodem
436 1474 515 1513 quo
545 1460 658 1514 prius
679 1459 960 1510 descenderat,
992 1475 1034 1501 se
1056 1459 1308 1501 sublevando
1330 1460 1543 1515 erigebat;
1578 1465 1620 1502 et

91 1525 181 1566 loca
202 1525 345 1566 eadem
368 1526 506 1566 omnia
533 1526 716 1567 seriatim
738 1526 1015 1580 pertransibat
1034 1543 1045 1575 ς
1080 1531 1121 1567 et
1142 1527 1184 1568 in
1206 1526 1353 1580 quibus
1374 1532 1498 1568 antea
1520 1527 1620 1569 locis

92 1592 313 1633 stationem
351 1606 423 1633 seu
445 1596 607 1632 motum
637 1592 802 1642 fecerat,
831 1607 904 1647 per
924 1592 1081 1643 eadem,
1104 1593 1227 1633 modo
1250 1593 1419 1647 paulum
1449 1594 1492 1634 in
1523 1594 1621 1648 ipsis

94 1658 366 1708 consistendo,
400 1658 576 1699 redibat.
638 1658 819 1699 Demum
837 1673 934 1700 vero
969 1674 1090 1713 super
1119 1659 1290 1714 lignum,
1317 1675 1396 1713 quo
1417 1660 1530 1714 prius
1561 1660 1621 1701 in-

94 1724 270 1775 sederat,
294 1739 334 1764 se
354 1725 517 1774 extulit,
550 1729 592 1765 et
623 1724 665 1765 in
696 1724 840 1765 eodem
861 1725 1063 1766 foramine
1096 1741 1137 1767 se
1170 1725 1404 1779 recipiendo
1435 1726 1614 1775 resedit3

93 1806 167 1831 nec
183 1791 355 1831 ulterius
378 1806 419 1831 se
440 1791 591 1831 iterum
611 1791 802 1839 removit,
828 1790 899 1832 sed
921 1806 1034 1831 more
1055 1791 1197 1833 2solito
1222 1791 1408 1844 quietum
1432 1797 1474 1833 et
1498 1808 1619 1847 paca-

91 1857 296 1898 tissimum
326 1856 480 1897 ibidem
500 1856 739 1911 permansit.
801 1856 922 1909 Quod
943 1863 1154 1899 cernentes
1169 1857 1239 1908 illi,
1263 1857 1620 1900 vehementissime

93 1923 367 1977 obstupuere3
407 1927 448 1963 et
484 1923 593 1976 quod
627 1927 760 1963 tantae
792 1923 990 1965 novitatis
1021 1924 1265 1965 miraculum
1304 1939 1388 1965 non
1422 1925 1509 1966 sine
1540 1926 1618 1981 sig-

92 1988 324 2030 nificatione
342 1988 526 2029 maxima
546 1987 677 2037 fieret,
700 2004 938 2043 cognovere.

150 2056 168 2107 ᾗ
193 2056 288 2097 146.
322 2055 439 2096 Tunc
460 2054 522 2096 vir
547 2055 627 2096 Dei
650 2054 703 2095 ad
731 2055 1013 2096 considentem
1035 2069 1255 2097 conversus
1278 2056 1470 2107 amicum,
1495 2057 1616 2109 dixit,

94 2126 119 2143 ‘⁴
139 2121 261 2171 Ecce,
283 2121 424 2171 frater,
454 2136 578 2175 quam
613 2121 816 2162 horrendo
848 2121 972 2162 modo
1006 2136 1144 2162 coram
1172 2122 1353 2164 Domino
1386 2138 1617 2178 peccamus,

93 2203 187 2228 cum
221 2187 360 2228 oculos
391 2187 526 2242 Ipsius
559 2202 718 2242 semper
753 2187 893 2228 omnia
924 2187 1064 2229 videre
1097 2188 1357 2238 noverimus;
1410 2205 1485 2231 nec
1516 2189 1620 2233 fides

93 2254 275 2294 humana
305 2258 443 2308 potest
468 2252 651 2294 diffidere
680 2254 791 2307 quod
812 2253 893 2295 Dei
916 2253 1060 2304 Filius,
1086 2254 1166 2306 Qui
1195 2270 1269 2310 pro
1299 2255 1417 2297 nobis
1440 2262 1618 2299 mortem

93 2320 230 2369 subiit,
267 2319 344 2361 Oui
373 2318 548 2361 voluerit
583 2320 772 2374 spiritum
802 2319 899 2361 vitae
934 2319 1062 2375 possit
1098 2320 1326 2362 infundere.
1389 2322 1469 2375 Qui
1508 2323 1618 2366 enim

93 2385 203 2440 ligno
233 2385 385 2426 infudit
414 2400 523 2426 nunc
559 2385 727 2427 vitalem
761 2385 964 2440 spiritum,
1002 2386 1097 2440 Ipse
1133 2402 1294 2442 semper
1326 2388 1379 2429 Se
1406 2389 1543 2430 vivere
1575 2395 1617 2431 et

94 2456 244 2492 cuncta
266 2452 319 2492 Se
347 2451 497 2501 videre,
533 2451 750 2493 manifeste
786 2453 968 2493 ostendit
1001 2468 1075 2506 per
1113 2454 1220 2494 tanti
1255 2454 1358 2509 signi
1389 2456 1617 2510 prodigiale

92 2517 350 2572 mysterium.
412 2517 560 2558 Virtus
593 2517 703 2558 enim
743 2533 832 2572 quae
867 2518 918 2560 de
952 2517 1049 2573 Ipso
1084 2520 1360 2574 progreditur,
1397 2521 1619 2562 animando

92 2582 273 2624 vivificat
304 2598 423 2624 omne
465 2583 574 2637 quod
610 2583 821 2632 nascitur3
870 2589 911 2625 et
940 2584 1014 2625 tali
1052 2585 1219 2627 virtutis
1258 2587 1456 2628 miraculo
1495 2588 1618 2642 elegit

95 2649 282 2690 Christus
313 2649 429 2690 nobis
450 2650 678 2699 ostendere,
707 2665 830 2703 quam
854 2649 1029 2692 fideliter
1050 2651 1215 2692 credere
1237 2652 1459 2694 debeamus
1481 2654 1616 2694 omnia

93 2730 182 2768 quae
226 2715 276 2756 de
317 2715 481 2757 Christo
514 2715 748 2757 audivimus
783 2731 882 2757 vera
914 2716 1079 2759 fuisse.”
1140 2717 1246 2759 Haec
1287 2723 1328 2759 et
1371 2718 1435 2760 his
1469 2719 1615 2761 similia

140 2824 150 2844 ¹
171 2823 285 2869 Post]
312 2823 394 2857 Post
418 2824 491 2857 haec
517 2825 630 2858 onmia
655 2837 754 2870 supra
783 2826 1014 2870 pavimentum
1044 2821 1226 2871 lapideum,
1253 2827 1342 2872 quod
1368 2839 1480 2861 coram
1506 2828 1615 2863 Altari

96 2870 264 2912 sternitur,
283 2882 317 2903 se
336 2870 502 2914 deposuit,
520 2876 553 2902 et
570 2870 640 2905 illic
657 2883 785 2905 moram
803 2871 950 2917 aliquam
968 2873 1106 2917 peregit,
1128 2872 1175 2907 H.

141 2917 153 2935 ²
171 2915 305 2962 Solita]
334 2916 488 2959 Solitum,
510 2916 557 2949 H.
