1839 3186
531 234 590 265 ET
625 234 889 266 MIRAOULIS
926 235 962 266 s.
990 234 1203 266 GODRICL
1588 228 1638 266 51

164 339 183 391 ᾗ
208 340 275 381 36.
314 338 378 379 De
405 336 521 394 cujus
550 339 683 379 forma
709 338 773 380 vel
795 338 942 393 specie,
967 339 1066 379 dum
1087 354 1112 380 a
1133 339 1311 393 quodam
1341 340 1468 382 fratre
1500 346 1639 382 nostro

106 405 254 446 anxius
283 405 342 445 rei
365 410 475 446 certe
500 405 737 461 indaginem
766 405 867 447 scire
895 406 1073 455 volente,
1104 405 1389 460 inquireretur,
1414 409 1637 462 respondit,

107 472 216 526 quod
253 472 486 513 substantia
512 472 658 513 animae
694 472 918 527 spiritualis
954 472 1107 513 nemini
1137 473 1189 514 sit
1224 473 1437 514 hominum
1472 489 1638 529 percep-

104 538 245 579 tibilis.
316 538 378 579 At
408 543 548 579 tamen
583 538 641 579 illi
678 538 832 580 diutius
865 539 1085 589 insistenti,
1121 544 1162 580 et
1197 540 1255 580 illi
1288 541 1467 593 quietem
1500 541 1540 581 in
1578 541 1638 581 in-

105 604 302 658 quirendo
325 620 406 645 non
427 605 670 660 indulgenti,
694 605 864 646 tandem
886 606 943 647 sic
964 621 1204 660 responsum
1226 606 1421 648 reddidit.
1486 611 1510 629 ‘⁶
1532 607 1637 648 Ani-

105 671 258 722 mam,”
286 671 433 725 inquit,
462 672 627 721 “istius,
652 672 703 713 de
727 688 808 726 qua
838 672 1051 727 perquiris,
1084 673 1124 713 in
1157 672 1468 714 similitudinem
1504 672 1637 728 cujus-

105 737 201 778 dam
240 738 353 780 venti
388 738 541 780 arentis
575 739 660 780 vidi
702 744 743 780 et
792 739 953 788 fervidi,
996 739 1111 793 quasi
1158 740 1339 794 undique
1380 741 1422 781 in
1457 741 1635 782 rotundo

105 804 314 846 schemate
342 805 383 845 in
419 805 607 860 spherica
645 806 823 861 corporis
864 806 1131 847 similitudine
1166 806 1397 861 regirantis.
1469 806 1635 862 Species

103 886 198 912 vero
221 887 310 925 quae
333 872 407 913 sub
430 872 503 912 tali
533 872 665 913 forma
687 872 932 927 comparuit,
969 873 1099 914 instar
1120 873 1216 914 vitri
1243 873 1482 915 lucidissimi
1505 875 1638 928 splen-

104 937 317 979 didissima
346 943 437 979 tota
470 938 643 988 refulsit,
678 954 801 993 quam
823 938 977 979 candor
1006 939 1156 980 nimius
1185 940 1464 994 inexplicabili
1496 941 1635 981 albore

103 1019 294 1045 coruscus
328 1004 508 1058 undique
538 1009 672 1045 totam
703 1006 965 1053 obduxerat3
1005 1005 1077 1046 sed
1113 1006 1389 1059 spectantium
1421 1007 1635 1049 obtutibus

100 1070 227 1125 ipsius
266 1071 476 1125 qualitatis
529 1071 841 1112 similitudinem
882 1086 1002 1112 nemo
1060 1072 1266 1126 explicare
1305 1073 1484 1114 valebat.
1572 1074 1634 1114 At

101 1142 242 1178 tamen
287 1135 625 1192 cog·nosceba1n,”
659 1138 806 1192 inquit,
844 1137 1011 1192 “ipsius
1041 1138 1222 1179 animam
1258 1139 1399 1180 taliter
1433 1139 1636 1194 emigran*

100 1208 199 1253 tem,
231 1219 307 1244 nec
340 1204 530 1245 dubitare
558 1204 675 1259 potui
697 1203 813 1259 cujus
842 1204 917 1246 viri
948 1204 1115 1259 spiritus
1143 1205 1297 1256 fuisset,
1334 1206 1521 1259 quamvis
1556 1207 1636 1248 dis—

102 1269 302 1312 cretiones
338 1270 557 1326 spirituum
590 1286 671 1312 non
703 1271 1024 1326 cognovissem.’'
1095 1270 1131 1312 Ο
1159 1272 1402 1313 admirabile
1425 1277 1634 1327 spectacu-

102 1336 201 1387 lum,
235 1342 276 1378 et
304 1337 414 1378 omni
442 1342 608 1392 stupore
633 1337 942 1393 dignissimum!
1008 1337 1087 1378 Vir
1117 1338 1197 1378 Dei
1234 1339 1310 1380 viri
1343 1339 1423 1379 Dei
1445 1339 1634 1393 spiritum

101 1403 248 1445 ceteris
279 1404 525 1446 invisibilem
552 1404 679 1445 oculis
710 1404 913 1459 corporeis
941 1405 1213 1459 conspicatur,
1241 1410 1281 1445 et
1306 1405 1634 1460 impenetrabilis

101 1470 347 1525 cognitione,
388 1469 617 1526 cujusmodi
661 1471 737 1512 viri
779 1472 917 1512 anima
947 1471 1084 1521 fuerit,
1124 1471 1159 1512 ei
1194 1471 1387 1512 invisibili
1426 1472 1634 1526 dispensa-

103 1536 214 1577 tione
245 1538 463 1588 revelatur,
497 1553 619 1592 quem
649 1537 839 1579 sublimia
869 1543 1157 1593 penetrantem
1182 1538 1298 1579 oculo
1330 1539 1637 1594 contemplante

100 1604 369 1658 prosequitur,
404 1609 444 1645 et
474 1603 565 1659 jam
588 1602 759 1659 jamque
798 1605 920 1646 rebus
954 1604 1146 1646 humanis
1186 1610 1439 1659 exemptam,
1479 1606 1635 1660 superis

100 1670 292 1711 associari
313 1671 585 1725 praemiratur.

156 1735 265 1788 §37.
303 1736 316 1757 ¹
338 1737 422 1778 Hic
459 1742 630 1779 vocatus
658 1742 720 1779 est
762 1737 904 1787 Eilric,
955 1737 1065 1791 quod
1103 1737 1244 1792 lingua
1279 1737 1513 1793 Anglorum
1555 1739 1635 1779 dici

98 1807 235 1857 potest
270 1803 449 1844 Beatum
489 1804 715 1859 Regnum;
769 1804 834 1845 vel
868 1804 1021 1844 AEthel
1052 1803 1153 1854 rich,
1190 1804 1300 1858 quod
1335 1810 1453 1845 sonat
1487 1805 1634 1846 Nobile

100 1869 262 1910 clitonis
288 1869 509 1924 Regnum,
549 1885 619 1912 seu
658 1870 806 1911 Latine
836 1869 1125 1910 intermixtum
1154 1885 1247 1910 cum
1271 1870 1461 1925 Aug-lico,
1486 1871 1635 1913 Custos

101 1935 425 1985 Hereditarius3
466 1937 561 1990 quia
598 1936 751 1978 Christi
787 1937 905 1978 heres
941 1951 1027 1977 esse
1059 1937 1285 1977 contendit.
1357 1937 1422 1978 De
1454 1953 1533 1992 quo
1572 1938 1635 1978 vir

100 2001 179 2042 Dei
210 2002 358 2057 saepius
387 2003 442 2043 ad
468 2018 542 2044 nos
567 2003 779 2044 consuevit
812 2003 958 2052 dicere,
985 2006 1011 2024 ‘⁶
1032 2001 1212 2044 Obsecro
1245 2008 1285 2043 et
1318 2004 1453 2054 laudo,
1478 2003 1563 2053 filii,
1586 2009 1633 2044 ut

97 2068 233 2109 locum
262 2069 483 2123 sepulturae
520 2068 606 2125 ejus
627 2070 829 2111 attentius
860 2069 1117 2124 perquiratis,
1142 2069 1237 2124 quia
1260 2084 1352 2110 ossa
1373 2069 1460 2124 ejus
1491 2075 1635 2111 sancta

99 2149 184 2175 esse
215 2134 452 2177 noveritis.''
514 2135 642 2191 Cujus
682 2136 842 2177 obitum
889 2135 1128 2177 consodales
1170 2134 1257 2190 ejus
1298 2136 1419 2177 simul
1456 2152 1549 2177 cum
1586 2152 1633 2177 eo

99 2200 276 2252 educati,
313 2202 490 2244 ministri
528 2203 571 2244 in
607 2203 719 2244 curia
757 2203 879 2244 Beati
912 2202 1145 2252 Cuthberti,
1191 2203 1501 2256 comperientes,
1535 2218 1643 2243 mox

97 2267 336 2318 adveniunt,
370 2274 411 2309 et
443 2284 590 2324 corpus
621 2284 759 2311 secum
795 2273 1068 2324 asportantes,
1106 2268 1148 2309 in
1189 2267 1443 2310 sscoemeterio
1477 2269 1633 2310 Dunel-

97 2386 259 2431 plorabat.
309 2388 406 2422 Circa
423 2389 540 2422 horam
559 2390 625 2423 diei
644 2390 777 2423 tertiam
802 2390 905 2435 coepit
923 2390 1047 2422 sentire
1073 2389 1220 2422 animani
1246 2388 1410 2434 paulatim
1437 2388 1471 2421 in
1498 2400 1635 2433 corpore

96 2433 328 2479 palpitantem,
355 2442 387 2468 et
412 2442 529 2480 postea
558 2436 736 2481 diligenter
762 2436 796 2469 in
827 2448 863 2469 os
889 2436 1064 2469 morientis
1092 2436 1243 2468 animum
1275 2434 1420 2468 intendit
1449 2435 1573 2479 pariter
1603 2441 1635 2467 et

98 2486 283 2524 aspectum.
335 2481 398 2514 Ille
416 2494 493 2515 vero
511 2482 584 2515 sine
609 2495 702 2516 mora
728 2483 883 2528 spiritum
911 2482 1094 2516 exhalavit.
1147 2482 1317 2515 Godricus
1343 2487 1456 2513 autem
1488 2481 1572 2513 vidit
1600 2481 1632 2513 in

96 2533 267 2560 momento
302 2528 436 2561 vincula
468 2529 615 2574 corporis
649 2536 771 2562 cuneta
805 2528 954 2572 dissolvi,
994 2534 1027 2561 et
1066 2528 1223 2573 spiritum
1257 2539 1276 2560 a
1306 2527 1454 2572 corporis
1487 2527 1633 2560 nexibus

98 2571 313 2607 liberatum.’'

147 2618 154 2636 ¹
177 2619 243 2653 Hic
267 2627 397 2654 vocatus
424 2620 499 2667 est.]
538 2622 606 2655 Hic
637 2627 774 2655 vocatus
802 2621 1001 2664 Godwinus,
1033 2621 1132 2665 quod,
1151 2620 1267 2664 lingua
1291 2619 1479 2664 Anglorum
1511 2618 1633 2651 dicitur

99 2663 243 2698 Vicinus
258 2666 385 2710 Bonus,
405 2679 464 2700 seu
481 2669 715 2701 Gonvicaneus
730 2668 900 2713 Optimus.
944 2668 1026 2700 Erat
1043 2667 1203 2700 nimirum
1222 2678 1338 2699 secum
1358 2664 1635 2698 conversantibus

98 2711 188 2743 omni
214 2712 375 2746 bonitatis
392 2714 553 2747 societate
579 2715 792 2759 conspicuus,
820 2720 853 2747 et
871 2713 1060 2759 quibusque
1079 2713 1197 2746 vicinis
1215 2713 1382 2757 gratiosus
1400 2718 1500 2755 atque
1518 2722 1634 2743 ainan—

97 2756 261 2791 tissimus.
312 2759 417 2803 Cujus
445 2760 586 2802 obitum,
616 2760 664 2793 H.
716 2760 789 2793 The
820 2760 896 2793 MS.
922 2760 1006 2792 used
1032 2759 1078 2805 by
1099 2758 1293 2803 Harpsfield
1323 2757 1444 2802 agreed
1469 2756 1551 2789 with
1578 2756 1635 2789 thc

100 2801 195 2836 Harl.
215 2803 291 2839 MS.
308 2805 343 2838 in
360 2806 484 2851 calling
502 2806 569 2840 this
587 2806 712 2839 hermit
731 2806 889 2840 Godwin.

143 2848 156 2868 2
177 2848 218 2882 In
232 2851 439 2897 caemeterio.]
469 2853 500 2885 It
517 2864 585 2886 was
603 2852 765 2897 provided
783 2852 856 2885 that
874 2852 1008 2895 lnonks,
1027 2851 1132 2896 dying
1149 2850 1256 2883 under
1270 2849 1353 2882 such
1372 2849 1636 2882 circumstances

97 2905 133 2926 as
151 2894 247 2928 those
264 2896 343 2929 here
360 2898 566 2942 mentioned,
586 2898 707 2932 should
725 2899 767 2931 be
784 2898 903 2931 buried
921 2898 956 2931 in
974 2899 996 2916 “
1009 2897 1203 2931 coemeterio
1221 2895 1516 2938 f1·at1·un],—-—nullo
1534 2895 1635 2927 modo

97 2940 130 2972 in
142 2941 301 2985 populare
315 2944 543 2978 coemeteriof'
584 2945 647 2977 See
660 2945 827 2987 Mal-tene,
843 2944 883 2977 de
896 2944 1013 2987 Antiq.
1035 2942 1283 2976 Monachorum
1302 2941 1451 2985 Ritibus,
1464 2953 1493 2976 v.
1507 2941 1555 2975 xi.
1570 2941 1586 2985 ξ
1603 2944 1635 2974 8.

1390 3001 1449 3031 122
