1839 3186
576 233 635 263 ET
667 233 933 264 MIRACULIS
968 233 1001 264 5.
1029 232 1243 264 GODRICI.
1586 220 1666 265 147

136 332 242 373 nolle
282 349 423 388 preces
455 350 682 389 pauperum
723 335 930 390 despicere
963 340 1154 390 patenter
1189 336 1383 377 advertit.
1446 337 1661 378 Didicerat

135 398 243 439 enim
265 400 375 454 quod
411 401 539 442 ¹oculi
561 401 730 442 Domini
757 417 918 456 semper
947 417 1069 457 super
1091 401 1229 457 justos
1253 408 1360 453 sunt,
1399 408 1440 444 et
1471 403 1661 444 omnibus

135 464 421 508 invocantibus
444 468 554 508 Eum
581 468 622 509 in
643 468 818 509 veritate
852 483 970 509 aures
995 468 1130 523 Ipsius
1164 473 1309 510 erectae
1344 474 1453 510 sunt.
1516 469 1659 523 Atque

135 529 192 571 sic
230 532 399 574 edoctus
441 539 502 575 est
543 535 686 587 quanti
721 535 857 575 valeat
890 534 1002 589 apud
1042 534 1268 575 Dominum
1311 535 1391 590 piae
1430 535 1659 577 devotionis

133 597 277 648 oratio,
318 598 432 655 cujus
460 600 679 642 oblationis
699 600 868 641 victima
903 600 1051 642 devote
1073 601 1238 656 perfusa
1269 600 1315 642 fit
1346 602 1467 643 alieni
1499 602 1658 657 peccati

131 662 374 719 redemptio,
399 671 440 707 et
463 672 576 707 certa
596 666 779 707 omnium
801 667 1018 707 criminum
1040 667 1238 722 expiatio.

190 728 375 772 2Eadem
399 732 504 774 forte
538 733 603 774 die
634 733 865 774 Germanus
885 733 995 788 prior
1027 733 1096 774 illo
1127 734 1379 788 perveniens,
1410 734 1531 775 solito
1563 749 1657 774 eum

129 794 363 839 hilariorem
384 799 589 854 repperit;
624 799 733 840 unde
750 804 791 841 et
814 799 850 840 ei
872 799 992 849 dixit,
1017 804 1042 821 ‘⁶
1056 800 1231 849 Domne,
1250 800 1473 854 plurimum
1495 800 1674 859 exsulto.

130 862 226 915 quia
247 869 288 905 te
309 864 481 906 hilarem
503 871 544 907 et
558 864 789 921 jocundum
811 864 1056 920 conspicio.”
1119 866 1195 908 Oui
1213 866 1292 916 ille,
1310 871 1337 890 ‘⁶
1357 867 1509 908 Merito
1533 867 1656 907 debui

129 927 275 979 laetari,
298 931 394 985 quia
414 932 536 973 hodie
557 932 696 973 anima
715 932 854 974 fratris
874 933 955 973 mei
971 937 1068 974 ante
1090 948 1219 974 annos
1232 933 1440 975 sexdecim
1458 933 1657 985 defuncti,

128 993 170 1035 in
192 997 338 1038 coelum
358 998 411 1039 ab
433 998 606 1053 Angelis
625 998 774 1040 deferri
795 999 849 1040 ad
872 998 885 1019 ³
892 999 1045 1053 gaudia
1066 998 1302 1054 conspexi.”

180 1105 191 1126 ¹
213 1106 338 1154 Oculi]
364 1110 380 1141 1
398 1108 472 1144 Pet.
490 1109 540 1143 iii.
560 1112 615 1144 12.

179 1152 193 1173 ²
211 1153 334 1188 Eadem
344 1155 474 1202 forta]
512 1156 585 1189 The
614 1167 755 1202 passage
780 1156 866 1189 from
891 1156 987 1189 these
1012 1155 1121 1189 words
1147 1161 1181 1188 to
1204 1155 1261 1188 the
1288 1155 1353 1188 end
1379 1156 1417 1188 of
1437 1155 1494 1189 the
1519 1156 1658 1202 chapter

128 1210 246 1233 occurs
263 1200 298 1233 in
314 1200 372 1234 the
390 1203 519 1247 margin
537 1203 575 1236 of
588 1206 643 1247 B.,
661 1203 727 1236 and
745 1203 773 1236 is
790 1208 849 1236 not
866 1202 971 1236 found
989 1203 1023 1235 in
1041 1202 1098 1235 the
1120 1201 1166 1236 H.
1184 1202 1403 1246 manuscript.
1455 1202 1528 1235 The
1545 1214 1657 1236 narra-

131 1245 198 1279 tive
215 1246 254 1279 of
267 1247 469 1292 Germanus,
488 1248 653 1293 however,
672 1249 700 1282 is
718 1249 896 1294 preserved
920 1249 967 1294 by
984 1248 1128 1291 Galfrid,
1147 1248 1212 1282 and
1231 1249 1258 1282 is
1276 1260 1313 1281 as
1330 1248 1460 1281 follows
1475 1261 1482 1283 :
1510 1250 1530 1266 ‘⁴
1544 1249 1657 1282 Vene—

126 1298 204 1325 runt
222 1292 276 1326 die
293 1295 447 1339 sequenti
464 1296 554 1340 prior
571 1295 823 1339 Dunelmensis,
839 1296 1030 1329 Germanus
1048 1295 1188 1339 scilieet,
1205 1301 1238 1328 et
1251 1295 1369 1328 fratres
1387 1294 1503 1339 aliqui,
1518 1295 1656 1329 verbum

128 1338 218 1383 vitae,
233 1339 321 1373 sicut
334 1348 587 1385 consueverant,
602 1342 643 1376 ab
658 1354 697 1375 eo
714 1342 904 1387 percepturi
920 1355 928 1384 ;
953 1343 987 1375 in
1006 1341 1103 1375 illum
1117 1353 1194 1375 vero
1208 1342 1295 1375 inter
1310 1341 1408 1374 verba
1425 1342 1656 1386 respicientes,

128 1385 337 1420 mirabantur
362 1388 441 1432 quia
465 1394 499 1422 et
524 1400 678 1422 sermone
703 1389 803 1422 solito
829 1394 918 1422 esset
937 1388 1119 1432 jocundior
1145 1394 1177 1421 et
1195 1388 1281 1421 facie
1307 1394 1480 1433 appareret
1506 1388 1656 1423 hilarior.

129 1430 262 1473 Quibus
276 1433 344 1477 ille,
364 1438 375 1452 ‘
388 1434 445 1468 Ne
462 1435 655 1478 miremini,'
670 1436 730 1477 ait,
748 1437 756 1453 ‘
768 1436 795 1468 si
814 1435 922 1468 laetior
939 1435 1083 1468 arrideat
1097 1434 1219 1479 vultus,
1235 1435 1262 1468 si
1281 1434 1434 1468 laetitiam
1453 1441 1657 1479 protestetur

127 1478 261 1513 animus
275 1492 284 1521 ;
310 1480 389 1525 quia
405 1487 504 1515 noete
517 1482 688 1527 praeterita
702 1482 900 1515 mirabiliter
918 1482 985 1515 Sua
1002 1482 1218 1515 miseratione
1236 1481 1385 1526 respexit
1402 1492 1457 1513 me
1475 1481 1656 1515 Dominus.

128 1523 216 1558 Cum
242 1526 332 1560 enim
358 1539 497 1572 orarem,
516 1528 628 1562 audivi
647 1529 681 1562 in
699 1528 845 1562 sublime
870 1528 1063 1561 canentium
1084 1539 1199 1561 vocem
1218 1534 1251 1561 et
1268 1527 1474 1561 ineffabilem
1493 1529 1655 1573 conspexi

126 1570 269 1617 desuper
296 1573 456 1618 effulgere
482 1574 706 1620 splendorem.
767 1574 963 1620 Volensque
993 1574 1117 1608 certius
1144 1586 1243 1608 nosse
1273 1574 1354 1619 quid
1382 1580 1481 1617 esset,
1511 1575 1654 1618 surrexi,

127 1628 225 1652 aures
250 1620 356 1662 erexi,
374 1621 488 1654 oculos
506 1622 539 1654 in
558 1621 682 1656 coelum
701 1621 809 1654 direxi
824 1634 832 1663 ;
859 1627 891 1654 et
909 1621 1057 1655 animam
1075 1621 1186 1654 fratris
1204 1621 1283 1664 mei,
1301 1626 1378 1654 ante
1403 1632 1508 1653 annos
1534 1621 1655 1654 sexde-

124 1663 192 1697 cim
210 1665 372 1710 defuncti,
390 1667 459 1700 vidi
476 1668 517 1701 ab
536 1668 677 1712 Angelis
695 1668 736 1701 ad
755 1667 906 1702 coelestia
924 1668 1055 1701 deferri.
1107 1667 1190 1701 Haec
1209 1673 1260 1700 est
1277 1679 1378 1700 causa
1394 1666 1526 1701 laetitiae
1548 1679 1655 1711 novae,

125 1709 197 1744 haee
210 1712 406 1746 sollennitas
419 1715 645 1757 jucunditatis
663 1715 816 1757 internae,
830 1715 908 1759 quia
920 1715 1044 1759 gratias
1059 1726 1120 1759 ago
1135 1714 1358 1759 omnipotenti
1372 1713 1445 1746 Deo
1459 1720 1492 1746 et
1505 1714 1655 1747 exsultat

123 1757 261 1802 spiritus
278 1771 374 1793 meus
392 1760 426 1792 in
445 1760 518 1793 Deo
536 1761 673 1794 salutari
692 1761 804 1794 11100.”
824 1760 840 1805 ξ
859 1764 915 1794 31.

171 1804 184 1823 ³
204 1804 340 1839 Gaudia
355 1806 533 1853 comperi]
562 1809 582 1826 “
598 1807 716 1840 Frater
741 1807 857 1852 ipsius,
877 1807 918 1840 de
944 1819 1009 1851 quo
1034 1806 1268 1852 praediximus,
1287 1806 1365 1840 vitae
1382 1806 1552 1851 praeclaris
1571 1813 1653 1851 erat,

123 1855 157 1883 et
174 1850 209 1883 in
226 1852 363 1885 alterius
388 1853 576 1886 ministerio
593 1854 809 1887 constitutus.
856 1853 923 1887 Hic
948 1854 1108 1898 navigans
1127 1853 1159 1886 in
1176 1853 1282 1886 &Vero
1301 1853 1450 1896 flumine,
1471 1859 1652 1898 tempesta-

121 1897 165 1929 tis
192 1897 351 1931 violentia
376 1899 580 1942 submersus,
607 1900 757 1941 interiit3
783 1899 872 1933 unde
899 1900 1066 1933 Godricus
1081 1899 1194 1932 dolore
1219 1899 1417 1944 gravissimo
1432 1906 1482 1932 051
1496 1900 1651 1934 afflictus.

122 1942 254 1977 Indixit
272 1956 349 1989 ergo
375 1946 439 1979 sibi
464 1958 523 1991 per
548 1946 676 1991 aliquot
694 1958 809 1990 annos,
829 1946 921 1979 velut
942 1946 1201 1979 inconsolabiles
1226 1946 1437 1991 poenitentiae
1462 1945 1574 1979 luctus
1590 1959 1598 1988 ;
1617 1954 1650 1979 et

121 1994 282 2035 tanquam
301 1992 331 2024 ei
354 1999 493 2036 peccata
516 1993 627 2026 fratris
650 1993 895 2035 incumberent,
913 2004 949 2026 se
970 1993 1160 2026 durissimis
1186 1992 1391 2025 cruciatibus
1415 1999 1562 2025 mactare
1582 2004 1649 2026 non

123 2035 235 2071 desiit.
286 2037 379 2071 Nam
401 2045 535 2084 propter
559 2039 623 2072 1100
640 2039 779 2073 loricam
805 2040 1026 2073 recentiorem
1054 2038 1148 2085 [MS.
1167 2038 1415 2085 retunsionem]
1444 2044 1476 2071 et
1499 2039 1649 2072 cilicium

122 2083 273 2128 asperius
292 2084 412 2128 induit,
431 2086 598 2119 orationes
615 2086 864 2131 multiplicavit,
884 2086 1014 2131 vigilias
1039 2085 1228 2130 protelavit,
1248 2091 1280 2118 et
1299 2085 1397 2118 solito
1416 2085 1649 2119 vehementius

122 2134 232 2162 totum
250 2142 369 2175 corpus
391 2131 553 2165 edomuit.
618 2132 726 2177 Igitur
750 2133 966 2166 miseratione
992 2132 1105 2165 divina
1130 2138 1228 2165 110010
1254 2132 1399 2176 quadam
1425 2143 1502 2164 cum
1529 2140 1647 2176 oraret,

122 2176 230 2208 astitit
260 2177 290 2210 ei
318 2177 429 2210 subito
456 2179 557 2211 frater
586 2180 659 2222 ejus
686 2186 778 2212 veste
808 2179 984 2222 candidus,
1003 2179 1098 2211 vultu
1125 2179 1277 2222 decorus,
1297 2178 1449 2222 ejusdem
1479 2178 1598 2212 formae
1616 2186 1648 2212 et

122 2227 261 2256 staturae
279 2225 375 2267 cujus
401 2224 508 2257 fuerat
526 2231 603 2258 ante
629 2232 770 2259 mortem
786 2238 792 2259 :
821 2232 854 2259 et
872 2238 948 2259 011111
966 2225 1078 2259 taliter
1103 2231 1154 2258 est
1171 2225 1293 2258 affatus
1309 2237 1315 2258 :
1343 2227 1351 2243 ‘
1368 2225 1452 2269 Eya,
1471 2225 1572 2258 frater
1589 2226 1649 2268 1111,

123 2268 281 2312 Godrice,
300 2282 393 2303 serve
415 2270 492 2312 Dei,
510 2271 673 2305 haetenus
698 2272 805 2305 multa
830 2272 919 2305 mala
944 2272 1089 2305 sustinui
1107 2285 1114 2313 3
1141 2271 1200 2305 sed
1226 2283 1315 2304 nunc
1332 2271 1487 2316 precibus
1505 2272 1572 2305 tuis
1590 2272 1649 2305 ad-

116 2315 225 2359 jutus,
244 2315 278 2348 in
296 2316 485 2350 Jerusalem
504 2324 620 2351 saneta
637 2318 773 2351 civitate
790 2319 949 2361 consisto,
969 2325 1002 2351 et
1019 2325 1144 2352 aeterna
1161 2318 1248 2351 bona
1265 2317 1421 2363 possideo
1436 2331 1444 2359 3
1471 2318 1528 2351 ubi
1547 2325 1579 2351 et
1598 2325 1646 2362 tu,

122 2361 253 2395 solutus
271 2374 290 2395 a
307 2374 454 2408 corpore,
473 2363 712 2397 interminabili
738 2365 861 2409 gaudio
879 2365 1069 2410 perfrueris.
1120 2365 1277 2409 Agnosce
1296 2364 1384 2409 quod
1403 2376 1463 2408 ego
1482 2365 1553 2409 ipse
1571 2377 1646 2398 sum

121 2407 178 2452 qui
197 2415 350 2442 mortuus
367 2409 426 2452 fui,
441 2415 473 2442 et
489 2410 590 2443 modo
605 2411 672 2443 vita
689 2411 779 2444 fruor
796 2417 920 2445 aeterna
935 2412 955 2453 ς’
983 2411 1081 2444 ethis
1100 2411 1210 2453 dietis,
1225 2411 1371 2444 evanuit.
1420 2411 1483 2444 1110
1500 2411 1644 2444 111111111111

122 2453 317 2498 hujusmodi
343 2455 571 2489 consolatione
591 2456 738 2501 laetatus,
760 2458 884 2502 gratias
910 2458 1034 2492 divinae
1062 2457 1208 2491 reddidit
1226 2457 1378 2503 pietati.''
1413 2459 1526 2491 Anon.
1550 2457 1646 2491 Harl.

120 2500 268 2545 Legend.
