1839 3186
557 246 614 276 ET
649 245 913 277 MIRACULIS
950 246 985 276 S.
1012 244 1226 276 GODRICI.
1579 235 1660 272 4:05

747 444 795 470 CI.
831 444 882 469 DE
911 444 1034 469 CAECA.

185 540 203 592 ᾧ
226 541 323 581 468.
360 539 556 591 QUAEDAM
575 538 729 579 femina
747 538 912 579 nomine
932 537 1039 587 Eda‚
1063 538 1114 579 de
1136 537 1233 579 villa
1254 552 1342 591 quae
1366 536 1579 578 Berithebi
1601 545 1663 578 est

130 611 288 656 vocata,
313 605 459 660 viginti
491 605 622 646 tribus
653 605 783 654 annis,
815 604 1067 645 testantibus
1095 604 1282 659 plurimis
1303 608 1390 644 tam
1412 603 1509 644 viris
1538 619 1662 657 quam

130 673 370 713 mulieribus
395 672 446 712 de
471 671 616 712 eadem
634 672 744 722 villa,
760 671 968 712 oculorum
984 670 1117 712 visum
1139 670 1349 720 amittens,
1368 684 1475 710 caeca
1496 669 1662 725 penitus

130 739 292 788 fue1·at;
327 738 399 780 sed
420 738 490 779 illo
512 738 691 779 deducta
711 738 848 779 lumen
871 737 1051 792 perfecte
1074 736 1242 792 recepit.

603 903 668 928 CII.
701 903 752 927 DE
782 902 904 928 MANU
934 902 1180 928 CONTRAGTA.

187 999 204 1050 ᾧ
226 1000 322 1041 469.
357 999 469 1039 ALIA
491 999 618 1040 etiam
647 999 697 1040 de
726 998 871 1040 eadem
896 998 1007 1048 villa,
1032 998 1211 1039 Alditha
1241 998 1365 1049 dicta,
1389 1013 1495 1040 uxor
1517 998 1663 1040 Ethel-

130 1065 230 1115 onis,
268 1080 392 1106 unam
430 1080 599 1106 manum
637 1070 894 1106 contractam
936 1065 1096 1115 habuit,
1138 1080 1261 1118 quam
1298 1080 1442 1106 sanam
1478 1080 1526 1107 ac
1558 1066 1663 1107 adeo

129 1131 306 1172 solutam
331 1131 526 1186 percepit,
551 1140 598 1173 ut
621 1132 766 1172 eodem
789 1131 866 1181 die,
891 1132 1032 1172 multis
1052 1131 1330 1185 gaudentibus
1353 1136 1394 1172 et
1411 1132 1662 1181 videntibus,

128 1197 271 1239 messis
304 1198 360 1238 ibi
387 1203 507 1239 sectae
540 1198 771 1253 manipulos
802 1198 843 1239 in
874 1212 1043 1240 acervos
1074 1198 1299 1252 collegerit,
1330 1203 1370 1239 et
1401 1198 1539 1253 fruges
1570 1213 1664 1240 cum

128 1264 374 1307 messoribus
395 1264 583 1307 similiter
604 1265 692 1320 ipsa
714 1264 858 1306 secuit.

402 1427 486 1451 CIII.
519 1427 570 1451 DE
601 1426 742 1452 PEDUM
774 1426 939 1451 TUMORE
970 1426 1018 1450 ET
1051 1425 1192 1451 GUTTAE
1223 1427 1390 1453 DOLORE.

192 1522 209 1574 ᾗ
232 1522 329 1566 470.
361 1521 392 1562 J
396 1537 543 1562 UVENis
565 1520 733 1575 quidam
756 1520 806 1560 (16
832 1519 1066 1575 Oorebrige‚
1092 1520 1228 1561 Edulf
1242 1521 1422 1572 nomine,
1445 1523 1600 1577 pedum
1624 1528 1665 1564 et

133 1588 329 1629 tibiarum
361 1593 566 1629 tumorem
597 1587 865 1627 incurabilem
898 1587 1040 1627 decen]
1072 1587 1190 1628 annis
1220 1588 1429 1629 crudelem
1457 1589 1666 1638 sustinuit,

133 1670 256 1708 quem
286 1655 400 1695 nulla
429 1653 685 1695 medicinalis
715 1653 919 1695 industria.
949 1653 1140 1707 mitigare
1162 1654 1228 1695 vel
1263 1669 1406 1696 curare
1438 1656 1668 1710 praevaluit.

137 1720 221 1761 Hic
243 1721 369 1761 etiam
390 1726 555 1775 guttam
578 1719 785 1773 quandam
808 1735 880 1773 per
901 1734 1042 1760 omnes
1063 1724 1177 1760 artus
1199 1721 1380 1774 corporis
1401 1722 1668 1763 saevissimam

135 1787 280 1828 habuit
303 1792 344 1828 et
367 1787 587 1836 erratilem,
614 1801 695 1840 qua
717 1791 901 1841 cogente,
924 1786 1071 1840 saepius
1103 1801 1323 1827 nervorum
1345 1788 1670 1829 contractionem

137 1854 291 1908 percipi
324 1853 551 1894 consuevit.
622 1852 702 1904 Qui
734 1852 784 1893 de
817 1853 1029 1905 utriusque
1064 1853 1225 1906 generis
1262 1859 1378 1907 peste
1411 1854 1468 1895 ibi
1490 1855 1670 1909 perfecte

138 1920 372 1968 convaluit3
407 1924 448 1960 et
471 1919 727 1960 Dunelmum
756 1934 878 1960 sanus
900 1919 1080 1968 veniens,
1104 1919 1288 1973 pluribus
1314 1921 1406 1961 haec
1429 1935 1568 1962 coram
1590 1926 1671 1962 tes-

137 1986 247 2028 tibus
268 1986 424 2028 ret-ulit.

736 2084 818 2110 CIV.
855 2083 906 2108 DE
937 2083 1068 2108 MUTA.

196 2177 337 2230 §47L
375 2178 550 2218 MULIER
593 2177 781 2231 quaeclam
825 2177 876 2218 de
918 2177 1086 2219 Revelie
1126 2178 1269 2218 decem
1311 2177 1429 2218 annis
1470 2177 1675 2230 loquelam

140 2245 350 2295 amittens,
378 2250 496 2285 muta
518 2244 761 2291 exstiterat3
798 2259 887 2298 quae
918 2243 987 2284 illo
1009 2244 1194 2294 veniens,
1219 2243 1423 2298 loquelam
1458 2243 1677 2298 promptis-

141 2311 286 2351 simam
309 2311 592 2365 recuperabat.

762 2407 823 2433 CV.
856 2408 906 2432 DE
937 2408 1059 2433 CAECA.

202 2492 219 2543 ἓ
244 2491 340 2535 172.
374 2492 519 2532 ADDoc
541 2491 591 2532 (16
619 2491 843 2532 Prudehou
866 2492 985 2532 unius
1008 2492 1114 2532 oculi
1138 2492 1269 2533 visum
1300 2491 1463 2546 penitus
1488 2490 1682 2531 amiserat

147 2573 217 2599 sex
241 2558 371 2606 annis,
397 2558 469 2599 sed
491 2558 547 2598 ibi
572 2559 711 2598 lumen
732 2557 902 2612 recepit.

740 2716 805 2740 CVI
813 2733 820 2741 .
855 2716 905 2740 DE
936 2715 1066 2740 SURDA
1073 2731 1081 2740 .

211 2798 233 2850 ξ
257 2798 355 2840 473.
394 2797 580 2848 ALTERA,
606 2799 750 2853 Agnes
773 2799 938 2840 nomine
965 2798 1015 2839 (16
1038 2797 1232 2845 Olaubec,
1256 2809 1338 2835 uno
1360 2808 1467 2834 anno
1489 2793 1688 2834 obsurda-

152 2869 284 2912 verat,
308 2863 380 2905 secl
401 2864 591 2905 auditum
609 2865 789 2919 perfecte
805 2864 1017 2919 recipiens,
1034 2862 1262 2904 Dominum
1279 2861 1320 2900 in
1340 2860 1494 2901 Sancto
1510 2858 1689 2900 Godrico

156 2928 401 2984 glorificans,
427 2945 527 2972 sana
549 2931 601 2971 ad
623 2931 789 2985 propria
812 2931 1039 2972 remeabat.
