1839 3186
566 176 625 207 ET
657 175 922 208 MIRAoums
956 174 989 206 s.
1017 174 1232 207 eomucr.
1582 163 1663 209 471

455 394 589 419 CCXIV.
627 394 678 419 DE
709 394 866 419 PUELLA
898 394 1132 420 CONTRACTA
1164 395 1338 420 SANATA.

198 478 220 532 ξ
243 479 340 520 599.
378 478 548 519 PUELLA
570 478 774 532 quaedam,
798 483 974 532 utroque
994 483 1167 533 parente
1189 493 1368 533 paupere
1391 479 1433 519 in
1454 478 1552 520 villa
1573 494 1662 533 quae

132 544 299 586 Alcleat
335 544 487 586 dicitur
520 544 747 600 progenita,
781 545 930 586 misero
966 545 1090 585 modo
1129 544 1340 599 elanguit3
1389 544 1486 598 quia
1524 545 1663 586 dextri

131 609 247 664 pedis
280 611 388 653 illius
420 612 529 653 talus
562 611 603 652 in
635 611 858 666 posteriore
889 611 998 653 natis
1020 610 1148 665 ipsius
1170 616 1288 665 parte
1310 610 1486 661 inhaesit,
1510 604 1552 651 et
1574 615 1665 653 tota

130 677 234 718 tibia
254 676 342 733 ejus
363 677 537 718 dextera
559 677 613 718 ad
644 693 782 719 suram
815 677 981 719 femoris
1012 692 1064 718 ex
1086 676 1367 718 contractione
1394 677 1544 718 misera
1565 677 1665 718 obli—

129 748 230 797 gata
249 743 341 785 fuit.
405 744 565 785 Pedem
586 759 682 786 vero
703 743 915 785 sinistrum
950 758 1161 797 nunquam
1193 743 1278 785 solo
1300 748 1420 784 tenus
1441 743 1496 784 ad
1525 743 1663 799 gradi—

131 809 284 850 endum
318 811 569 864 praevalebat
602 808 769 864 infigere
810 825 893 864 prae
928 810 1055 851 nimio
1091 809 1362 851 contortionis
1396 809 1548 860 dolore,
1591 810 1661 863 qui

125 874 286 931 jugiter
305 876 453 931 pedem
475 876 610 931 ipsum
632 891 726 917 cum
746 876 858 916 omni
880 877 1035 931 plantae
1068 875 1154 932 ejus
1176 875 1359 930 planitie,
1371 876 1583 917 consuevit
1605 876 1666 917 in-

131 942 295 983 vadere.
367 943 493 984 Unde
524 942 755 984 miserabile
786 948 875 983 erat
900 943 1032 997 ipsam
1059 942 1254 997 aspicere,
1278 942 1374 996 quia
1394 942 1568 997 genibus
1589 958 1662 998 pro

132 1008 306 1062 pedibus
341 1024 463 1063 super
483 1014 637 1050 terram
659 1009 842 1063 oportuit
864 1008 996 1063 ipsam
1028 1024 1182 1063 repere,
1206 1008 1240 1049 si
1269 1008 1490 1062 aliquando
1512 1009 1664 1050 alicubi

131 1074 340 1116 debuisset
378 1076 449 1116 ire.
526 1074 651 1116 Hanc
689 1075 864 1128 denique
906 1080 1098 1129 parentes
1139 1075 1267 1129 ipsius
1305 1075 1359 1115 ad
1399 1075 1662 1129 sepulchrum

133 1140 277 1182 Sancti
303 1140 471 1182 Godrici
494 1141 704 1196 deportari
737 1142 935 1191 fecerunt,
962 1147 1003 1182 et
1033 1157 1106 1195 per
1128 1141 1232 1182 duos
1264 1141 1350 1182 dies
1379 1147 1419 1182 et
1441 1146 1585 1183 noctes
1608 1142 1664 1183 ibi

132 1222 226 1248 cum
251 1223 299 1248 ea
319 1208 360 1248 in
381 1208 636 1249 orationibus
656 1208 941 1263 perstiterunt.
1013 1207 1161 1248 Puella
1181 1208 1308 1262 igitur
1330 1222 1354 1248 a
1383 1209 1664 1250 contractione

133 1288 207 1315 sua
240 1279 282 1315 et
319 1274 469 1316 doloris
498 1274 761 1316 vehementia
788 1274 969 1328 perfecte
1002 1274 1228 1324 convaluit,
1265 1279 1306 1315 et
1343 1289 1384 1315 se
1415 1274 1666 1315 levissimam

132 1341 273 1382 sensit.
344 1341 406 1381 At
429 1345 620 1396 parentes
642 1340 876 1382 devitantes
906 1355 957 1381 ne
988 1341 1175 1381 membra
1199 1346 1386 1381 recenter
1413 1345 1560 1382 sanata
1591 1341 1666 1382 im-

131 1407 335 1448 movendo
367 1412 658 1462 exasperarent
680 1407 745 1449 vel
779 1406 990 1457 laederent,
1015 1422 1106 1448 eam
1139 1407 1290 1448 iterum
1323 1407 1435 1447 domi
1467 1408 1668 1462 reportari

132 1473 330 1525 fecerunt,
355 1473 504 1515 exinde
528 1482 623 1528 post
646 1473 732 1514 dies
763 1488 916 1528 paucos
947 1473 1169 1528 perfectius
1191 1478 1232 1514 et
1255 1471 1412 1514 firmius
1443 1473 1529 1514 sine
1556 1475 1668 1515 omni

132 1539 295 1581 laesione
331 1541 452 1595 coepit
483 1541 554 1591 ire,
597 1545 639 1581 et
681 1540 833 1581 domno
864 1540 1135 1581 Dunelmensi
1179 1539 1382 1594 episcopo,
1418 1539 1488 1580 illo
1524 1545 1669 1595 postea

131 1606 325 1657 venienti,
350 1598 443 1648 cum
466 1607 706 1661 parentibus
727 1606 916 1656 occurrit,
941 1611 982 1647 et
1008 1611 1164 1660 quanta
1186 1606 1365 1647 Sanctus
1388 1605 1593 1648 Godricus
1623 1606 1666 1648 in

132 1687 181 1713 ea
201 1678 394 1727 operatus
415 1673 559 1715 fuisset
583 1688 721 1714 coram
742 1673 884 1715 multis
908 1672 1104 1714 ostendit.
1176 1672 1305 1727 Cujus
1339 1672 1527 1714 miraculi
1557 1673 1668 1714 idem

134 1739 308 1781 domnus
330 1739 481 1794 2Hug0
518 1739 732 1794 episcopus
758 1739 1048 1780 Dunelmensis
1084 1739 1204 1781 testis
1240 1738 1423 1787 assistit;
1468 1739 1537 1793 qui
1574 1754 1667 1781 eam

134 1806 235 1848 satis
258 1811 356 1847 ante
376 1806 538 1848 viderat
561 1806 661 1846 dum
683 1811 898 1847 contracta
920 1805 1032 1860 prius
1054 1820 1126 1860 per
1145 1820 1274 1847 annos
1296 1805 1440 1846 decem
1462 1805 1634 1847 ³fuerat.

131 1987 243 2013 CCXV.
276 1988 327 2013 DE
358 1988 513 2013 FEMINA
548 1988 649 2014 POTU
682 1987 894 2013 PESTIFERO
925 1986 1162 2021 VENENATA,
1188 1985 1383 2019 INFLATA,
1413 1986 1461 2011 ΕΤ
1492 1986 1666 2012 sANATA.

199 2075 217 2127 ξ
252 2076 348 2118 600.
394 2075 569 2128 QUIDAM
602 2089 654 2116 ex
688 2073 831 2115 ordine
862 2072 1040 2114 clericali
1076 2073 1184 2113 inter
1209 2070 1487 2127 praeclariores
1509 2069 1666 2111 Dunel-

132 2143 284 2184 mensis
308 2143 568 2198 episcopatus
588 2141 698 2183 viros
719 2140 879 2189 claruit,
898 2140 967 2194 qui
987 2139 1126 2194 potius
1142 2139 1296 2180 carnali
1315 2137 1471 2192 copulae
1499 2151 1666 2191 operam

175 2237 187 2255 Ἰ
218 2233 301 2280 Iba]
331 2234 371 2267 In
388 2235 446 2268 the
464 2235 629 2269 Bodleian
648 2235 724 2269 Ms.
744 2235 874 2268 “ubi.’⁷

178 2283 191 2301 ²
218 2281 319 2326 Hugo
335 2281 524 2327 episcopua]
554 2282 626 2315 The
643 2282 795 2315 mention
813 2281 851 2314 of
869 2281 936 2314 this
961 2280 1114 2325 bishop’s
1138 2290 1238 2313 name
1257 2279 1344 2312 fixes
1364 2278 1482 2312 within
1500 2290 1519 2311 a
1537 2277 1664 2311 certain

133 2327 222 2360 limit
239 2327 296 2360 the
314 2327 391 2360 date
405 2328 443 2360 of
455 2328 513 2361 the
526 2335 624 2361 event
636 2328 717 2361 with
726 2327 837 2361 which
851 2327 894 2360 he
912 2328 940 2360 is
959 2326 1159 2360 associated.
1195 2326 1250 2359 He
1262 2325 1341 2358 died
1354 2326 1389 2358 in
1407 2325 1465 2358 the
1476 2326 1665 2369 yearll95.

181 2374 194 2392 ³
210 2373 244 2406 F
245 2373 367 2419 uerat]
398 2374 471 2407 The
490 2374 652 2408 Harleian
670 2374 747 2407 MS.
766 2374 919 2407 contains
937 2373 995 2406 the
1013 2384 1106 2406 same
1125 2372 1291 2405 narrative
1307 2384 1313 2406 ;
1341 2371 1493 2404 “Puella
1511 2370 1665 2415 quaedam

133 2431 260 2465 pauper
278 2420 319 2453 de
334 2420 410 2453 villa
430 2432 504 2465 quae
523 2420 647 2454 dicitur
664 2420 799 2454 Alcleat
815 2419 962 2453 habebat
981 2419 1139 2453 dextrum
1156 2418 1278 2463 pedem
1297 2418 1463 2451 reflexum
1481 2423 1514 2450 et
1531 2416 1667 2449 natibus

134 2466 369 2499 inhaerentem.
418 2467 580 2500 Similiter
599 2473 631 2500 et
649 2478 736 2500 surae
755 2465 866 2499 dextri
885 2466 990 2499 cruris
1017 2466 1123 2510 ipsius
1142 2465 1262 2498 femori
1286 2464 1490 2498 cohaerebat.
1540 2462 1669 2496 Pedem

134 2524 211 2545 vero
229 2513 404 2546 smistrum
425 2518 536 2546 tantus
555 2513 649 2546 dolor
667 2512 826 2555 obtinuit,
850 2512 939 2557 quod
958 2524 1036 2545 eum
1060 2511 1131 2545 solo
1158 2511 1261 2555 figere
1284 2522 1351 2543 non
1370 2510 1514 2544 valebat.
1566 2508 1668 2542 Unde

132 2558 371 2592 miserabiliter
391 2559 535 2603 genibus
559 2559 697 2604 repebat
715 2565 747 2592 et
770 2559 936 2601 manibus7
957 2558 1089 2603 quoties
1113 2563 1184 2591 erat
1206 2557 1320 2602 aliquo
1337 2556 1530 2589 transitura.
1582 2554 1668 2588 Haec

133 2610 185 2638 est
218 2605 260 2638 ad
284 2605 374 2638 beati
393 2606 533 2639 Godrici
559 2605 776 2651 sepulchrum
803 2617 822 2638 a
845 2605 1042 2650 parentibus
1068 2604 1252 2649 deportata,
1279 2603 1336 2647 qui
1355 2614 1432 2635 cum
1450 2602 1524 2647 ipsa
1540 2601 1668 2653 ibidem

133 2657 267 2685 orantes
293 2651 424 2685 duobus
451 2652 571 2686 diebus
598 2658 631 2685 et
656 2652 814 2685 noctibus
838 2652 1069 2697 perstiterunt.
1120 2650 1244 2685 Postea
1269 2655 1339 2682 tam
1369 2648 1410 2681 de
1439 2653 1670 2699 contractione

134 2698 245 2731 dextri
270 2697 366 2743 pedis
393 2710 494 2743 quam
514 2698 555 2731 de
572 2698 701 2732 sinistri
720 2698 834 2731 dolore
854 2697 1025 2731 convaluit
1043 2710 1051 2738 3
1077 2702 1111 2729 et
1133 2696 1181 2729 sic
1206 2695 1344 2728 domum
1368 2706 1445 2728 cum
1471 2693 1668 2739 parentibus

134 2744 307 2777 remeavit.
365 2744 479 2788 Hujus
502 2745 657 2778 miraculi
681 2744 784 2778 etiam
809 2744 953 2777 domnus
980 2743 1082 2787 Hugo
1109 2740 1351 2775 Dunelmensis
1376 2741 1554 2786 episcopus
1572 2740 1670 2773 testis

134 2790 264 2832 existit,
278 2791 335 2835 qui
354 2791 502 2835 puellam
521 2797 554 2824 et
571 2791 664 2835 prius
683 2791 818 2835 agnovit
831 2795 1053 2830 contractam,
1071 2794 1104 2822 et
1122 2794 1240 2833 postea
1250 2787 1335 2820 vidit
1353 2799 1481 2821 sanam.
1509 2786 1671 2819 Venienti

133 2837 223 2870 enim
249 2837 407 2881 epiScopo
433 2837 467 2869 in
494 2837 636 2870 eandem
654 2837 769 2870 villam
797 2848 873 2870 cum
903 2835 1100 2881 parentibus
1126 2834 1196 2867 suis
1222 2833 1379 2877 occurrit,
1399 2839 1432 2867 et
1450 2833 1531 2878 quid
1558 2832 1587 2866 ei
1614 2844 1673 2877 per

132 2883 254 2916 merita
272 2883 388 2916 Sancti
408 2883 549 2917 Godrici
568 2883 677 2929 pietas
697 2883 811 2916 divina
829 2883 971 2924 fecissit,
990 2880 1177 2915 ostendit.''
