1839 3186
515 226 572 256 ET
609 225 872 258 MIRAOULIS
909 227 944 258 s.
972 226 1187 258 conarer.
1537 218 1621 257 243

81 425 170 451 CAP.
191 424 286 452 CXX.
358 426 410 451 UT
439 425 575 451 HOSTIS
607 425 813 455 ANTIQUUS
844 425 1018 450 FORMAM
1052 424 1226 449 HOMINIS
1260 424 1450 459 INDUTUS,
1483 425 1617 451 VIRUM

137 492 205 517 DEI
235 492 287 516 DE
323 492 433 517 FORIS
465 492 750 524 EXQUISIER1T3
785 492 833 516 ET
860 491 1062 520 QUALITER
1093 491 1146 516 ΑΒ
1180 491 1278 525 Ipso,
1312 491 1363 515 DE
1396 491 1515 516 INTRO
1549 491 1616 516 Po-

136 558 232 594 SITO,
265 558 359 584 EJUS
388 559 560 584 ASTUTIA
595 558 809 584 COMPERTA
841 541 938 583 SIT.l

133 656 271 708 §230
308 656 428 697 ERAT
459 657 587 698 frater
616 656 784 711 quidam
810 656 1103 697 Dunelmensis
1136 656 1334 697 Ecclesiae
1370 656 1407 697 ei
1439 670 1612 697 consan-

74 722 290 777 guinitatis
311 721 555 778 conjunctus
574 723 710 778 gratia
730 728 855 777 atque
876 722 1173 764 familiaritate.
1217 721 1472 763 Debilitatus
1492 737 1608 763 nam-

75 804 152 843 que
174 789 237 831 vir
260 789 341 830 Dei
364 789 568 844 corporeis
589 789 743 831 viribus
769 789 891 844 coepit
915 804 1033 844 egere
1058 789 1205 830 solat-io
1227 793 1268 830 et
1301 804 1377 843 ope
1405 788 1604 836 alterius3

75 856 288 910 postulans
309 855 435 911 igitur
455 856 633 910 aliquem
654 855 732 897 sibi
765 856 820 896 ad
851 855 1044 897 solatium
1067 855 1169 905 dari,
1194 855 1407 896 decretum
1431 860 1492 896 est
1514 870 1608 895 con-

62 918 354 977 sanguinitate
391 922 508 963 illum
549 922 788 964 devinctum
829 922 1061 976 specialiter
1100 921 1341 963 ministeriis
1382 921 1605 976 deputari,

75 988 185 1042 quod
207 993 248 1029 et
268 988 427 1029 factum
455 993 531 1030 est.
592 988 818 1030 Residente
852 988 980 1043 igitur
1001 988 1128 1029 fratre
1160 988 1248 1043 ipso
1274 987 1369 1036 illic,
1393 988 1516 1042 coepit
1538 1003 1606 1028 cu-

73 1069 160 1095 ram
184 1055 436 1096 exteriorum
458 1055 605 1096 domus
625 1054 885 1110 negotiorum
907 1069 1039 1109 agere,
1064 1069 1111 1095 eo
1134 1053 1242 1108 quod
1264 1054 1326 1095 vir
1352 1053 1445 1104 Dei,
1467 1053 1606 1109 hujus-

73 1120 187 1161 modi
207 1120 486 1176 praepediente
507 1121 697 1162 molestia
721 1121 913 1175 corporis,
935 1120 1072 1161 minus
1102 1121 1353 1175 praevalebat
1375 1120 1604 1161 intendere.

74 1186 266 1239 Quadam
297 1187 473 1241 denique
502 1187 567 1228 die
589 1187 676 1229 viro
699 1187 780 1228 Dei
807 1187 858 1228 de
890 1186 1000 1228 intro
1033 1186 1264 1227 Ecclesiam
1297 1186 1383 1227 solo
1415 1186 1604 1241 degente,

73 1253 215 1295 exiens
235 1253 365 1295 frater
386 1254 464 1295 iste
486 1253 607 1309 coepit
635 1253 678 1294 in
708 1253 893 1309 pomerio
925 1253 1035 1294 circa
1065 1253 1175 1293 horti
1206 1252 1334 1307 ipsius
1369 1251 1470 1294 fines
1492 1253 1607 1307 quip-

72 1319 185 1374 piam
220 1319 354 1375 operis
387 1335 594 1370 exercere,
625 1324 666 1361 et
699 1319 893 1361 fodiendo
922 1319 989 1361 vel
1023 1319 1250 1374 plantando
1281 1334 1446 1359 omnem
1485 1324 1605 1359 terrae

71 1386 251 1427 colendae
275 1402 443 1442 operam
463 1387 673 1428 adhibere.
744 1387 802 1428 Et
824 1401 930 1436 ecce,
954 1386 1093 1427 oculos
1116 1385 1171 1426 ad
1192 1385 1389 1426 ulteriora
1410 1385 1604 1440 dirigens,

74 1467 235 1507 semper
262 1453 463 1508 conspicit
488 1453 603 1508 quasi
634 1453 836 1494 rusticum
866 1452 1074 1506 quendam
1107 1457 1228 1492 extra
1261 1451 1421 1506 sepium
1453 1451 1607 1492 lustra-

73 1518 186 1560 mina
214 1519 441 1570 circumire,
474 1524 516 1561 et
547 1519 689 1561 crebro
716 1535 790 1574 per
820 1519 946 1561 rimas
984 1518 1068 1560 late
1099 1523 1291 1573 patentes
1321 1517 1603 1572 introspicere,

72 1585 317 1640 quandoque
346 1585 472 1627 etiam
501 1590 626 1641 caput
653 1586 868 1627 sublimius
896 1585 1003 1641 sepis
1030 1585 1252 1626 altitudine
1285 1584 1459 1633 elevare,
1490 1589 1530 1625 et
1554 1584 1605 1624 de

72 1650 161 1692 loco
183 1652 225 1692 in
246 1652 372 1693 alium
391 1653 507 1706 quasi
524 1657 775 1706 quaerentem
795 1651 1019 1707 quippiam,
1036 1666 1143 1706 saepe
1160 1651 1378 1692 divertere.
1424 1650 1606 1691 Rediens

72 1732 169 1759 vero
192 1719 326 1760 virum
349 1719 430 1760 Dei
451 1719 494 1760 in
524 1719 788 1760 interioribus
815 1718 1011 1773 repperit,
1040 1717 1112 1759 sed
1135 1717 1224 1771 quis
1246 1717 1370 1758 fuerit
1392 1716 1459 1757 ille
1485 1732 1607 1770 quem

70 1783 221 1825 viderit
242 1784 408 1826 omnino
429 1785 618 1827 nescivit.
655 1785 772 1825 Tunc
791 1784 854 1826 vir
873 1784 953 1825 Dei
978 1784 1186 1826 advocans
1207 1783 1337 1833 illum,
1355 1783 1427 1833 ait,
1453 1787 1478 1804 “
1493 1782 1606 1823 Num

71 1865 216 1892 canem
243 1851 372 1901 illum,
405 1851 664 1906 versipellem
697 1851 813 1892 illum
847 1850 1079 1905 antiquum,
1109 1850 1208 1891 foris
1238 1849 1393 1899 vidisti,
1417 1849 1484 1889 vel
1516 1848 1607 1903 quis

70 1916 195 1958 fuerit
225 1917 335 1959 nosti
350 1917 390 1959 3⁹³
451 1918 524 1958 Ad
545 1933 667 1972 quem
698 1917 782 1967 ille,
807 1921 832 1940 ‘⁶
853 1916 1086 1969 Quemdam
1109 1916 1159 1956 de
1184 1915 1294 1966 foris,
1320 1915 1435 1969 quasi
1465 1915 1607 1970 explo-

70 1988 234 2025 rantem
252 1985 399 2025 secreti
414 1984 583 2038 aliquid,
598 1983 684 2026 vidi
703 1999 713 2031 ;
740 1983 813 2025 sed
829 1983 870 2024 in
884 1998 950 2024 me
973 1998 1025 2024 ex
1043 1998 1090 2023 eo
1109 1982 1314 2023 attonitus
1334 1982 1424 2036 quis
1440 1996 1607 2036 prorsus

70 2049 194 2090 fuerit
220 2065 302 2090 non
333 2051 546 2106 cognovi.”
610 2050 731 2091 Tune
763 2050 843 2099 ille,
881 2049 999 2090 “Ille
1031 2049 1225 2102 antiquus
1260 2048 1392 2089 hostis
1428 2053 1505 2096 est,
1535 2047 1604 2101 qui

70 2115 173 2156 mihi
196 2116 380 2157 insidiari
414 2131 626 2171 nunquam
648 2116 812 2166 desinit,
836 2121 877 2157 et
906 2116 1004 2157 illuc
1037 2130 1131 2156 mea
1164 2129 1288 2170 opera
1316 2115 1606 2169 exploraturus

71 2181 270 2231 advenit;
304 2198 451 2238 nempe
473 2198 540 2224 me
560 2183 643 2224 illic
668 2187 929 2237 reperturum
954 2197 996 2223 se
1026 2181 1216 2231 credidit,
1242 2186 1283 2221 et
1315 2181 1408 2221 ideo
1430 2186 1519 2221 tam
1548 2180 1610 2221 in-

72 2247 221 2289 sidiose
244 2249 614 2291 circumlustrando
636 2249 797 2304 singula
828 2264 895 2290 me
917 2248 1120 2302 quaesivit.
1182 2247 1343 2302 Nempe
1368 2247 1425 2288 ibi
1446 2251 1488 2287 te
1511 2261 1606 2287 con-

70 2317 192 2356 tuens
220 2319 473 2369 operantem,
498 2315 675 2356 credidit
701 2330 768 2356 me
791 2330 878 2356 esse
898 2320 1073 2355 terrenae
1103 2313 1371 2354 sollicitudini
1401 2312 1606 2353 inhaeren-

69 2384 167 2430 tem,
197 2385 238 2421 et
269 2381 362 2422 ideo
393 2386 481 2422 tam
512 2382 654 2422 crebro
688 2396 730 2422 se
764 2380 1044 2429 circumtulit3
1079 2380 1176 2433 quia
1210 2379 1267 2420 ibi
1302 2394 1368 2419 me
1394 2379 1602 2433 quondam

69 2446 217 2501 saepius
239 2446 461 2488 desudasse
482 2447 716 2503 cognovit.”
786 2446 856 2488 Ex
888 2447 1037 2501 quibus
1069 2445 1215 2486 didicit
1246 2445 1376 2487 frater
1410 2445 1491 2495 ille,
1522 2459 1605 2485 non

70 2512 203 2553 solum
224 2511 312 2568 ejus
333 2513 549 2555 obtutibus
569 2512 778 2562 interiora⁷
803 2513 875 2554 sed
898 2518 939 2554 et
965 2512 1185 2561 exteriora,
1209 2517 1352 2567 patere
1371 2529 1382 2560 3
1408 2511 1504 2565 quin
1532 2511 1611 2551 im-

66 2592 135 2618 mo
157 2584 199 2619 et
226 2580 386 2634 antiqui
408 2580 610 2635 serpentis
642 2579 818 2621 astutias
848 2579 977 2634 ipsius
1004 2578 1197 2619 notitiam
1227 2578 1463 2619 nullatenus
1487 2591 1605 2632 posse

66 2644 209 2685 latere.

125 2710 292 2752 Horum
321 2711 449 2753 frater
479 2712 590 2753 idem
618 2712 737 2753 testis
768 2711 925 2753 assistit
957 2710 1166 2761 indubius,
1191 2711 1341 2764 quique
1372 2715 1466 2764 post
1497 2708 1607 2749 illius

65 2776 300 2831 depositum
320 2777 456 2818 locum
478 2776 662 2833 ejusdem
683 2777 919 2819 solitudinis
941 2782 1004 2818 est
1026 2776 1240 2831 2adeptus.

115 2876 123 2894 ¹
152 2874 235 2908 This
254 2874 391 2920 chapter
409 2875 489 2909 does
506 2882 565 2909 not
583 2888 683 2910 occur
701 2876 735 2909 in
753 2876 811 2909 the
831 2876 926 2910 Harl.
946 2876 1021 2909 MS.

113 2921 126 2940 ²
143 2920 322 2967 Adeptus]
352 2921 447 2955 Thus
472 2922 543 2955 told
567 2923 601 2955 in
619 2923 676 2955 the
702 2934 914 2967 anonymous
939 2921 1103 2955 Harlcian
1130 2920 1275 2964 legend:
1304 2919 1486 2961 “Quidam
1506 2919 1607 2952 frater

1357 2979 1416 3009 112
