1839 3186
201 169 284 208 4⁴48
728 178 967 211 LIBELLUS
1004 179 1068 211 DE
1105 180 1221 211 VITA

258 282 276 334 §
315 280 411 325 573.
461 281 722 324 Solemnibus
767 283 941 337 denique
978 284 1186 339 mysteriis
1233 283 1421 338 expletis,
1461 283 1543 324 duo
1564 328 1567 329 ⁷
1592 298 1732 324 eorum

201 348 344 403 griseis
374 348 510 389 induti
535 349 684 399 exiere,
708 354 885 404 quatuor
905 365 1002 391 vero
1035 351 1170 405 palliis
1203 350 1342 392 sericis
1375 349 1517 391 amicti
1543 350 1585 390 in
1608 350 1731 390 domo

199 415 400 465 resedere,
423 415 569 469 reliqui
600 420 741 457 autem
776 421 921 470 postea
948 417 1053 457 alter
1073 422 1165 472 post
1186 417 1364 458 alterum
1385 416 1585 471 prodiere.
1649 417 1733 457 De-

200 482 277 523 sub
299 497 472 536 quorum
493 481 678 536 vestigiis
715 482 839 524 altius
873 482 1144 537 ingradiendo
1178 498 1203 524 a
1233 488 1343 524 terra
1374 483 1592 537 suspensis,
1616 483 1732 537 quasi

199 548 340 590 radius
361 549 457 590 solis
473 548 693 589 videbatur
714 549 866 603 egredi,
892 564 972 602 qua
996 549 1241 590 claritudine
1264 549 1369 590 oculi
1392 549 1578 591 obtuitus
1598 565 1733 591 rever-

199 615 368 656 beratus
389 615 431 655 in
453 615 565 655 illam
587 629 669 655 non
686 615 851 655 valebat
882 614 1064 657 admitti.
1136 615 1292 670 Illeque
1316 615 1451 656 senior
1473 615 1541 669 qui
1572 616 1732 657 sollem-

199 681 270 722 nia
306 681 579 736 persolvebat,
602 681 711 721 circa
734 681 897 730 collum,
921 686 1076 736 pectus,
1108 686 1148 723 et
1182 683 1370 737 scapulas
1402 696 1530 736 usque
1563 682 1617 723 ad
1649 682 1734 723 ima

200 748 376 802 vestigia
404 747 603 788 infulatus
634 762 733 788 auro
755 747 971 802 perspicuo
993 748 1217 797 rutilabat3
1258 749 1326 803 qui
1349 748 1509 803 quoties
1530 748 1584 789 ad
1605 764 1732 804 popu-

199 814 286 854 lum
325 814 390 855 vel
433 814 487 856 ad
528 813 738 855 consocios
770 813 881 855 visus
924 819 1012 855 erat
1047 830 1089 856 se
1133 820 1385 864 convertere,
1431 815 1546 868 quasi
1590 815 1733 857 solaris

200 880 394 935 splendor
415 880 559 935 plenus
581 880 631 920 de
654 885 773 921 motu
793 893 991 921 manuum
1013 881 1122 923 illius
1143 896 1215 923 seu
1235 881 1496 923 brachiorum
1514 881 1735 923 videbatur

200 947 326 988 exire.
389 947 493 988 Post
514 961 656 988 omnes
678 947 846 988 demum
884 946 951 988 ille
990 947 1131 989 exibat
1169 963 1263 989 cum
1298 947 1429 998 sociis,
1467 947 1519 988 ad
1558 963 1732 1001 quorum

200 1028 422 1068 egressum,
446 1013 598 1054 ostium
633 1013 686 1054 ab
722 1014 780 1055 eis
816 1028 1059 1055 concussum
1098 1020 1174 1065 est,
1199 1015 1313 1069 quasi
1345 1014 1398 1056 ab
1430 1013 1732 1056 offendentibus

199 1080 296 1121 hinc
331 1080 506 1134 indeque
532 1080 811 1134 compulsum;
846 1080 1036 1134 solusque
1069 1081 1245 1122 domnus
1277 1086 1370 1136 post
1401 1081 1503 1122 alios
1526 1080 1731 1123 Godricus

202 1161 296 1187 cum
315 1146 395 1187 alio
411 1147 623 1196 remansit,
640 1147 708 1200 qui
725 1161 798 1201 per
815 1146 984 1188 domum
1002 1147 1319 1202 circumquaque
1335 1147 1585 1202 digrediens,
1605 1163 1734 1201 usque

202 1212 256 1254 ad
277 1213 410 1254 noctis
434 1213 619 1254 medium
640 1212 700 1254 ita
724 1213 1020 1255 deambulavit.
1089 1215 1180 1267 Quo
1211 1219 1402 1264 exeunte,
1426 1214 1486 1254 vir
1513 1213 1734 1269 languidus

200 1279 382 1334 perfecte
413 1279 637 1330 convaluit,
669 1284 711 1320 et
739 1294 861 1333 quem
881 1279 1099 1322 visibiliter
1122 1281 1249 1322 oculis
1274 1281 1478 1336 corporeis
1498 1281 1736 1334 praesentia-

202 1346 298 1387 liter
318 1346 492 1396 viderat,
518 1345 684 1387 virtutis
706 1346 892 1400 potentia
912 1345 994 1387 illic
1015 1347 1178 1389 affuisse
1203 1346 1423 1388 efficaciter
1447 1346 1665 1388 sentiebat.

263 1412 369 1453 Haec
401 1412 462 1453 ita
497 1412 787 1467 descripsimus
821 1413 926 1454 sicut
961 1427 1013 1453 ex
1045 1429 1113 1456 ore
1136 1413 1304 1456 veridici
1326 1413 1402 1455 viri
1427 1412 1554 1468 ipsius
1578 1413 1737 1455 audivi-

203 1494 320 1528 mus;
355 1494 449 1520 nam
483 1483 670 1520 maturus
692 1494 813 1533 opere
839 1483 880 1519 et
902 1483 1030 1520 aetate
1053 1480 1252 1531 consistit,
1276 1479 1336 1521 ita
1359 1483 1406 1521 ut
1431 1480 1480 1520 de
1502 1480 1627 1521 verbo
1650 1478 1737 1536 ejus

205 1545 487 1587 attestationis
510 1544 708 1587 ¹dubitari
730 1560 812 1586 non
833 1546 976 1600 possit.

624 1710 754 1736 CXCVI.
793 1710 844 1735 DE
875 1710 1028 1736 PUELLA
1064 1711 1316 1737 EPILENTICA.

272 1792 290 1845 ᾗ
324 1790 420 1836 574.
470 1791 590 1832 ERAT
614 1793 656 1833 in
678 1793 822 1834 villula
844 1793 965 1834 Eden
999 1799 1159 1843 vocata,
1183 1794 1373 1848 quaedam
1404 1794 1541 1848 puella
1564 1794 1741 1836 Adeliza

204 1858 430 1909 nominata,
457 1874 546 1913 quae
571 1859 702 1900 multo
734 1864 920 1915 tempore
952 1860 1205 1916 epilempsiae
1228 1861 1386 1910 morbo,
1411 1860 1524 1917 (quae
1546 1861 1741 1902 usitatius

252 1955 259 1973 ¹
282 1953 444 1987 Dubitari
462 1966 525 1986 non
536 1953 666 1999 possit]
692 1954 859 1987 “Domus
878 1954 1031 1998 ejusdem
1050 1954 1279 1999 carpentarius
1298 1954 1333 1987 in
1349 1966 1484 1999 gravem
1504 1955 1622 1988 incidit
1640 1955 1737 1999 aegri—

205 1999 370 2042 tudinem,
379 2000 435 2044 qui
450 2011 508 2044 pro
520 2000 628 2033 salute
645 2000 874 2046 recuperanda
887 2001 920 2033 in
929 2001 1052 2034 Sancto
1062 2001 1211 2034 Godrico
1223 2012 1317 2045 spem
1330 2001 1523 2034 firmissime
1542 2001 1739 2036 collocabat.

206 2045 273 2080 Hic
290 2052 390 2079 nocte
408 2046 564 2090 quadam,
583 2058 660 2080 cum
679 2053 813 2092 propter
831 2047 1002 2091 angustias
1021 2047 1129 2081 morbi
1148 2047 1293 2080 dormire
1311 2058 1377 2080 non
1394 2053 1518 2092 posset,
1532 2048 1616 2081 vidit
1629 2047 1739 2081 homi-

203 2104 281 2126 nem
299 2092 375 2125 alba
394 2092 553 2125 vestitum
570 2093 686 2126 tunica
703 2093 828 2126 ostium
847 2105 997 2134 camerae,
1018 2093 1051 2126 in
1070 2105 1135 2137 qua
1148 2093 1294 2136 jacebat,
1313 2093 1462 2127 introire.
1497 2094 1563 2136 Qui
1582 2094 1739 2138 gradiens

213 2150 262 2171 )ei·
280 2138 399 2172 domus
417 2139 561 2183 parietes
578 2138 712 2183 longius
729 2139 771 2172 ab
790 2139 932 2182 infirmo,
951 2151 1041 2184 saepe
1059 2139 1174 2172 oculos
1192 2139 1386 2173 inflectebat
1404 2140 1437 2173 in
1456 2152 1544 2174 cum.
1581 2140 1644 2174 Ille
1659 2152 1736 2173 vero

203 2151 294 2218 bunc
312 2184 459 2229 aliquem
478 2196 551 2218 esse
575 2185 615 2218 de
639 2185 835 2218 domesticis
858 2186 1066 2228 autumabat,
1093 2192 1126 2218 et
1152 2186 1327 2230 inquisivit
1345 2186 1499 2231 quisnam
1518 2192 1617 2220 esset.
1669 2187 1737 2229 Qui

204 2231 289 2264 nihil
306 2230 511 2275 respondens
529 2231 644 2273 exivit,
665 2238 697 2264 et
714 2231 749 2264 in
768 2231 858 2264 brevi
878 2231 978 2264 rediit
995 2244 1071 2265 cum
1091 2232 1192 2275 socio,
1216 2232 1273 2277 qui
1298 2238 1368 2265 erat
1391 2232 1529 2266 indutus
1548 2239 1640 2266 veste
1658 2245 1737 2266 can-

205 2277 311 2310 denti.
362 2277 443 2310 Erat
460 2283 573 2310 autem
592 2277 760 2311 secundus
778 2279 884 2321 major
901 2278 1021 2323 priore,
1044 2278 1090 2311 ita
1107 2285 1145 2311 ut
1162 2284 1265 2311 staret
1283 2278 1345 2312 sub
1364 2279 1489 2312 ascella
1506 2285 1539 2312 et
1556 2279 1737 2313 sustineret

203 2323 381 2357 brachium
399 2323 489 2356 illius
506 2323 710 2357 benedicens
731 2323 981 2370 [benedicentis
998 2325 1027 2370 2]
1051 2331 1225 2369 aegrotum.
1277 2325 1362 2357 Mox
1387 2325 1540 2359 infirmus
1566 2326 1655 2370 quod
1680 2326 1737 2359 ille

204 2371 314 2403 minor
339 2376 428 2403 esset
451 2369 569 2403 beatus
596 2370 763 2404 Godricus
789 2371 934 2415 agnovit.
985 2370 1077 2404 Dum
1102 2377 1228 2404 starent
1254 2371 1450 2416 aliquandiu
1475 2383 1574 2416 super
1599 2383 1736 2416 aegrum,

206 2418 311 2459 major
329 2416 452 2460 saepius
468 2416 645 2449 benedixit
663 2428 750 2459 eum,
778 2422 811 2449 et
828 2417 923 2461 quasi
942 2417 1191 2450 catecuminum
1211 2417 1431 2462 consignavit.
1482 2417 1669 2461 Exeuntes,
1687 2418 1736 2451 illi

205 2463 413 2496 reduxerunt
431 2473 547 2495 secum
565 2462 647 2496 alios
665 2463 787 2507 plures,
815 2463 856 2496 de
879 2463 1001 2508 quibus
1024 2469 1128 2497 tantae
1144 2463 1230 2496 lucis
1248 2464 1357 2508 fulgor
1374 2464 1500 2506 exibat,
1526 2470 1564 2497 ut
1581 2464 1737 2497 humanis

205 2521 271 2542 non
290 2514 403 2554 posset
421 2508 595 2542 obtutibus
621 2509 790 2542 sustineri.
843 2509 939 2542 Tunc
962 2521 1079 2542 omnes
1102 2510 1135 2542 111
1161 2510 1321 2554 superiori
1347 2516 1442 2555 parte
1460 2510 1579 2543 domus
1598 2511 1736 2544 missam

204 2555 375 2588 celebrare
389 2561 572 2599 coeperunt,
588 2560 621 2587 et
639 2555 782 2588 Sanctus
795 2555 963 2589 Godricus
981 2567 1103 2600 aquam
1115 2556 1277 2589 fundebat
1294 2556 1329 2589 in
1346 2568 1466 2589 manus
1484 2556 1736 2600 celebrantium,

207 2608 240 2634 et
257 2613 315 2646 per
333 2601 465 2645 singula
480 2601 704 2634 ministrabat.
760 2601 823 2634 Ille
841 2601 977 2646 quidem
996 2602 1107 2635 senior
1125 2602 1180 2646 qui
1199 2602 1363 2647 mysteria
1381 2602 1581 2645 celebrabat,
1600 2603 1738 2636 indutus

205 2648 297 2680 velut
315 2647 424 2680 aureis
446 2647 494 2680 vel
514 2647 638 2680 auratis
656 2647 816 2690 vestibus,
835 2648 1012 2690 rutilabat3
1031 2654 1063 2680 et
1081 2648 1212 2692 quoties
1231 2648 1487 2681 convertebatur
1504 2649 1546 2681 ad
1563 2649 1736 2694 populum,

206 2694 247 2727 de
271 2693 376 2738 ipsius
399 2693 545 2726 brachiis
571 2700 603 2726 et
628 2694 785 2727 manibus
810 2699 847 2727 ut
872 2693 989 2727 solaris
1015 2694 1151 2738 quidam
1177 2694 1335 2738 splendor
1359 2695 1486 2728 exibat.
1538 2694 1599 2728 Isti
1621 2706 1738 2728 omnes

205 2746 326 2785 praeter
343 2739 480 2772 beatum
500 2740 685 2773 Godricum
710 2746 742 2773 et
768 2740 934 2785 quendam
959 2740 1062 2773 alium
1084 2746 1162 2773 sunt
1187 2740 1322 2784 egressi,
1347 2741 1403 2785 qui
1422 2752 1527 2785 usque
1545 2741 1587 2774 ad
1604 2747 1738 2774 noctem

205 2786 352 2819 mediam
371 2792 616 2828 remanserunt,
634 2792 667 2819 et
692 2786 740 2819 illi
760 2792 924 2820 exeuntes
951 2798 1039 2831 aeger
1064 2786 1162 2831 plene
1185 2787 1367 2821 convaluit.
1419 2787 1490 2820 Ista
1508 2799 1550 2820 ex
1569 2787 1660 2820 illius
1679 2787 1735 2831 qui

205 2831 269 2865 hoc
289 2832 371 2865 vidit
389 2843 444 2864 ore
461 2833 683 2877 percepimus,
710 2834 807 2876 eujus
824 2832 888 2865 fuit
906 2838 999 2866 tanta
1015 2833 1193 2866 maturitas
1217 2844 1349 2866 morum
1367 2833 1491 2877 pariter
1509 2839 1542 2866 et
1559 2833 1678 2875 aetatis,
1700 2839 1734 2866 ut

205 2878 246 2911 de
264 2878 369 2923 ipsius
386 2878 582 2912 testimonio
598 2879 711 2912 nullus
730 2879 850 2912 debeat
870 2878 1061 2912 dubita1·e.⁷⁷
1112 2880 1225 2913 Anon.
1245 2879 1341 2914 Harl.
1361 2879 1509 2923 Legend.
