1839 3186
204 166 287 207 160
636 172 642 175 ·
729 172 960 206 LIBELLUs
995 173 1058 205 DE
1093 172 1207 205 vritA

198 278 403 320 lemnitas.
475 278 583 331 Quia
604 277 731 334 igitur
756 278 817 319 vir
838 278 919 319 Dei
940 278 983 319 id
1005 279 1248 334 expetierat,
1271 283 1312 320 et
1331 279 1585 320 consuetudo
1606 279 1728 321 solita

197 350 302 395 erat,
317 345 398 386 duo
415 345 563 386 fratres
585 344 635 385 de
658 345 840 386 coenobio
855 345 1146 387 Dunelmensis
1171 346 1366 387 Ecclesiae
1386 345 1455 386 illo
1479 346 1725 401 diriguntur,

199 412 268 467 qui
289 412 347 453 ibi
368 427 471 467 opus
491 412 571 452 Dei
601 412 771 452 honeste
798 410 1053 466 perficerent,
1087 416 1129 453 et
1163 412 1354 467 religiosa
1374 413 1617 453 maturitate
1638 428 1728 467 per-

201 480 416 521 solverent.
489 478 623 533 Opere
646 477 786 532 itaque
807 478 946 519 divino
969 477 1025 519 ibi
1047 484 1281 520 reverenter
1302 479 1479 533 expleto,
1515 483 1557 519 et
1586 478 1728 520 Missae

201 545 455 587 solemnioris
491 544 719 586 ministerio
755 549 933 598 peracto,
955 544 1131 599 populus
1152 545 1221 599 qui
1248 546 1473 587 advenerat
1505 545 1579 586 sub
1615 545 1729 586 festi-

201 612 369 654 natione
403 611 573 653 domum
597 611 823 652 remeabat.
894 610 1156 652 Accedentes
1192 616 1233 652 et
1269 611 1417 653 fratres
1449 611 1507 652 illi
1537 611 1728 653 benedic-

202 679 358 721 tionem
397 679 449 719 ab
491 693 538 719 eo
572 682 786 731 expetunt,
831 680 873 717 et
908 676 1119 718 remeandi
1159 677 1214 718 ad
1252 678 1480 718 coenobium
1519 678 1730 719 licentiam

202 746 462 800 quaesierunt.
525 744 685 796 Quibus
705 743 787 792 ille,
820 746 844 764 ⁴⁶
866 742 946 783 Dei
964 743 1295 784 benedictionem
1315 744 1515 794 habeatis,
1539 744 1611 785 sed
1635 744 1731 798 quia

202 812 275 853 filii
297 811 419 852 Beati
445 810 665 852 Outhberti
687 809 741 850 ad
761 824 827 850 me
851 808 1033 858 venistis,
1067 809 1264 865 impransi
1293 810 1462 851 domum
1483 810 1616 851 redire
1647 826 1730 851 non

202 877 391 934 poteritis
407 877 447 925 3⁸³
477 877 763 930 advocansque
787 875 1023 917 ministrum
1053 891 1173 917 suum
1195 877 1316 927 dixit,
1344 881 1369 899 ‘⁶
1389 877 1602 927 Accelera,
1640 876 1729 918 ¹ca-

202 945 372 994 rissime,
412 948 454 984 et
487 958 672 984 mensam
705 947 906 993 construe,
943 943 1038 996 quia
1064 942 1211 984 fratres
1241 943 1308 984 isti
1341 943 1434 985 istic
1467 944 1731 985 commessuri

204 1016 300 1054 sunt
324 1009 486 1051 hodie.”
549 1010 642 1063 Qua
678 1009 918 1064 composita,
954 1024 1080 1064 panes
1117 1009 1317 1051 avenitios
1352 1010 1556 1064 apposuit,
1592 1010 1732 1064 quales

203 1078 361 1127 habuit,
381 1082 422 1118 et
444 1077 525 1118 alia
544 1077 687 1117 lacteae
708 1075 969 1130 pinguedinis
997 1076 1178 1125 obsonia,
1204 1076 1350 1130 quibus
1372 1091 1440 1117 eos
1460 1077 1627 1117 reficere
1650 1076 1731 1117 dis—

202 1146 355 1200 posuit.
417 1143 578 1184 Videns
594 1157 691 1184 vero
714 1157 870 1183 coenam
891 1142 1004 1183 illam
1026 1142 1147 1183 nimis
1170 1157 1255 1183 esse
1277 1158 1513 1197 pauperem,
1535 1142 1730 1197 praecepit

203 1211 391 1253 ministro
426 1215 473 1252 ut
517 1210 750 1250 introferret
795 1214 836 1249 et
878 1208 1043 1263 piscem.
1115 1209 1195 1261 Qui
1236 1209 1465 1250 admiratus
1504 1209 1729 1264 respondit,

206 1283 231 1301 ‘⁶
252 1278 428 1328 Domne,
472 1276 578 1317 unde
613 1276 768 1331 piscem
788 1275 862 1316 tali
884 1280 1069 1329 tempore
1089 1275 1347 1325 haberemus,
1371 1290 1464 1316 cum
1488 1291 1571 1330 pree
1605 1275 1732 1316 nimio

204 1344 360 1386 aestatis
390 1343 548 1385 fervore
581 1343 718 1384 omnia
741 1340 957 1382 fluminum
984 1341 1204 1396 profunda,
1237 1357 1319 1396 prae
1356 1342 1550 1382 ariditate
1590 1342 1730 1391 nimia,

206 1412 315 1454 sicca
335 1426 421 1452 esse
447 1410 689 1451 videamus?
752 1409 977 1449 Possumus
1001 1407 1191 1463 ²⁷quidem
1213 1408 1269 1449 ibi
1288 1408 1411 1448 modo
1436 1409 1542 1449 sicco
1561 1409 1734 1464 vestigio

206 1477 468 1533 pertransire,
490 1477 560 1518 ubi
582 1475 789 1530 quondam
812 1489 983 1530 sagenas
1016 1479 1057 1515 et
1093 1474 1199 1515 retia
1227 1489 1567 1516 consueveramus
1591 1480 1734 1516 exten-

207 1545 346 1586 dere.”
405 1544 467 1585 At
486 1543 553 1584 ille
570 1542 715 1596 inquit,
736 1547 760 1564 “
781 1541 903 1582 Vade
926 1556 1049 1595 quam
1084 1540 1205 1582 citius
1227 1545 1268 1582 et
1289 1556 1483 1596 sagenam
1507 1556 1644 1582 meam
1666 1556 1735 1582 ex-

206 1611 330 1653 tende
363 1610 489 1652 etiam
515 1609 556 1650 in
586 1608 700 1650 fluvii
738 1609 846 1649 illius
871 1607 1052 1662 3stagnis
1086 1622 1190 1662 pene
1218 1608 1428 1648 arentibus
1446 1607 1486 1656 ;”
1523 1608 1633 1662 quod
1660 1608 1736 1648 mi-

206 1678 347 1727 nister,
379 1677 455 1717 4ut
482 1675 646 1732 jussum
667 1676 814 1725 fuerat,
846 1675 1034 1729 peregit3
1071 1674 1168 1714 licet
1204 1673 1254 1714 de
1284 1679 1457 1729 captura
1488 1674 1735 1716 omnimodis

208 1759 371 1800 sperare
392 1759 473 1784 non
495 1743 710 1798 potuisset.

269 1812 291 1866 ᾗ
312 1813 408 1852 151.
442 1810 659 1850 Redeunte
682 1808 884 1857 ministro,
910 1811 951 1847 et
974 1812 1165 1862 stagnum
1187 1805 1299 1848 fluvii
1321 1811 1526 1848 asserente
1546 1822 1675 1861 usque
1697 1807 1738 1848 in

208 1892 353 1919 arenas
374 1877 510 1918 aridas
537 1876 736 1917 siccatum
757 1875 818 1924 iri,
849 1874 1043 1929 praecepit
1072 1878 1120 1914 ut
1142 1873 1365 1914 caldariam
1390 1889 1513 1927 quam
1543 1873 1737 1914 citissime

209 1945 325 1998 aquis
362 1944 565 1998 impleret,
598 1950 639 1983 et
672 1957 794 1996 super
829 1940 965 1981 focum
1004 1955 1131 1994 aquas
1172 1940 1443 1981 calefacturus
1478 1944 1734 1995 exponeret3

211 2011 321 2065 quod
343 2016 384 2051 et
405 2010 562 2051 factum
584 2013 659 2051 est.
725 2008 826 2048 Post
859 2006 1067 2047 modicum
1093 2004 1220 2061 jussit
1259 2011 1307 2047 ut
1343 2021 1482 2048 servus
1519 2007 1573 2047 ad
1605 2006 1738 2060 ripam

212 2077 305 2125 iret,
332 2082 373 2118 et
398 2077 551 2132 piscem
573 2075 771 2130 capiendo
808 2073 1020 2128 proferret,
1044 2073 1112 2126 qui
1134 2073 1249 2122 abiit,
1274 2073 1392 2122 vidit,
1417 2078 1457 2113 et
1478 2088 1593 2114 cassa
1612 2088 1739 2113 manu

211 2143 362 2191 rediit3
413 2143 522 2197 quod
558 2148 599 2183 et
627 2141 804 2183 secundo
837 2139 1083 2194 complevit;
1118 2144 1159 2179 et
1195 2144 1409 2193 pertaesus,
1433 2140 1544 2180 ultra
1578 2139 1646 2179 illo
1682 2139 1740 2180 ire

212 2210 360 2251 renuit.
423 2209 647 2250 Paululum
667 2223 763 2263 ergo
784 2207 846 2247 vir
868 2206 948 2246 Dei
970 2205 1181 2255 conticuit,
1208 2210 1249 2245 et
1281 2206 1337 2246 sic
1357 2203 1373 2227 ⁵
1388 2205 1555 2246 demum
1576 2220 1649 2246 ora
1674 2221 1740 2246 re-

214 2276 336 2318 solvit
357 2291 365 2315 :
402 2279 427 2298 ‘⁶
452 2276 584 2330 Perge
599 2273 690 2329 jam
711 2288 833 2324 nunc,
859 2272 953 2326 quia
975 2272 1095 2326 piscis
1116 2271 1183 2312 ille
1204 2271 1327 2312 modo
1349 2272 1391 2312 111
1411 2272 1568 2313 retibus
1589 2272 1739 2312 nostris

213 2343 292 2383 hac
318 2341 461 2383 eadem
481 2342 584 2381 hora
611 2340 810 2389 introivit,
834 2354 955 2393 quem
978 2338 1153 2379 Sanctus
1174 2338 1204 2378 J
1208 2338 1389 2379 ohannes
1423 2338 1617 2392 Baptista
1637 2338 1739 2378 mihi

215 2409 395 2464 polliceri
420 2407 576 2455 voluit,
610 2422 707 2447 nam
731 2406 838 2447 illius
854 2404 1099 2459 promissum
1121 2419 1330 2458 nunquam
1350 2405 1499 2446 cassari
1515 2399 1737 2459 6potuerit,

218 2475 315 2530 quin
350 2473 422 2515 fiat
455 2473 565 2528 quod
598 2473 762 2521 dixerit,
800 2470 987 2525 quamvis
1012 2470 1188 2512 tarditas
1223 2469 1319 2511 fidei
1341 2476 1489 2512 nostrae
1522 2471 1625 2511 talia
1658 2485 1740 2510 non

217 2541 458 2597 promeruit.
540 2539 598 2580 Et
645 2538 754 2587 ille,''
798 2537 944 2591 inquit,
995 2540 1020 2558 ‘⁶
1042 2537 1199 2578 salmon
1238 2531 1517 2591 ⁷peroptimus
1553 2541 1627 2586 est,
1670 2536 1738 2590 qui

218 2609 341 2650 modo
374 2608 417 2649 in
447 2606 607 2662 sagenis
637 2604 869 2659 8pei-clusus
907 2602 1009 2644 est.”
1071 2602 1255 2656 Pergcns
1286 2602 1460 2656 denique
1492 2617 1629 2644 servus
1656 2602 1739 2651 ille,

267 2719 274 2737 ¹
297 2717 496 2763 Carissim]
526 2715 709 2758 Citissime,
731 2714 777 2748 H.
1060 2711 1072 2731 2
1094 2711 1263 2757 Quidem]
1292 2711 1418 2756 Inquit,
1441 2711 1487 2745 H.

266 2765 278 2784 ³
296 2764 456 2810 Stagnis.]
484 2763 617 2808 Stagnis
635 2761 819 2801 arentibus,
842 2759 888 2794 H.
1058 2758 1070 2776 ⁴
1094 2757 1170 2803 Ut.]
1199 2757 1254 2801 Et,
1276 2758 1318 2791 B.

267 2812 279 2829 ⁵
300 2810 471 2856 Demum]
499 2809 641 2852 Deinde,
664 2808 710 2841 H.
1057 2804 1070 2823 ⁶
1089 2804 1276 2849 Potamia]
1301 2803 1438 2847 Poterit,
1461 2804 1507 2837 H.

268 2858 281 2881 ⁷
300 2856 537 2903 Peroptimus]
564 2854 837 2900 Peroptissimus,
860 2852 904 2885 H.
1064 2851 1075 2869 Β
1092 2850 1276 2884 Perclusus.
1302 2849 1504 2893 Praeclusus,
1526 2849 1571 2883 H.
