1839 3186
572 241 630 271 ET
666 240 932 272 MIRACULIS
969 241 1003 271 s.
1038 241 1254 273 Gonnici.
1591 234 1669 273 321

209 345 342 399 §304.
379 344 487 385 Nam
504 349 595 399 post
614 345 701 385 haec
716 344 892 398 expletis
906 348 998 385 octo
1014 344 1158 385 diebus
1180 344 1221 385 111
1244 344 1421 386 ¹octavis
1444 345 1671 387 Dominicae

141 411 417 462 Ascensionis,
442 426 589 451 aurora
622 411 701 451 diei
726 410 852 464 ipsius
888 411 1058 459 oriente,
1093 426 1234 452 rursus
1267 411 1377 452 idem
1412 412 1540 453 frater
1564 428 1671 466 quae-

139 478 234 518 dam
265 478 445 519 coelestia
465 477 703 526 meditatus,
726 492 801 517 nec
826 477 991 516 omnino
1013 476 1211 531 evigilans
1233 478 1305 518 sed
1340 493 1470 531 neque
1505 493 1667 532 sopora-

140 549 219 594 tus,
246 548 332 584 tam
364 542 551 599 jocunda
585 543 714 598 patris
751 542 812 584 sui
849 547 910 583 est
949 543 1227 584 consolatione
1262 544 1467 585 visitatus.
1547 544 1670 585 Vidit

138 610 303 664 quidem
324 615 486 665 patrem
508 625 626 651 suum
652 609 728 650 sibi
749 609 967 649 manifesto
988 609 1190 659 assistere,
1215 615 1255 650 et
1273 610 1373 650 talia
1394 610 1669 664 proferentem

139 676 285 726 dicere,
321 681 345 701 ‘⁶
364 676 566 731 Exsurge,
590 675 659 725 fili,
685 681 725 717 et
752 675 930 716 Godrico
959 673 1049 730 jam
1071 675 1238 716 obeunti
1264 676 1457 726 assistitO,
1490 682 1531 717 et
1553 677 1670 731 spiri-

138 748 228 783 tum
258 758 397 783 meum
420 742 605 784 Creatori
640 743 858 797 spirituum
887 740 1218 782 commendato.’'
1296 742 1389 795 Qui,
1421 748 1467 783 ut
1499 743 1535 784 ei
1557 743 1669 784 vide-

138 809 272 859 batur,
296 814 465 863 repente
501 809 542 849 in
562 808 760 849 Finchale
796 808 968 862 positus,
993 823 1092 848 mox
1130 808 1320 858 surrexit,
1360 813 1401 849 et
1437 808 1478 849 in
1515 808 1668 850 2cilicio

138 875 370 930 depositum
401 890 546 929 corpus
572 875 702 929 patris
726 874 878 923 videns,
902 874 1008 915 stola
1036 874 1139 915 collo
1173 875 1477 929 circumposita,
1511 876 1668 929 egredi-

136 946 274 983 entem
296 941 486 996 spiritum
506 956 599 981 cum
614 941 759 982 ceteris
779 940 974 981 fratribus
996 940 1176 981 Domino
1199 941 1525 990 commendavit3
1552 940 1667 997 cujus

136 1008 261 1049 etiam
290 1007 479 1062 spiritum
518 1007 621 1048 vidit
646 1007 825 1048 coelestia
848 1011 1078 1061 penetrare,
1103 1012 1143 1047 et
1166 1007 1273 1048 inter
1295 1012 1422 1049 coetus
1442 1009 1668 1049 multorum

137 1073 423 1115 dealbatorum
466 1073 520 1114 ad
558 1074 767 1127 superiora
819 1073 1102 1115 conscendere.
1198 1074 1330 1126 Quem
1372 1073 1438 1114 ille
1488 1074 1668 1116 lacrimis

136 1140 315 1181 ubertim
358 1139 610 1181 stillantibus
644 1143 897 1194 prosecutus,
938 1138 1070 1179 multa
1110 1139 1243 1180 cordis
1277 1140 1523 1181 contritione
1561 1141 1667 1182 sicut

136 1211 297 1261 patrem
319 1221 438 1248 suum
467 1210 528 1246 est
550 1206 763 1255 allocutus,
792 1209 818 1227 ⁴⁶
836 1205 965 1245 Pater
986 1204 1057 1254 mi,
1084 1210 1203 1260 pater
1228 1206 1298 1255 mi,
1323 1212 1530 1247 memento
1554 1207 1663 1255 mei;

137 1273 232 1327 quia
252 1288 317 1313 me
338 1272 406 1313 hic
433 1272 659 1322 dimittens,
675 1270 767 1327 jam
799 1271 960 1313 scandis
981 1271 1035 1312 ad
1056 1287 1228 1326 regnum
1252 1272 1391 1314 Patris
1412 1273 1514 1315 tui.w
1586 1273 1667 1326 Qui

136 1340 273 1380 oculos
295 1339 349 1380 ad
381 1339 496 1379 illum
517 1338 667 1379 blande
701 1343 957 1392 retorquens,
982 1338 1098 1392 quasi
1132 1338 1252 1379 corde
1289 1339 1511 1380 miserabili
1551 1339 1667 1380 illum

137 1410 198 1447 est
229 1405 419 1454 intuitus,
453 1410 494 1446 et
526 1406 635 1446 elata
671 1420 767 1459 erga
803 1420 896 1445 eum
934 1404 1108 1445 dextera
1142 1404 1283 1446 Crucis
1312 1405 1520 1460 signaculo
1545 1406 1666 1447 bene-

137 1472 288 1522 dicens,
319 1477 360 1513 et
391 1472 448 1513 sic
469 1472 521 1513 ab
553 1486 600 1512 00
636 1472 690 1513 ad
722 1471 902 1512 coelestia
933 1476 995 1512 est
1027 1471 1265 1512 translatus.
1328 1471 1541 1527 Evigilans
1572 1487 1668 1514 vero

133 1539 201 1581 ille
250 1538 473 1588 sudarium,
517 1553 596 1592 quo
637 1537 749 1592 prius
790 1542 915 1592 caput
956 1537 1200 1588 involverat,
1242 1542 1361 1579 tanto
1405 1538 1667 1579 lacrimarum

133 1606 279 1647 sudore
296 1605 534 1645 madentem
554 1604 801 1655 inveniebat,
820 1603 929 1658 quod
953 1605 1078 1645 etiam
1101 1604 1271 1657 quilibet
1295 1620 1441 1646 manus
1462 1605 1668 1647 obsoletas

134 1687 186 1713 ex
208 1671 391 1712 humoris
415 1669 501 1726 ejus
534 1670 779 1711 inundantia
806 1670 984 1711 lavando
1010 1685 1185 1725 purgare
1221 1671 1500 1725 p1·aevalebat;
1535 1676 1576 1712 et
1600 1672 1667 1725 qui

134 1739 175 1779 in
197 1738 352 1779 exstasi
381 1738 539 1792 positus
563 1742 703 1777 tamen
728 1737 840 1791 prius
863 1735 1047 1786 fleverat,
1070 1737 1336 1790 postmodum
1365 1738 1562 1792 evigilans
1595 1753 1668 1792 per

133 1806 255 1846 horas
280 1805 435 1858 aliquot
455 1819 480 1844 a
502 1803 681 1844 lacrimis
698 1802 854 1844 diutius
881 1807 1110 1857 temperare
1127 1818 1208 1843 non
1230 1808 1413 1857 poterat3
1450 1809 1665 1858 certusque

134 1872 184 1912 de
217 1871 333 1912 obitu
365 1870 494 1924 patris
530 1869 677 1924 factus,
715 1869 890 1910 Missam
925 1883 1019 1909 cum
1055 1869 1165 1909 omni
1206 1868 1337 1910 officio
1375 1870 1665 1910 defunctorum

132 1937 354 1994 persolvit3
390 1941 430 1977 et
463 1936 505 1977 in
541 1936 720 1977 crastino
751 1935 1014 1989 subsequenti
1050 1935 1126 1976 sub
1148 1935 1410 1977 festinatione
1442 1936 1663 1990 profectus,

129 2046 231 2079 tionis
258 2046 384 2088 instat;
410 2045 533 2079 festina
558 2052 595 2079 ut
620 2046 776 2079 morienti
803 2045 943 2079 devotus
969 2046 1117 2089 assistas,
1136 2046 1211 2079 vide
1236 2045 1454 2090 frigescentes
1481 2056 1602 2078 manus
1633 2051 1666 2078 et

129 2092 241 2138 pedes,
261 2098 294 2125 et
311 2098 447 2125 tenuem
466 2092 621 2137 spiritum
640 2093 673 2125 in
692 2104 768 2125 meo
786 2103 922 2136 corpore
939 2092 1182 2137 palpitantem.’
1235 2093 1297 2126 Ille
1310 2092 1485 2136 posthanc
1500 2091 1664 2125 visionem

131 2150 229 2172 suum
247 2139 309 2171 iter
327 2138 369 2171 ad
388 2139 452 2171 Dei
470 2150 601 2171 servum
629 2138 792 2171 instanter
817 2138 992 2179 accelerat,
1015 2139 1074 2171 sed
1098 2140 1170 2182 ejus
1188 2138 1396 2185 propositum
1415 2149 1504 2171 nunc
1522 2138 1664 2171 infirmi--

130 2190 211 2227 tate,
228 2196 318 2218 nunc
336 2184 411 2217 aliis
429 2185 631 2229 quibusdam
650 2184 884 2218 occasionibus
902 2185 1122 2229 impeditur.''

178 2233 187 2252 ¹
211 2231 373 2276 Octavia]
398 2233 438 2263 21
460 2231 556 2276 May.

175 2279 187 2297 ²
208 2276 356 2323 Cilicia]
386 2277 426 2310 In
450 2277 508 2310 the
533 2277 698 2310 narrative
724 2277 761 2309 of
783 2277 831 2310 St.
849 2277 1006 2311 Godric's
1032 2277 1143 2321 death,
1170 2284 1204 2311 at
1222 2277 1238 2322 ξ
1259 2280 1336 2320 308,
1363 2289 1413 2311 we
1439 2277 1481 2311 do
1507 2283 1565 2311 not
1583 2278 1662 2311 read

130 2324 203 2357 that
226 2324 267 2356 he
285 2335 353 2356 was
378 2323 496 2368 placed
522 2335 563 2356 on
590 2322 779 2356 sack-eloth
804 2323 944 2357 covered
962 2324 1043 2356 with
1067 2324 1188 2365 ashes3
1214 2324 1275 2357 but
1301 2324 1369 2357 this
1396 2335 1575 2371 ceremony
1593 2336 1661 2357 was

129 2370 292 2415 probably
309 2376 368 2402 not
386 2370 537 2412 omitted,
556 2369 622 2402 and
639 2369 666 2401 it
684 2381 751 2402 was
769 2381 806 2402 so
823 2370 956 2414 genera]
975 2370 1048 2403 that
1066 2370 1234 2415 Reginald
1259 2382 1338 2416 may
1351 2371 1438 2403 have
1463 2370 1607 2415 thought
1635 2371 1661 2403 it

128 2428 354 2460 unnecessary
372 2421 405 2448 to
430 2416 581 2449 mention
607 2416 644 2449 it.
696 2415 768 2448 The
787 2416 956 2449 instances
979 2416 1090 2449 which
1116 2428 1216 2450 occur
1239 2417 1273 2449 in
1302 2416 1543 2450 ecclesiastica]
1573 2417 1659 2449 anti-

128 2463 224 2507 quity
249 2474 303 2495 are
334 2474 413 2506 very
443 2473 635 2495 numerous.
687 2462 718 2494 It
747 2473 827 2507 may
855 2462 896 2495 be
923 2463 1055 2507 enough
1086 2469 1119 2496 to
1144 2463 1209 2496 cite
1238 2463 1295 2496 the
1324 2463 1519 2507 following:
1546 2465 1567 2481 ‘⁶
1583 2463 1659 2496 Hoc

128 2509 248 2542 ultimo
278 2508 378 2541 verbo
407 2514 586 2553 postquam
616 2508 746 2541 cunctis
776 2509 987 2542 sermonibus
1021 2509 1091 2542 suis
1121 2509 1224 2542 finem
1255 2509 1359 2552 dedit,
1385 2509 1419 2542 in
1453 2509 1579 2542 lectum
1606 2521 1658 2542 re-

128 2555 283 2598 clinatus,
317 2554 462 2599 indeque
493 2560 569 2599 post
596 2554 768 2587 modicum
803 2554 844 2588 ad
873 2555 1022 2588 cilicium
1060 2556 1170 2589 cinere
1204 2567 1421 2601 conspersum
1449 2567 1467 2588 a
1500 2555 1659 2589 fratribus

129 2601 309 2634 translatus
329 2607 390 2634 est.
440 2601 536 2645 Saepe
554 2606 668 2633 autem
687 2600 824 2634 eosdem
850 2601 967 2635 fratres
992 2607 1070 2634 ante
1095 2608 1277 2646 rogaverat,
1303 2614 1345 2635 ne
1371 2613 1406 2634 se
1432 2613 1512 2634 casu
1538 2601 1660 2646 aliquo,

128 2647 193 2680 nisi
211 2648 245 2680 in
272 2647 383 2680 cinere
400 2652 432 2679 et
451 2647 561 2680 cilicio
581 2646 773 2680 Christiano
798 2659 890 2680 more
912 2648 997 2681 mori
1015 2648 1258 2693 permitterent.
1310 2648 1467 2681 Timebat
1489 2647 1590 2690 enim,
1618 2659 1661 2680 ne

128 2693 276 2738 qualibet
294 2693 499 2726 infirmitatis
525 2694 597 2736 ejus
615 2694 846 2738 compassione
865 2693 957 2726 ducti
975 2694 1038 2727 hoc
1055 2695 1352 2739 praetermitterent
1371 2694 1422 2726 vel
1441 2693 1659 2738 negligerent.

130 2739 169 2772 In
197 2751 273 2784 quo,
303 2740 390 2772 sicut
418 2745 450 2772 et
475 2739 509 2771 in
535 2739 621 2782 aliis,
648 2739 786 2772 Martini
814 2740 865 2772 sui
893 2740 1049 2785 exempla
1075 2746 1107 2773 et
1133 2741 1233 2774 verba
1262 2740 1356 2784 sequi
1384 2739 1564 2781 nitebatur,
1591 2740 1658 2784 qui,

129 2786 216 2818 sicut
234 2785 389 2818 omnibus
407 2791 523 2818 notum
542 2791 601 2828 est,
621 2786 795 2830 discipulis
818 2786 964 2820 moriens
981 2787 1187 2831 praedicabat
1204 2799 1271 2820 non
1289 2786 1410 2819 debere
1429 2785 1659 2819 Christianum

127 2832 191 2864 nisi
221 2832 256 2864 in
284 2831 395 2864 cinere
426 2831 546 2864 mori.'’
596 2832 629 2865 S.
650 2832 738 2864 Petr.
761 2832 928 2866 Venerab.
954 2844 1006 2877 ap.
1034 2833 1123 2866 Bibl.
1144 2833 1232 2867 Patr.
1254 2845 1318 2866 XII.
1337 2833 1371 2865 ii.
1400 2834 1477 2875 285,
1505 2832 1584 2865 edit.
1603 2833 1662 2865 fol.

128 2877 245 2912 Colon.
266 2880 365 2912 1618.
416 2877 628 2921 Concerning
645 2878 701 2910 the
729 2878 829 2911 death
856 2879 893 2911 of
914 2879 962 2912 St.
982 2879 1109 2912 Mai-tin
1136 2879 1173 2912 of
1197 2879 1305 2912 Tours
1331 2890 1386 2911 see
1404 2878 1660 2920 Su1·ius,n1ens.

129 2923 297 2957 Novemb.
316 2935 347 2968 p.
369 2925 446 2967 260,
466 2923 546 2957 edit.
567 2924 684 2957 Colon.
708 2926 808 2957 1618.

1442 3010 1464 3034 Y
