1839 3186
192 184 244 225 36
715 191 947 224 LIBELLUS
984 191 1046 223 DE
1082 191 1196 224 VITA

195 298 395 340 furtivum
420 296 513 338 sit.”
584 294 712 351 Cujus
744 294 1083 351 castigationibus
1106 300 1146 336 et
1167 295 1335 349 monitis
1354 301 1508 350 quanto
1531 294 1720 336 emenda-

168 366 320 407 vtiores
361 379 448 406 esse
489 367 695 419 poterant,
738 367 856 403 tanto
896 362 1080 416 quotidie
1118 362 1341 404 deteriores
1383 363 1643 411 exstiterant,
1680 367 1721 401 et

196 432 345 488 saepius
372 430 557 473 convicia
594 434 762 485 propter
792 427 879 485 ejus
910 430 1036 470 verba
1066 429 1323 484 persuasoria
1354 429 1396 470 in
1419 430 1534 471 illum
1563 428 1724 484 jacula-

195 500 311 541 bant.
373 498 559 551 Quorum
588 496 759 537 tandem
789 501 953 537 tantam
997 496 1225 550 nequitiam
1260 495 1411 537 domno
1440 511 1512 538 suo
1546 511 1628 537 non
1661 510 1724 535 ce-

197 565 366 607 landam
389 563 597 620 judicans,
631 562 783 603 delicta
813 577 1023 604 servorum
1057 562 1184 617 ipsius
1206 562 1241 603 ei
1264 563 1430 617 cognita
1449 563 1560 613 feeit,
1593 567 1635 603 et
1666 562 1725 602 in-

190 631 377 688 justitias
397 632 560 673 illorum
581 644 663 671 non
680 629 917 675 abscondit;
943 644 1034 683 quae
1052 634 1213 684 patrem
1234 629 1410 671 familias
1429 629 1725 685 parvipendere

200 699 485 754 comprobans,
508 713 533 738 a
554 696 704 737 domno
736 695 805 736 illo
830 695 1079 736 abscedendi
1103 695 1312 736 licentiam
1334 696 1455 750 petiit
1481 702 1522 737 et
1552 695 1724 750 accepit,

200 771 242 807 et
264 769 499 821 peccatores
522 762 805 818 peccatoribus
827 762 1128 803 consentientes
1148 762 1331 817 aufugit;
1372 768 1495 817 atque
1517 762 1571 803 ad
1593 777 1634 803 se
1666 777 1727 802 re-

201 847 355 882 versus,
387 846 439 872 ex
460 830 535 872 tali
567 828 834 883 surreptionis
861 828 1042 883 periculo
1073 828 1255 883 graviter
1293 828 1508 884 ingemuit,
1547 833 1588 869 et
1619 828 1729 883 quod

198 899 420 940 inscienter
444 896 719 946 commiserat,
756 894 997 950 poenitentia
1020 895 1195 945 vindice,
1218 895 1260 936 in
1282 909 1324 936 se
1351 896 1557 951 sapienter
1585 895 1729 950 punire

201 966 385 1007 curabat.
449 962 575 1004 Unde
602 961 841 1017 peregrinus
882 961 936 1002 ad
975 961 1142 1003 1limina
1185 961 1329 1003 Sancti
1361 962 1528 1018 AEgidii
1565 962 1732 1004 veniam

201 1033 407 1087 petiturus
428 1029 614 1084 accepit;
649 1029 786 1083 sicque
804 1029 995 1079 Romam,
1018 1029 1167 1070 moenia
1188 1028 1414 1070 Beatorum
1431 1029 1728 1085 Apostolorum

203 1099 320 1140 Petri
361 1103 403 1139 et
442 1096 564 1138 Pauli
604 1094 821 1146 invisurus,
866 1095 1011 1137 adivit.
1075 1095 1133 1136 Et
1174 1111 1298 1150 quam
1338 1096 1572 1150 frequenter
1603 1095 1729 1136 etiam

201 1166 337 1221 ipsum
371 1164 413 1205 in
453 1164 564 1206 senio
602 1162 784 1217 positum
822 1178 895 1217 pro
925 1163 1003 1204 hac
1035 1162 1301 1217 surreptionis
1332 1162 1584 1218 negligentia
1612 1161 1729 1203 lacri-

200 1237 386 1274 mantem
402 1230 649 1280 audivimus‚
667 1234 708 1270 et
727 1244 799 1284 pro
821 1229 1063 1284 ignorantiae
1080 1234 1249 1284 peccato
1267 1234 1353 1270 tam
1376 1230 1447 1270 diu
1468 1230 1585 1270 illum
1605 1228 1730 1284 poeni-

202 1299 390 1341 tudinem
422 1312 577 1353 gerere,
608 1311 682 1337 nos
703 1296 744 1336 in
771 1296 889 1337 nobis
919 1295 1285 1345 confundebamur,
1309 1296 1377 1350 qui
1399 1312 1451 1337 ex
1473 1295 1731 1337 conscientia

204 1366 388 1408 reatibus
424 1369 465 1405 et
503 1362 782 1404 criminalibus
817 1362 999 1417 oppressi
1031 1363 1263 1413 sceleribus,
1287 1362 1382 1404 2vix
1414 1378 1467 1404 ex
1503 1363 1587 1404 solo
1609 1362 1730 1403 corde

205 1433 281 1475 sub
317 1430 515 1486 temporis
552 1434 762 1471 momento
803 1429 1130 1484 compungimur.
1214 1429 1282 1469 Sic
1322 1429 1482 1484 peceati
1517 1428 1734 1483 naufragia

203 1499 338 1540 nudus
354 1498 497 1547 evasit,
523 1502 564 1538 et
587 1512 639 1537 ex
661 1496 821 1551 peccati
842 1496 1188 1537 circumventione
1212 1495 1413 1538 seditiosa
1426 1496 1594 1538 virtutis
1615 1495 1733 1537 semi-

204 1566 320 1607 naria
340 1563 640 1606 adinveniendo
657 1562 912 1617 composuit;
958 1568 998 1603 et
1018 1562 1127 1603 unde
1144 1562 1273 1603 hostis
1295 1563 1519 1605 occasionis
1544 1561 1734 1603 incendia

206 1635 524 1688 praeparaverat,
545 1629 640 1671 inde
666 1629 727 1671 vir
749 1628 851 1670 3Dei
873 1629 1038 1671 virtutis
1066 1633 1326 1670 armamenta
1342 1629 1653 1685 4praestruebat.

252 1744 262 1764 ¹
284 1742 419 1776 Limina
437 1741 471 1775 S.
492 1741 650 1788 AEgidii]
684 1742 715 1774 A
734 1740 967 1783 Benedictine,
994 1740 1187 1774 afterwards
1213 1752 1233 1773 a
1259 1740 1458 1783 Cistercian,
1483 1745 1676 1784 monastery
1702 1739 1736 1772 in

205 1790 406 1823 Narbonese
429 1788 542 1830 Gaul3
580 1800 636 1821 see
663 1788 752 1822 Gall.
783 1788 907 1821 Christ.
935 1788 980 1821 iv.
1004 1790 1036 1830 8,
1067 1787 1146 1821 edit.
1175 1787 1232 1821 fol.
1259 1787 1449 1821 Par.1656.
1499 1786 1537 1819 In
1558 1785 1736 1819 Mabillon.

205 1836 331 1870 Annal.
351 1835 480 1869 Bened.
499 1847 574 1869 ΑΛ).
594 1837 695 1878 1046,
716 1831 733 1880 §
753 1837 808 1878 98,
828 1835 854 1867 it
872 1835 900 1868 is
917 1834 1124 1877 mentioned,
1142 1834 1174 1867 in
1195 1834 1413 1877 eonjunction
1430 1833 1511 1866 with
1538 1832 1646 1865 Rome
1670 1832 1736 1865 and

208 1882 448 1928 Compostella,
467 1894 503 1915 as
524 1894 544 1915 a
560 1882 655 1927 place
673 1881 870 1926 frequented
887 1881 933 1926 by
949 1881 1113 1926 pilgrims.
1163 1881 1225 1913 Sec
1251 1880 1391 1913 another
1417 1880 1568 1912 instance
1594 1879 1628 1911 in
1647 1879 1736 1912 Aeta

207 1930 267 1963 SS.
285 1930 366 1963 Jun.
386 1929 428 1962 iv.
444 1931 523 1962 844.
574 1929 710 1973 Among
727 1928 784 1961 the
800 1927 917 1961 letters
935 1928 973 1961 of
993 1928 1042 1961 St.
1060 1927 1201 1960 Ansehn
1228 1927 1255 1960 is
1273 1938 1336 1959 one
1355 1926 1419 1971 (iii.
1439 1928 1495 1966 33,
1514 1938 1546 1970 p.
1560 1927 1639 1968 378,
1659 1925 1739 1958 edit.

208 1976 325 2021 1721)
345 1975 525 2009 addressed
550 1981 585 2008 to
611 1986 630 2008 a
654 1975 758 2008 monk
776 1974 850 2007 who
867 1986 936 2007 was
960 1974 1104 2007 anxious
1130 1983 1164 2006 to
1190 1972 1375 2006 undertake
1401 1984 1420 2005 a
1437 1974 1584 2017 journey
1600 1972 1737 2005 thither.

206 2023 299 2068 Pope
317 2022 475 2055 Gelasius
493 2021 550 2054 the
567 2021 699 2055 Second
723 2020 856 2054 resided
880 2020 975 2054 there
1000 2020 1050 2053 for
1075 2031 1168 2054 some
1193 2020 1276 2053 time
1299 2020 1333 2052 in
1351 2019 1407 2052 the
1425 2031 1505 2064 year
1524 2021 1625 2053 1118.
1675 2019 1738 2051 See

208 2069 332 2102 Baron.
351 2069 442 2102 Ann.
460 2067 503 2101 ad
520 2079 575 2101 an.
596 2064 614 2112 ξ
634 2070 688 2101 16.

254 2116 267 2134 ²
291 2115 353 2149 Vix
369 2127 408 2148 ετ
423 2114 490 2148 solo
505 2113 628 2160 corda]
657 2114 728 2147 Vix
747 2126 789 2147 ex
808 2113 919 2154 corde,
940 2113 987 2147 H.

257 2163 269 2181 ³
287 2162 356 2195 Dei·
371 2161 515 2194 virtutis.
563 2160 627 2193 Dei
646 2160 817 2204 virtutem,
839 2160 885 2193 H.

252 2209 266 2229 4
285 2208 520 2242 Praestruebat.
570 2206 643 2240 The
658 2212 788 2251 greater
804 2207 937 2252 portion
951 2206 988 2239 of
1001 2206 1096 2238 these
1113 2206 1281 2239 ineidents
1295 2218 1350 2239 are
1364 2205 1506 2239 omitted
1522 2205 1568 2250 by
1580 2205 1741 2250 Geoffrey

207 2254 274 2288 and
293 2255 475 2300 Capgrave,
500 2253 567 2287 and
584 2265 639 2286 are
656 2253 734 2286 thus
752 2253 879 2286 related
904 2252 949 2297 by
967 2252 1024 2285 the
1041 2264 1250 2298 anonymous
1268 2253 1430 2286 historian
1447 2264 1453 2286 :
1479 2253 1501 2271 “
1515 2251 1593 2285 Jam
1610 2252 1740 2296 negoti-

207 2301 295 2335 ando
313 2301 462 2334 sedecim
480 2312 643 2333 annorum
661 2306 795 2345 tempus
813 2299 1018 2344 expleverat,
1037 2310 1114 2332 cum
1140 2311 1192 2332 res
1217 2300 1334 2332 multis
1358 2298 1529 2332 laboribus
1554 2298 1740 2343 adquisitas

208 2349 241 2381 in
260 2348 366 2381 bonos
383 2359 464 2380 usus
481 2346 524 2379 ad
541 2347 702 2379 honorem
721 2352 752 2379 et
767 2346 966 2390 obsequium
986 2345 1050 2378 Dei
1069 2346 1260 2391 expendere
1279 2345 1488 2390 disponebat.
1539 2344 1647 2389 Igitur
1672 2345 1739 2389 sig-

208 2407 290 2428 num
308 2394 428 2436 erucis,
449 2393 680 2426 lerosolimam
699 2393 876 2438 petiturus,
895 2392 1036 2437 aceepit,
1055 2398 1088 2424 ct
1106 2393 1296 2437 sepulcrum
1314 2392 1365 2439 [ἲ]
1385 2403 1443 2437 per
1460 2392 1621 2424 Sanctum
1639 2391 1739 2424 Jaco-

208 2441 290 2475 bum
309 2441 341 2474 in
361 2439 520 2484 Angliam
538 2440 711 2474 remeavit.
759 2439 841 2472 Non
859 2439 966 2472 multo
984 2444 1060 2483 post
1078 2439 1252 2482 cujusdam
1272 2441 1424 2484 patriotae
1450 2437 1502 2471 sui
1528 2437 1641 2470 divitis
1663 2449 1739 2482 pro-

208 2493 342 2521 curator
358 2486 512 2528 efficitur,
531 2491 564 2518 et
584 2485 701 2519 domus
721 2484 868 2531 [domos,
888 2484 982 2531 MS]
1011 2485 1040 2517 ei
1059 2486 1162 2518 totius
1189 2492 1221 2518 et
1238 2485 1374 2519 familiae
1400 2496 1480 2517 eura
1504 2483 1740 2517 committitur.

211 2534 317 2568 Erant
328 2539 441 2566 autem
456 2532 593 2577 quidam
608 2532 648 2565 de
666 2532 794 2565 familia
806 2532 959 2575 juniores
979 2531 1090 2576 pravis
1104 2531 1261 2576 operibus
1279 2531 1504 2564 intendentes.
1543 2529 1579 2562 N
1582 2542 1636 2563 am
1649 2529 1738 2563 furto

211 2580 436 2626 surripicbant
453 2578 613 2612 animalia
630 2578 827 2621 vicinorum,
851 2584 884 2611 et
902 2578 942 2610 dc
967 2578 1020 2610 his
1036 2577 1212 2611 luxuriosa
1230 2578 1382 2611 convivia
1400 2576 1614 2610 celebrabant
1632 2589 1639 2617 3
1665 2576 1739 2621 qui-

211 2627 275 2660 bus
305 2625 485 2671 aliquando
514 2625 667 2658 interfuit
690 2624 859 2658 Godricus
885 2625 1052 2668 ignorans.
1104 2624 1288 2668 Postquam
1306 2624 1353 2657 rei
1371 2623 1534 2667 comperit
1552 2623 1738 2666 veritatem,

211 2673 372 2718 corripuit
390 2684 446 2706 eos
464 2678 497 2705 et
515 2670 690 2704 admonuit
707 2676 745 2703 ut
763 2676 932 2704 cessarent
949 2683 956 2711 ;
983 2670 1041 2703 sed
1067 2670 1115 2703 illi
1139 2670 1277 2703 monitis
1303 2670 1409 2714 ipsius
1427 2669 1643 2713 adquiescere
1661 2680 1740 2701 eon-

210 2724 431 2765 tempserunt.
497 2717 579 2751 Ideo
612 2717 698 2763 patri
733 2717 879 2750 familias
910 2728 1023 2749 eorum
1059 2716 1182 2749 delicta
1216 2716 1356 2760 detexit,
1390 2722 1424 2749 et
1457 2715 1640 2758 injustitias
1673 2726 1739 2747 non

211 2765 398 2807 abscondit,
425 2764 482 2810 qui
508 2764 609 2797 etiam
635 2763 813 2797 consilium
839 2763 945 2808 ipsius
970 2762 1178 2807 negligenter
1201 2763 1343 2807 aceepit.
1394 2762 1604 2806 Quapropter
1634 2761 1741 2794 disce-

210 2812 311 2845 dendi
329 2812 501 2845 licentiam
526 2810 718 2855 impetravit
735 2821 754 2843 a
778 2809 912 2852 domno,
938 2814 972 2842 et
997 2809 1039 2841 ad
1064 2809 1224 2842 Sanctum
1245 2808 1421 2853 AEgidium
1446 2809 1509 2841 iter
1533 2807 1684 2852 arripuit,
1708 2813 1741 2840 et

212 2858 291 2891 inde
318 2858 461 2891 Romam
484 2857 526 2890 ad
544 2856 727 2902 Apostolos
753 2856 936 2901 profectus,
966 2860 1003 2888 ut
1032 2855 1080 2888 sie
1110 2855 1243 2900 puniret
1266 2855 1421 2898 scienter,
1440 2853 1528 2899 quod
1555 2853 1741 2898 deliquerat

209 2905 411 2949 ignoranter.
461 2904 601 2948 Propter
617 2902 681 2936 hoe
699 2902 895 2947 ignorantiae
912 2907 1088 2947 peceatum
1106 2902 1296 2946 frequenter
1322 2902 1422 2935 etiam
1449 2902 1559 2946 ipsum
1586 2900 1686 2932 etiam
1705 2900 1739 2932 in

210 2951 305 2984 senio
327 2950 471 2983 vidimus
488 2949 756 2983 lacrimantem?
