<?xml version="1.0" encoding="UTF-8"?>
<!DOCTYPE html PUBLIC "-//W3C//DTD XHTML 1.0 Transitional//EN"
    "http://www.w3.org/TR/xhtml1/DTD/xhtml1-transitional.dtd">
<html xmlns="http://www.w3.org/1999/xhtml" xml:lang="en" lang="en">
 <head>
  <title>
</title>
<meta http-equiv="Content-Type" content="text/html;charset=utf-8" />
  <meta name='ocr-system' content='tesseract 3.04.00' />
  <meta name='ocr-capabilities' content='ocr_page ocr_carea ocr_par ocr_line ocrx_word'/>
</head>
<body>
  <div class='ocr_page' id='page_1' title='image "./libellusdevitaet00regi/libellusdevitaet00regi_0042.png"; bbox 0 0 1839 3186; ppageno 0'>
   <div class='ocr_carea' id='block_1_1' title="bbox 199 163 1089 207">
    <p class='ocr_par' dir='ltr' id='par_1_1' title="bbox 199 163 1089 207">
     <span class='ocr_line' id='line_1_1' title="bbox 199 163 1089 207; baseline 0.007 -6"><span class='ocrx_word' id='word_1_1' title='bbox 199 163 330 204; x_wconf 80' lang='lat' dir='ltr'>xxxvi</span> <span class='ocrx_word' id='word_1_2' title='bbox 845 177 870 206; x_wconf 85' lang='lat' dir='ltr'><strong>A</strong></span> <span class='ocrx_word' id='word_1_3' title='bbox 879 175 1089 207; x_wconf 84' lang='lat' dir='ltr'>PPENDIX</span> 
     </span>
    </p>
   </div>
   <div class='ocr_carea' id='block_1_2' title="bbox 343 526 1593 564">
    <p class='ocr_par' dir='ltr' id='par_1_2' title="bbox 343 526 1593 564">
     <span class='ocr_line' id='line_1_2' title="bbox 343 526 1593 564; baseline 0.002 -12"><span class='ocrx_word' id='word_1_4' title='bbox 343 526 524 553; x_wconf 85' lang='lat' dir='ltr'>ACCOUNT</span> <span class='ocrx_word' id='word_1_5' title='bbox 555 529 603 554; x_wconf 88' lang='lat' dir='ltr'>OF</span> <span class='ocrx_word' id='word_1_6' title='bbox 635 529 691 554; x_wconf 79' lang='lat' dir='ltr'>ST.</span> <span class='ocrx_word' id='word_1_7' title='bbox 724 529 879 564; x_wconf 75' lang='lat' dir='ltr'>GODRIO,</span> <span class='ocrx_word' id='word_1_8' title='bbox 914 530 965 554; x_wconf 88' lang='lat' dir='ltr'>BY</span> <span class='ocrx_word' id='word_1_9' title='bbox 993 530 1181 555; x_wconf 73' lang='lat' dir='ltr'><strong>WILLIAM</strong></span> <span class='ocrx_word' id='word_1_10' title='bbox 1213 530 1260 555; x_wconf 82' lang='lat' dir='ltr'>OF</span> <span class='ocrx_word' id='word_1_11' title='bbox 1294 529 1593 556; x_wconf 86' lang='lat' dir='ltr'>NEWBOROUGH.</span> 
     </span>
    </p>
   </div>
   <div class='ocr_carea' id='block_1_3' title="bbox 195 608 1758 2929">
    <p class='ocr_par' dir='ltr' id='par_1_3' title="bbox 195 608 1758 2929">
     <span class='ocr_line' id='line_1_3' title="bbox 264 608 1734 668; baseline 0.004 -19"><span class='ocrx_word' id='word_1_12' title='bbox 264 608 411 651; x_wconf 80' lang='lat' dir='ltr'>IISDEM</span> <span class='ocrx_word' id='word_1_13' title='bbox 452 613 708 668; x_wconf 76' lang='lat' dir='ltr'>temporibus</span> <span class='ocrx_word' id='word_1_14' title='bbox 749 613 846 664; x_wconf 86' lang='lat' dir='ltr'>fere,</span> <span class='ocrx_word' id='word_1_15' title='bbox 889 614 1136 656; x_wconf 85' lang='lat' dir='ltr'>venerabilis</span> <span class='ocrx_word' id='word_1_16' title='bbox 1182 614 1386 656; x_wconf 79' lang='lat' dir='ltr'>heremita</span> <span class='ocrx_word' id='word_1_17' title='bbox 1433 615 1637 656; x_wconf 75' lang='lat' dir='ltr'>Godricus</span> <span class='ocrx_word' id='word_1_18' title='bbox 1684 614 1734 655; x_wconf 91' lang='lat' dir='ltr'>de</span> 
     </span>
     <span class='ocr_line' id='line_1_4' title="bbox 208 674 1735 736; baseline 0.004 -20"><span class='ocrx_word' id='word_1_19' title='bbox 208 674 424 729; x_wconf 80' lang='lat' dir='ltr'>Finchala,</span> <span class='ocrx_word' id='word_1_20' title='bbox 453 679 544 721; x_wconf 96' lang='grc'>1000</span> <span class='ocrx_word' id='word_1_21' title='bbox 579 681 735 721; x_wconf 87' lang='grc'>00111001</span> <span class='ocrx_word' id='word_1_22' title='bbox 773 680 955 722; x_wconf 86' lang='lat' dir='ltr'>solitario</span> <span class='ocrx_word' id='word_1_23' title='bbox 989 681 1046 722; x_wconf 87' lang='lat' dir='ltr'>sic</span> <span class='ocrx_word' id='word_1_24' title='bbox 1084 681 1209 731; x_wconf 77' lang='lat' dir='ltr'>dicto,</span> <span class='ocrx_word' id='word_1_25' title='bbox 1242 696 1324 722; x_wconf 92' lang='lat' dir='ltr'>non</span> <span class='ocrx_word' id='word_1_26' title='bbox 1356 683 1477 736; x_wconf 75' lang='lat' dir='ltr'>longe</span> <span class='ocrx_word' id='word_1_27' title='bbox 1509 697 1534 723; x_wconf 90' lang='lat' dir='ltr'>a</span> <span class='ocrx_word' id='word_1_28' title='bbox 1564 681 1735 723; x_wconf 88' lang='lat' dir='ltr'>civitate</span> 
     </span>
     <span class='ocr_line' id='line_1_5' title="bbox 206 742 1735 801; baseline 0.003 -18"><span class='ocrx_word' id='word_1_29' title='bbox 206 742 491 796; x_wconf 77' lang='lat' dir='ltr'>Dunelmensi,</span> <span class='ocrx_word' id='word_1_30' title='bbox 518 762 639 801; x_wconf 89' lang='lat' dir='ltr'>super</span> <span class='ocrx_word' id='word_1_31' title='bbox 662 762 826 788; x_wconf 89' lang='lat' dir='ltr'>amnem</span> <span class='ocrx_word' id='word_1_32' title='bbox 850 747 1034 797; x_wconf 75' lang='lat' dir='ltr'>VVirum,</span> <span class='ocrx_word' id='word_1_33' title='bbox 1062 748 1180 789; x_wconf 86' lang='lat' dir='ltr'>annis</span> <span class='ocrx_word' id='word_1_34' title='bbox 1213 753 1401 790; x_wconf 88' lang='lat' dir='ltr'>maturus</span> <span class='ocrx_word' id='word_1_35' title='bbox 1433 753 1474 789; x_wconf 92' lang='lat' dir='ltr'>et</span> <span class='ocrx_word' id='word_1_36' title='bbox 1497 748 1668 798; x_wconf 72' lang='lat' dir='ltr'>meritis,</span> <span class='ocrx_word' id='word_1_37' title='bbox 1692 748 1735 789; x_wconf 88' lang='lat' dir='ltr'>in</span> 
     </span>
     <span class='ocr_line' id='line_1_6' title="bbox 204 810 1737 869; baseline 0.003 -18"><span class='ocrx_word' id='word_1_38' title='bbox 204 810 386 852; x_wconf 87' lang='lat' dir='ltr'>Domino</span> <span class='ocrx_word' id='word_1_39' title='bbox 408 813 636 866; x_wconf 86' lang='lat' dir='ltr'>1·equievit;</span> <span class='ocrx_word' id='word_1_40' title='bbox 672 814 714 854; x_wconf 90' lang='lat' dir='ltr'>in</span> <span class='ocrx_word' id='word_1_41' title='bbox 746 829 825 868; x_wconf 88' lang='lat' dir='ltr'>quo</span> <span class='ocrx_word' id='word_1_42' title='bbox 847 815 968 869; x_wconf 85' lang='lat' dir='ltr'>plane</span> <span class='ocrx_word' id='word_1_43' title='bbox 997 829 1161 856; x_wconf 88' lang='lat' dir='ltr'>cernere</span> <span class='ocrx_word' id='word_1_44' title='bbox 1184 819 1272 855; x_wconf 87' lang='lat' dir='ltr'>erat</span> <span class='ocrx_word' id='word_1_45' title='bbox 1295 815 1410 869; x_wconf 90' lang='lat' dir='ltr'>pium</span> <span class='ocrx_word' id='word_1_46' title='bbox 1441 816 1654 869; x_wconf 87' lang='lat' dir='ltr'>altumque</span> <span class='ocrx_word' id='word_1_47' title='bbox 1677 814 1737 855; x_wconf 89' lang='lat' dir='ltr'>di-</span> 
     </span>
     <span class='ocr_line' id='line_1_7' title="bbox 205 877 1733 937; baseline 0.003 -20"><span class='ocrx_word' id='word_1_48' title='bbox 205 877 392 920; x_wconf 85' lang='lat' dir='ltr'>vinitatis</span> <span class='ocrx_word' id='word_1_49' title='bbox 426 879 744 935; x_wconf 80' lang='lat' dir='ltr'>beneplacitum,</span> <span class='ocrx_word' id='word_1_50' title='bbox 774 881 828 922; x_wconf 88' lang='lat' dir='ltr'>ad</span> <span class='ocrx_word' id='word_1_51' title='bbox 859 881 1139 922; x_wconf 82' lang='lat' dir='ltr'>confusionem</span> <span class='ocrx_word' id='word_1_52' title='bbox 1174 881 1375 922; x_wconf 85' lang='lat' dir='ltr'>nobilium</span> <span class='ocrx_word' id='word_1_53' title='bbox 1407 887 1448 922; x_wconf 93' lang='lat' dir='ltr'>et</span> <span class='ocrx_word' id='word_1_54' title='bbox 1476 896 1733 937; x_wconf 79' lang='lat' dir='ltr'>magnorum,</span> 
     </span>
     <span class='ocr_line' id='line_1_8' title="bbox 204 943 1734 1003; baseline 0.003 -20"><span class='ocrx_word' id='word_1_55' title='bbox 204 943 403 997; x_wconf 78' lang='lat' dir='ltr'>ignobilia</span> <span class='ocrx_word' id='word_1_56' title='bbox 437 947 583 987; x_wconf 86' lang='lat' dir='ltr'>mundi</span> <span class='ocrx_word' id='word_1_57' title='bbox 617 952 657 988; x_wconf 90' lang='grc'>01</span> <span class='ocrx_word' id='word_1_58' title='bbox 692 948 1022 1002; x_wconf 76' lang='lat' dir='ltr'>contemptibilia</span> <span class='ocrx_word' id='word_1_59' title='bbox 1058 948 1258 1003; x_wconf 77' lang='lat' dir='ltr'>eligentis.</span> <span class='ocrx_word' id='word_1_60' title='bbox 1338 948 1443 990; x_wconf 83' lang='lat' dir='ltr'>Cum</span> <span class='ocrx_word' id='word_1_61' title='bbox 1482 948 1591 989; x_wconf 90' lang='lat' dir='ltr'>enim</span> <span class='ocrx_word' id='word_1_62' title='bbox 1628 953 1734 989; x_wconf 85' lang='lat' dir='ltr'>esset</span> 
     </span>
     <span class='ocr_line' id='line_1_9' title="bbox 204 1012 1734 1069; baseline 0.003 -19"><span class='ocrx_word' id='word_1_63' title='bbox 204 1012 436 1054; x_wconf 85' lang='lat' dir='ltr'>rusticanus</span> <span class='ocrx_word' id='word_1_64' title='bbox 459 1018 500 1054; x_wconf 88' lang='grc'>01</span> <span class='ocrx_word' id='word_1_65' title='bbox 523 1013 667 1064; x_wconf 75' lang='lat' dir='ltr'>idiota,</span> <span class='ocrx_word' id='word_1_66' title='bbox 686 1014 868 1069; x_wconf 86' lang='lat' dir='ltr'>nihilque</span> <span class='ocrx_word' id='word_1_67' title='bbox 889 1014 1020 1056; x_wconf 86' lang='lat' dir='ltr'>sciens</span> <span class='ocrx_word' id='word_1_68' title='bbox 1041 1015 1117 1056; x_wconf 89' lang='lat' dir='ltr'>nisi</span> <span class='ocrx_word' id='word_1_69' title='bbox 1142 1015 1353 1057; x_wconf 77' lang='lat' dir='ltr'>Christum</span> <span class='ocrx_word' id='word_1_70' title='bbox 1375 1015 1406 1055; x_wconf 86' lang='lat' dir='ltr'><strong>J</strong></span> <span class='ocrx_word' id='word_1_71' title='bbox 1409 1030 1524 1056; x_wconf 87' lang='lat' dir='ltr'>esum</span> <span class='ocrx_word' id='word_1_72' title='bbox 1547 1019 1587 1056; x_wconf 85' lang='lat' dir='ltr'>et</span> <span class='ocrx_word' id='word_1_73' title='bbox 1606 1014 1734 1055; x_wconf 89' lang='lat' dir='ltr'>Hunc</span> 
     </span>
     <span class='ocr_line' id='line_1_10' title="bbox 204 1077 1732 1135; baseline 0.003 -18"><span class='ocrx_word' id='word_1_74' title='bbox 204 1077 460 1129; x_wconf 80' lang='lat' dir='ltr'>crucifixum,</span> <span class='ocrx_word' id='word_1_75' title='bbox 487 1081 618 1134; x_wconf 88' lang='lat' dir='ltr'>(quod</span> <span class='ocrx_word' id='word_1_76' title='bbox 646 1081 788 1135; x_wconf 80' lang='lat' dir='ltr'>utique</span> <span class='ocrx_word' id='word_1_77' title='bbox 819 1081 1084 1135; x_wconf 84' lang='lat' dir='ltr'>quantumvis</span> <span class='ocrx_word' id='word_1_78' title='bbox 1115 1082 1274 1123; x_wconf 89' lang='lat' dir='ltr'>obtusis</span> <span class='ocrx_word' id='word_1_79' title='bbox 1305 1088 1346 1123; x_wconf 89' lang='lat' dir='ltr'>et</span> <span class='ocrx_word' id='word_1_80' title='bbox 1367 1082 1539 1123; x_wconf 89' lang='lat' dir='ltr'>rudibus</span> <span class='ocrx_word' id='word_1_81' title='bbox 1566 1081 1608 1122; x_wconf 88' lang='grc'>111</span> <span class='ocrx_word' id='word_1_82' title='bbox 1636 1079 1732 1121; x_wconf 90' lang='lat' dir='ltr'>fidei</span> 
     </span>
     <span class='ocr_line' id='line_1_11' title="bbox 203 1143 1727 1203; baseline 0.003 -19"><span class='ocrx_word' id='word_1_83' title='bbox 203 1143 463 1187; x_wconf 85' lang='lat' dir='ltr'>incunabulis</span> <span class='ocrx_word' id='word_1_84' title='bbox 484 1148 702 1202; x_wconf 62' lang='lat' dir='ltr'>traditur.)</span> <span class='ocrx_word' id='word_1_85' title='bbox 726 1148 912 1202; x_wconf 79' lang='lat' dir='ltr'>ingressu</span> <span class='ocrx_word' id='word_1_86' title='bbox 934 1148 1221 1189; x_wconf 67' lang='lat' dir='ltr'>adolescentiae</span> <span class='ocrx_word' id='word_1_87' title='bbox 1242 1148 1400 1190; x_wconf 86' lang='lat' dir='ltr'>fervere</span> <span class='ocrx_word' id='word_1_88' title='bbox 1426 1148 1547 1203; x_wconf 84' lang='lat' dir='ltr'>coepit</span> <span class='ocrx_word' id='word_1_89' title='bbox 1569 1148 1727 1203; x_wconf 77' lang='lat' dir='ltr'>spiritu,</span> 
     </span>
     <span class='ocr_line' id='line_1_12' title="bbox 201 1212 1727 1270; baseline 0.003 -20"><span class='ocrx_word' id='word_1_90' title='bbox 201 1212 383 1266; x_wconf 85' lang='lat' dir='ltr'>totisque</span> <span class='ocrx_word' id='word_1_91' title='bbox 417 1214 554 1254; x_wconf 89' lang='lat' dir='ltr'>hausit</span> <span class='ocrx_word' id='word_1_92' title='bbox 585 1214 744 1256; x_wconf 86' lang='lat' dir='ltr'>ossibus</span> <span class='ocrx_word' id='word_1_93' title='bbox 777 1214 915 1270; x_wconf 77' lang='lat' dir='ltr'>ignem</span> <span class='ocrx_word' id='word_1_94' title='bbox 949 1224 1070 1269; x_wconf 84' lang='lat' dir='ltr'>quem</span> <span class='ocrx_word' id='word_1_95' title='bbox 1103 1215 1308 1256; x_wconf 76' lang='lat' dir='ltr'>Dominus</span> <span class='ocrx_word' id='word_1_96' title='bbox 1344 1215 1455 1257; x_wconf 87' lang='lat' dir='ltr'>misit</span> <span class='ocrx_word' id='word_1_97' title='bbox 1483 1215 1525 1256; x_wconf 91' lang='lat' dir='ltr'>in</span> <span class='ocrx_word' id='word_1_98' title='bbox 1560 1220 1727 1256; x_wconf 88' lang='lat' dir='ltr'>terram.</span> 
     </span>
     <span class='ocr_line' id='line_1_13' title="bbox 204 1277 1758 1336; baseline 0.002 -18"><span class='ocrx_word' id='word_1_99' title='bbox 204 1277 393 1333; x_wconf 87' lang='lat' dir='ltr'>Denique</span> <span class='ocrx_word' id='word_1_100' title='bbox 425 1280 673 1331; x_wconf 82' lang='lat' dir='ltr'>coelibatum,</span> <span class='ocrx_word' id='word_1_101' title='bbox 707 1296 828 1335; x_wconf 86' lang='lat' dir='ltr'>quem</span> <span class='ocrx_word' id='word_1_102' title='bbox 865 1282 956 1323; x_wconf 88' lang='lat' dir='ltr'>Deo</span> <span class='ocrx_word' id='word_1_103' title='bbox 983 1287 1151 1336; x_wconf 75' lang='lat' dir='ltr'>gratum</span> <span class='ocrx_word' id='word_1_104' title='bbox 1183 1290 1224 1323; x_wconf 90' lang='lat' dir='ltr'>et</span> <span class='ocrx_word' id='word_1_105' title='bbox 1250 1282 1436 1324; x_wconf 89' lang='lat' dir='ltr'>sublimis</span> <span class='ocrx_word' id='word_1_106' title='bbox 1472 1297 1558 1323; x_wconf 86' lang='lat' dir='ltr'>esse</span> <span class='ocrx_word' id='word_1_107' title='bbox 1591 1281 1728 1322; x_wconf 83' lang='lat' dir='ltr'>meriti</span> <span class='ocrx_word' id='word_1_108' title='bbox 1754 1293 1758 1297; x_wconf 88' lang='lat'>·</span> 
     </span>
     <span class='ocr_line' id='line_1_14' title="bbox 201 1344 1728 1403; baseline 0.003 -19"><span class='ocrx_word' id='word_1_109' title='bbox 201 1344 306 1385; x_wconf 85' lang='lat' dir='ltr'>forte</span> <span class='ocrx_word' id='word_1_110' title='bbox 347 1346 566 1396; x_wconf 78' lang='lat' dir='ltr'>didicerat,</span> <span class='ocrx_word' id='word_1_111' title='bbox 600 1348 749 1390; x_wconf 92' lang='lat' dir='ltr'>devote</span> <span class='ocrx_word' id='word_1_112' title='bbox 784 1349 1013 1403; x_wconf 79' lang='lat' dir='ltr'>amplexus,</span> <span class='ocrx_word' id='word_1_113' title='bbox 1043 1350 1083 1389; x_wconf 91' lang='lat' dir='ltr'>in</span> <span class='ocrx_word' id='word_1_114' title='bbox 1118 1349 1208 1389; x_wconf 90' lang='lat' dir='ltr'>cibo</span> <span class='ocrx_word' id='word_1_115' title='bbox 1240 1355 1280 1389; x_wconf 92' lang='lat' dir='ltr'>et</span> <span class='ocrx_word' id='word_1_116' title='bbox 1308 1354 1423 1403; x_wconf 80' lang='lat' dir='ltr'>potu,</span> <span class='ocrx_word' id='word_1_117' title='bbox 1461 1348 1502 1389; x_wconf 86' lang='grc'>111</span> <span class='ocrx_word' id='word_1_118' title='bbox 1531 1348 1655 1390; x_wconf 89' lang='lat' dir='ltr'>verbo</span> <span class='ocrx_word' id='word_1_119' title='bbox 1687 1353 1728 1388; x_wconf 91' lang='lat' dir='ltr'>et</span> 
     </span>
     <span class='ocr_line' id='line_1_15' title="bbox 201 1413 1725 1470; baseline 0.003 -19"><span class='ocrx_word' id='word_1_120' title='bbox 201 1417 322 1466; x_wconf 81' lang='lat' dir='ltr'>gestu</span> <span class='ocrx_word' id='word_1_121' title='bbox 351 1413 474 1453; x_wconf 90' lang='lat' dir='ltr'>homo</span> <span class='ocrx_word' id='word_1_122' title='bbox 503 1414 828 1469; x_wconf 85' lang='lat' dir='ltr'>simplicissimus</span> <span class='ocrx_word' id='word_1_123' title='bbox 856 1415 1071 1456; x_wconf 73' lang='lat' dir='ltr'>decentem</span> <span class='ocrx_word' id='word_1_124' title='bbox 1094 1431 1186 1456; x_wconf 90' lang='lat' dir='ltr'>cum</span> <span class='ocrx_word' id='word_1_125' title='bbox 1214 1416 1422 1470; x_wconf 80' lang='lat' dir='ltr'>gravitate</span> <span class='ocrx_word' id='word_1_126' title='bbox 1448 1430 1610 1456; x_wconf 87' lang='lat' dir='ltr'>servare</span> <span class='ocrx_word' id='word_1_127' title='bbox 1642 1429 1725 1455; x_wconf 86' lang='lat' dir='ltr'>mo-</span> 
     </span>
     <span class='ocr_line' id='line_1_16' title="bbox 201 1477 1726 1536; baseline 0.002 -18"><span class='ocrx_word' id='word_1_128' title='bbox 201 1477 300 1519; x_wconf 93' lang='lat' dir='ltr'>dum</span> <span class='ocrx_word' id='word_1_129' title='bbox 323 1479 496 1521; x_wconf 78' lang='lat' dir='ltr'>studuit.</span> <span class='ocrx_word' id='word_1_130' title='bbox 540 1481 679 1522; x_wconf 81' lang='lat' dir='ltr'>Velox</span> <span class='ocrx_word' id='word_1_131' title='bbox 702 1481 755 1522; x_wconf 87' lang='lat' dir='ltr'>ad</span> <span class='ocrx_word' id='word_1_132' title='bbox 776 1482 1042 1530; x_wconf 80' lang='lat' dir='ltr'>audiendum,</span> <span class='ocrx_word' id='word_1_133' title='bbox 1061 1482 1205 1522; x_wconf 88' lang='lat' dir='ltr'>tardus</span> <span class='ocrx_word' id='word_1_134' title='bbox 1227 1487 1367 1523; x_wconf 79' lang='lat' dir='ltr'>autem</span> <span class='ocrx_word' id='word_1_135' title='bbox 1388 1482 1442 1523; x_wconf 89' lang='lat' dir='ltr'>ad</span> <span class='ocrx_word' id='word_1_136' title='bbox 1463 1481 1726 1536; x_wconf 79' lang='lat' dir='ltr'>loquendum,</span> 
     </span>
     <span class='ocr_line' id='line_1_17' title="bbox 201 1545 1725 1602; baseline 0.003 -18"><span class='ocrx_word' id='word_1_137' title='bbox 201 1551 241 1585; x_wconf 90' lang='lat' dir='ltr'>et</span> <span class='ocrx_word' id='word_1_138' title='bbox 273 1545 315 1586; x_wconf 89' lang='lat' dir='ltr'>in</span> <span class='ocrx_word' id='word_1_139' title='bbox 346 1546 435 1601; x_wconf 88' lang='lat' dir='ltr'>ipsa</span> <span class='ocrx_word' id='word_1_140' title='bbox 471 1547 679 1589; x_wconf 86' lang='lat' dir='ltr'>locutione</span> <span class='ocrx_word' id='word_1_141' title='bbox 710 1549 987 1602; x_wconf 80' lang='lat' dir='ltr'>parcissimus.</span> <span class='ocrx_word' id='word_1_142' title='bbox 1052 1548 1173 1589; x_wconf 86' lang='lat' dir='ltr'>Flere</span> <span class='ocrx_word' id='word_1_143' title='bbox 1211 1564 1302 1589; x_wconf 89' lang='lat' dir='ltr'>cum</span> <span class='ocrx_word' id='word_1_144' title='bbox 1340 1548 1533 1589; x_wconf 88' lang='lat' dir='ltr'>flentibus</span> <span class='ocrx_word' id='word_1_145' title='bbox 1566 1548 1725 1598; x_wconf 85' lang='lat' dir='ltr'>doctus,</span> 
     </span>
     <span class='ocr_line' id='line_1_18' title="bbox 200 1606 1725 1670; baseline 0.002 -18"><span class='ocrx_word' id='word_1_146' title='bbox 200 1606 503 1655; x_wconf 74' lang='lat' dir='ltr'>ridel-cautem</span> <span class='ocrx_word' id='word_1_147' title='bbox 537 1629 630 1655; x_wconf 87' lang='grc'>01101</span> <span class='ocrx_word' id='word_1_148' title='bbox 663 1615 893 1656; x_wconf 82' lang='lat' dir='ltr'>ridentibus</span> <span class='ocrx_word' id='word_1_149' title='bbox 926 1620 966 1655; x_wconf 90' lang='lat' dir='ltr'>et</span> <span class='ocrx_word' id='word_1_150' title='bbox 992 1613 1126 1670; x_wconf 82' lang='lat' dir='ltr'>jocari</span> <span class='ocrx_word' id='word_1_151' title='bbox 1164 1631 1257 1656; x_wconf 88' lang='grc'>011111</span> <span class='ocrx_word' id='word_1_152' title='bbox 1282 1614 1521 1670; x_wconf 82' lang='lat' dir='ltr'>jocantibus</span> <span class='ocrx_word' id='word_1_153' title='bbox 1552 1615 1725 1655; x_wconf 83' lang='lat' dir='ltr'>nescius.</span> 
     </span>
     <span class='ocr_line' id='line_1_19' title="bbox 198 1678 1725 1736; baseline 0.002 -17"><span class='ocrx_word' id='word_1_154' title='bbox 198 1678 229 1718; x_wconf 85' lang='lat' dir='ltr'>J</span> <span class='ocrx_word' id='word_1_155' title='bbox 232 1679 375 1721; x_wconf 87' lang='lat' dir='ltr'>uvenis</span> <span class='ocrx_word' id='word_1_156' title='bbox 399 1679 673 1735; x_wconf 81' lang='lat' dir='ltr'>Sepulchrum</span> <span class='ocrx_word' id='word_1_157' title='bbox 696 1681 961 1722; x_wconf 89' lang='lat' dir='ltr'>Dominicum</span> <span class='ocrx_word' id='word_1_158' title='bbox 979 1681 1019 1722; x_wconf 90' lang='lat' dir='ltr'>in</span> <span class='ocrx_word' id='word_1_159' title='bbox 1042 1682 1175 1722; x_wconf 86' lang='lat' dir='ltr'>multa</span> <span class='ocrx_word' id='word_1_160' title='bbox 1196 1686 1454 1736; x_wconf 79' lang='lat' dir='ltr'>paupertate,</span> <span class='ocrx_word' id='word_1_161' title='bbox 1475 1681 1596 1722; x_wconf 87' lang='lat' dir='ltr'>nudis</span> <span class='ocrx_word' id='word_1_162' title='bbox 1617 1681 1725 1722; x_wconf 90' lang='lat' dir='ltr'>ince-</span> 
     </span>
     <span class='ocr_line' id='line_1_20' title="bbox 199 1745 1722 1803; baseline 0.002 -18"><span class='ocrx_word' id='word_1_163' title='bbox 199 1745 334 1786; x_wconf 84' lang='lat' dir='ltr'>dendo</span> <span class='ocrx_word' id='word_1_164' title='bbox 366 1747 552 1801; x_wconf 80' lang='lat' dir='ltr'>pedibus,</span> <span class='ocrx_word' id='word_1_165' title='bbox 584 1748 798 1796; x_wconf 79' lang='lat' dir='ltr'>visitavit;</span> <span class='ocrx_word' id='word_1_166' title='bbox 833 1763 1099 1802; x_wconf 85' lang='lat' dir='ltr'>reversusque</span> <span class='ocrx_word' id='word_1_167' title='bbox 1129 1748 1181 1789; x_wconf 85' lang='lat' dir='ltr'>ad</span> <span class='ocrx_word' id='word_1_168' title='bbox 1213 1749 1377 1803; x_wconf 85' lang='lat' dir='ltr'>propria</span> <span class='ocrx_word' id='word_1_169' title='bbox 1407 1748 1543 1789; x_wconf 86' lang='lat' dir='ltr'>locum</span> <span class='ocrx_word' id='word_1_170' title='bbox 1565 1752 1722 1802; x_wconf 84' lang='lat' dir='ltr'>aptum,</span> 
     </span>
     <span class='ocr_line' id='line_1_21' title="bbox 197 1812 1726 1870; baseline 0.003 -18"><span class='ocrx_word' id='word_1_171' title='bbox 197 1812 268 1853; x_wconf 90' lang='lat' dir='ltr'>ubi</span> <span class='ocrx_word' id='word_1_172' title='bbox 291 1812 383 1854; x_wconf 90' lang='lat' dir='ltr'>Deo</span> <span class='ocrx_word' id='word_1_173' title='bbox 415 1814 603 1863; x_wconf 83' lang='lat' dir='ltr'>serviret,</span> <span class='ocrx_word' id='word_1_174' title='bbox 627 1815 783 1855; x_wconf 86' lang='lat' dir='ltr'>solicite</span> <span class='ocrx_word' id='word_1_175' title='bbox 817 1814 1033 1869; x_wconf 74' lang='lat' dir='ltr'>quaesivit3</span> <span class='ocrx_word' id='word_1_176' title='bbox 1069 1815 1309 1870; x_wconf 85' lang='lat' dir='ltr'>accepitque</span> <span class='ocrx_word' id='word_1_177' title='bbox 1340 1815 1381 1855; x_wconf 87' lang='grc'>111</span> <span class='ocrx_word' id='word_1_178' title='bbox 1414 1815 1566 1856; x_wconf 83' lang='lat' dir='ltr'>somnis</span> <span class='ocrx_word' id='word_1_179' title='bbox 1601 1814 1726 1867; x_wconf 88' lang='lat' dir='ltr'>(sicut</span> 
     </span>
     <span class='ocr_line' id='line_1_22' title="bbox 197 1879 1725 1935; baseline 0.001 -16"><span class='ocrx_word' id='word_1_180' title='bbox 197 1879 350 1933; x_wconf 80' lang='lat' dir='ltr'>aiunt,)</span> <span class='ocrx_word' id='word_1_181' title='bbox 385 1885 431 1921; x_wconf 94' lang='lat' dir='ltr'>ut</span> <span class='ocrx_word' id='word_1_182' title='bbox 454 1881 602 1931; x_wconf 84' lang='grc'>10011111,</span> <span class='ocrx_word' id='word_1_183' title='bbox 635 1881 838 1922; x_wconf 85' lang='lat' dir='ltr'>Finchala</span> <span class='ocrx_word' id='word_1_184' title='bbox 869 1882 1041 1932; x_wconf 76' lang='lat' dir='ltr'>dictum,</span> <span class='ocrx_word' id='word_1_185' title='bbox 1078 1887 1290 1935; x_wconf 73' lang='lat' dir='ltr'>quaereret,</span> <span class='ocrx_word' id='word_1_186' title='bbox 1323 1882 1493 1931; x_wconf 87' lang='lat' dir='ltr'>ibidem,</span> <span class='ocrx_word' id='word_1_187' title='bbox 1531 1880 1622 1921; x_wconf 90' lang='lat' dir='ltr'>Deo</span> <span class='ocrx_word' id='word_1_188' title='bbox 1655 1896 1725 1922; x_wconf 91' lang='lat' dir='ltr'>vo-</span> 
     </span>
     <span class='ocr_line' id='line_1_23' title="bbox 195 1945 1721 2003; baseline 0.002 -18"><span class='ocrx_word' id='word_1_189' title='bbox 195 1945 318 1996; x_wconf 89' lang='grc'>101110,</span> <span class='ocrx_word' id='word_1_190' title='bbox 343 1947 540 1989; x_wconf 84' lang='lat' dir='ltr'>victurus.</span> <span class='ocrx_word' id='word_1_191' title='bbox 604 1948 737 2001; x_wconf 72' lang='lat' dir='ltr'>Quem</span> <span class='ocrx_word' id='word_1_192' title='bbox 758 1948 929 1989; x_wconf 85' lang='lat' dir='ltr'>tandem</span> <span class='ocrx_word' id='word_1_193' title='bbox 951 1954 1043 2003; x_wconf 84' lang='lat' dir='ltr'>post</span> <span class='ocrx_word' id='word_1_194' title='bbox 1061 1948 1235 1989; x_wconf 85' lang='lat' dir='ltr'>multam</span> <span class='ocrx_word' id='word_1_195' title='bbox 1257 1948 1544 1989; x_wconf 83' lang='lat' dir='ltr'>lustrationem</span> <span class='ocrx_word' id='word_1_196' title='bbox 1566 1948 1721 1988; x_wconf 85' lang='lat' dir='ltr'>inveni-</span> 
     </span>
     <span class='ocr_line' id='line_1_24' title="bbox 197 2013 1721 2069; baseline 0.001 -17"><span class='ocrx_word' id='word_1_197' title='bbox 197 2027 283 2061; x_wconf 87' lang='lat' dir='ltr'>ens,</span> <span class='ocrx_word' id='word_1_198' title='bbox 303 2013 457 2054; x_wconf 87' lang='lat' dir='ltr'>ibidem</span> <span class='ocrx_word' id='word_1_199' title='bbox 480 2030 573 2055; x_wconf 89' lang='lat' dir='ltr'>cum</span> <span class='ocrx_word' id='word_1_200' title='bbox 595 2030 733 2056; x_wconf 88' lang='lat' dir='ltr'>sorore</span> <span class='ocrx_word' id='word_1_201' title='bbox 750 2015 1001 2069; x_wconf 86' lang='lat' dir='ltr'>paupercula</span> <span class='ocrx_word' id='word_1_202' title='bbox 1022 2015 1214 2069; x_wconf 73' lang='lat' dir='ltr'>primum,</span> <span class='ocrx_word' id='word_1_203' title='bbox 1234 2020 1288 2065; x_wconf 90' lang='grc'>01,</span> <span class='ocrx_word' id='word_1_204' title='bbox 1308 2030 1355 2055; x_wconf 91' lang='lat' dir='ltr'>ea</span> <span class='ocrx_word' id='word_1_205' title='bbox 1372 2014 1581 2063; x_wconf 80' lang='lat' dir='ltr'>defuncta,</span> <span class='ocrx_word' id='word_1_206' title='bbox 1600 2014 1721 2063; x_wconf 84' lang='lat' dir='ltr'>solus,</span> 
     </span>
     <span class='ocr_line' id='line_1_25' title="bbox 198 2080 1725 2136; baseline 0.001 -17"><span class='ocrx_word' id='word_1_207' title='bbox 198 2080 329 2120; x_wconf 88' lang='lat' dir='ltr'>multo</span> <span class='ocrx_word' id='word_1_208' title='bbox 352 2084 537 2135; x_wconf 84' lang='lat' dir='ltr'>tempore</span> <span class='ocrx_word' id='word_1_209' title='bbox 558 2081 778 2122; x_wconf 86' lang='lat' dir='ltr'>habitavit.</span> <span class='ocrx_word' id='word_1_210' title='bbox 844 2081 956 2122; x_wconf 77' lang='lat' dir='ltr'>Vitae</span> <span class='ocrx_word' id='word_1_211' title='bbox 988 2086 1128 2122; x_wconf 87' lang='lat' dir='ltr'>autem</span> <span class='ocrx_word' id='word_1_212' title='bbox 1155 2080 1241 2136; x_wconf 74' lang='lat' dir='ltr'>ejus</span> <span class='ocrx_word' id='word_1_213' title='bbox 1266 2080 1469 2122; x_wconf 85' lang='lat' dir='ltr'>districtio</span> <span class='ocrx_word' id='word_1_214' title='bbox 1493 2080 1576 2121; x_wconf 90' lang='lat' dir='ltr'>fere</span> <span class='ocrx_word' id='word_1_215' title='bbox 1602 2095 1725 2135; x_wconf 86' lang='lat' dir='ltr'>supra</span> 
     </span>
     <span class='ocr_line' id='line_1_26' title="bbox 198 2145 1724 2202; baseline 0.002 -17"><span class='ocrx_word' id='word_1_216' title='bbox 198 2145 427 2187; x_wconf 87' lang='lat' dir='ltr'>humanum</span> <span class='ocrx_word' id='word_1_217' title='bbox 458 2147 628 2188; x_wconf 89' lang='lat' dir='ltr'>modum</span> <span class='ocrx_word' id='word_1_218' title='bbox 656 2147 780 2189; x_wconf 88' lang='lat' dir='ltr'>fuisse</span> <span class='ocrx_word' id='word_1_219' title='bbox 808 2149 1061 2202; x_wconf 87' lang='lat' dir='ltr'>perhibetur.</span> <span class='ocrx_word' id='word_1_220' title='bbox 1127 2148 1387 2189; x_wconf 86' lang='lat' dir='ltr'>Memoratus</span> <span class='ocrx_word' id='word_1_221' title='bbox 1418 2147 1583 2200; x_wconf 80' lang='lat' dir='ltr'>quidem</span> <span class='ocrx_word' id='word_1_222' title='bbox 1612 2147 1724 2188; x_wconf 87' lang='lat' dir='ltr'>locus</span> 
     </span>
     <span class='ocr_line' id='line_1_27' title="bbox 200 2212 1723 2269; baseline 0 -17"><span class='ocrx_word' id='word_1_223' title='bbox 200 2212 373 2253; x_wconf 84' lang='lat' dir='ltr'>silvosus</span> <span class='ocrx_word' id='word_1_224' title='bbox 404 2218 478 2264; x_wconf 84' lang='lat' dir='ltr'>est,</span> <span class='ocrx_word' id='word_1_225' title='bbox 503 2214 575 2255; x_wconf 86' lang='lat' dir='ltr'>sed</span> <span class='ocrx_word' id='word_1_226' title='bbox 607 2214 813 2255; x_wconf 85' lang='lat' dir='ltr'>modicam</span> <span class='ocrx_word' id='word_1_227' title='bbox 845 2215 972 2255; x_wconf 89' lang='lat' dir='ltr'>habet</span> <span class='ocrx_word' id='word_1_228' title='bbox 994 2215 1235 2269; x_wconf 66' lang='lat' dir='ltr'>planitiemg</span> <span class='ocrx_word' id='word_1_229' title='bbox 1273 2229 1392 2267; x_wconf 88' lang='lat' dir='ltr'>quem</span> <span class='ocrx_word' id='word_1_230' title='bbox 1426 2213 1493 2254; x_wconf 92' lang='lat' dir='ltr'>ille</span> <span class='ocrx_word' id='word_1_231' title='bbox 1529 2212 1723 2253; x_wconf 85' lang='lat' dir='ltr'>fodiendo</span> 
     </span>
     <span class='ocr_line' id='line_1_28' title="bbox 200 2278 1727 2334; baseline -0.001 -15"><span class='ocrx_word' id='word_1_232' title='bbox 200 2294 395 2320; x_wconf 79' lang='lat' dir='ltr'>exercens</span> <span class='ocrx_word' id='word_1_233' title='bbox 415 2279 596 2321; x_wconf 85' lang='lat' dir='ltr'>fructum</span> <span class='ocrx_word' id='word_1_234' title='bbox 612 2280 664 2321; x_wconf 88' lang='lat' dir='ltr'>ab</span> <span class='ocrx_word' id='word_1_235' title='bbox 681 2295 727 2321; x_wconf 91' lang='lat' dir='ltr'>eo</span> <span class='ocrx_word' id='word_1_236' title='bbox 745 2295 941 2330; x_wconf 86' lang='lat' dir='ltr'>annuum,</span> <span class='ocrx_word' id='word_1_237' title='bbox 961 2296 1040 2334; x_wconf 87' lang='lat' dir='ltr'>quo</span> <span class='ocrx_word' id='word_1_238' title='bbox 1062 2286 1285 2334; x_wconf 88' lang='lat' dir='ltr'>utcumque</span> <span class='ocrx_word' id='word_1_239' title='bbox 1303 2284 1620 2328; x_wconf 82' lang='lat' dir='ltr'>sustentaretur,</span> <span class='ocrx_word' id='word_1_240' title='bbox 1639 2278 1727 2319; x_wconf 81' lang='lat' dir='ltr'>exi-</span> 
     </span>
     <span class='ocr_line' id='line_1_29' title="bbox 199 2345 1727 2401; baseline 0 -16"><span class='ocrx_word' id='word_1_241' title='bbox 199 2345 340 2399; x_wconf 80' lang='lat' dir='ltr'>gebat,</span> <span class='ocrx_word' id='word_1_242' title='bbox 373 2352 413 2386; x_wconf 90' lang='lat' dir='ltr'>et</span> <span class='ocrx_word' id='word_1_243' title='bbox 446 2346 853 2400; x_wconf 89' lang='lat' dir='ltr'>quantulumcunque</span> <span class='ocrx_word' id='word_1_244' title='bbox 888 2352 1067 2401; x_wconf 79' lang='lat' dir='ltr'>poterat,</span> <span class='ocrx_word' id='word_1_245' title='bbox 1097 2346 1413 2387; x_wconf 87' lang='lat' dir='ltr'>advenientibus</span> <span class='ocrx_word' id='word_1_246' title='bbox 1447 2345 1597 2386; x_wconf 82' lang='lat' dir='ltr'>exinde</span> <span class='ocrx_word' id='word_1_247' title='bbox 1627 2345 1727 2385; x_wconf 87' lang='lat' dir='ltr'>cari-</span> 
     </span>
     <span class='ocr_line' id='line_1_30' title="bbox 198 2411 1724 2454; baseline -0.001 -2"><span class='ocrx_word' id='word_1_248' title='bbox 198 2416 331 2452; x_wconf 83' lang='lat' dir='ltr'>tatem</span> <span class='ocrx_word' id='word_1_249' title='bbox 365 2413 604 2453; x_wconf 79' lang='lat' dir='ltr'>exhibebat.</span> <span class='ocrx_word' id='word_1_250' title='bbox 668 2413 775 2453; x_wconf 84' lang='lat' dir='ltr'>Sane</span> <span class='ocrx_word' id='word_1_251' title='bbox 806 2413 1075 2454; x_wconf 79' lang='lat' dir='ltr'>Dunelmensi</span> <span class='ocrx_word' id='word_1_252' title='bbox 1104 2413 1283 2453; x_wconf 43' lang='lat' dir='ltr'>ecclesia&amp;</span> <span class='ocrx_word' id='word_1_253' title='bbox 1311 2411 1596 2453; x_wconf 78' lang='lat' dir='ltr'>mundissimae</span> <span class='ocrx_word' id='word_1_254' title='bbox 1625 2411 1724 2451; x_wconf 82' lang='lat' dir='ltr'>vitae</span> 
     </span>
     <span class='ocr_line' id='line_1_31' title="bbox 201 2477 1725 2533; baseline -0.001 -15"><span class='ocrx_word' id='word_1_255' title='bbox 201 2478 347 2518; x_wconf 88' lang='lat' dir='ltr'>merito</span> <span class='ocrx_word' id='word_1_256' title='bbox 381 2479 708 2528; x_wconf 85' lang='lat' dir='ltr'>commendatus,</span> <span class='ocrx_word' id='word_1_257' title='bbox 743 2480 871 2520; x_wconf 82' lang='lat' dir='ltr'>talem</span> <span class='ocrx_word' id='word_1_258' title='bbox 908 2480 1039 2520; x_wconf 85' lang='lat' dir='ltr'>sancti</span> <span class='ocrx_word' id='word_1_259' title='bbox 1078 2478 1236 2533; x_wconf 78' lang='lat' dir='ltr'>collegii</span> <span class='ocrx_word' id='word_1_260' title='bbox 1272 2478 1425 2519; x_wconf 87' lang='lat' dir='ltr'>ibidem</span> <span class='ocrx_word' id='word_1_261' title='bbox 1464 2477 1725 2518; x_wconf 84' lang='lat' dir='ltr'>consistentis</span> 
     </span>
     <span class='ocr_line' id='line_1_32' title="bbox 202 2543 1722 2599; baseline -0.001 -15"><span class='ocrx_word' id='word_1_262' title='bbox 202 2544 310 2584; x_wconf 87' lang='lat' dir='ltr'>circa</span> <span class='ocrx_word' id='word_1_263' title='bbox 331 2559 373 2585; x_wconf 89' lang='lat' dir='ltr'>se</span> <span class='ocrx_word' id='word_1_264' title='bbox 396 2545 699 2599; x_wconf 89' lang='lat' dir='ltr'>providentiam</span> <span class='ocrx_word' id='word_1_265' title='bbox 731 2545 893 2595; x_wconf 79' lang='lat' dir='ltr'>meruit,</span> <span class='ocrx_word' id='word_1_266' title='bbox 918 2550 964 2585; x_wconf 93' lang='lat' dir='ltr'>ut</span> <span class='ocrx_word' id='word_1_267' title='bbox 990 2545 1123 2586; x_wconf 88' lang='lat' dir='ltr'>senior</span> <span class='ocrx_word' id='word_1_268' title='bbox 1150 2545 1375 2585; x_wconf 83' lang='lat' dir='ltr'>monachus</span> <span class='ocrx_word' id='word_1_269' title='bbox 1405 2544 1459 2584; x_wconf 91' lang='lat' dir='ltr'>ad</span> <span class='ocrx_word' id='word_1_270' title='bbox 1487 2544 1563 2584; x_wconf 91' lang='grc'>1100</span> <span class='ocrx_word' id='word_1_271' title='bbox 1596 2543 1722 2598; x_wconf 89' lang='lat' dir='ltr'>depu-</span> 
     </span>
     <span class='ocr_line' id='line_1_33' title="bbox 201 2609 1725 2663; baseline 0 -13"><span class='ocrx_word' id='word_1_272' title='bbox 201 2615 316 2652; x_wconf 90' lang='lat' dir='ltr'>tatus</span> <span class='ocrx_word' id='word_1_273' title='bbox 347 2611 489 2652; x_wconf 87' lang='lat' dir='ltr'>crebro</span> <span class='ocrx_word' id='word_1_274' title='bbox 523 2626 617 2651; x_wconf 87' lang='lat' dir='ltr'>eum</span> <span class='ocrx_word' id='word_1_275' title='bbox 649 2611 848 2661; x_wconf 77' lang='lat' dir='ltr'>visitaret,</span> <span class='ocrx_word' id='word_1_276' title='bbox 884 2617 973 2652; x_wconf 88' lang='lat' dir='ltr'>tum</span> <span class='ocrx_word' id='word_1_277' title='bbox 1006 2611 1059 2652; x_wconf 93' lang='lat' dir='ltr'>ad</span> <span class='ocrx_word' id='word_1_278' title='bbox 1094 2611 1411 2651; x_wconf 81' lang='lat' dir='ltr'>instructionem</span> <span class='ocrx_word' id='word_1_279' title='bbox 1447 2609 1725 2663; x_wconf 86' lang='lat' dir='ltr'>simplicitatis</span> 
     </span>
     <span class='ocr_line' id='line_1_34' title="bbox 202 2675 1728 2732; baseline 0 -16"><span class='ocrx_word' id='word_1_280' title='bbox 202 2676 379 2725; x_wconf 77' lang='lat' dir='ltr'>rusticae,</span> <span class='ocrx_word' id='word_1_281' title='bbox 403 2681 495 2717; x_wconf 87' lang='lat' dir='ltr'>tum</span> <span class='ocrx_word' id='word_1_282' title='bbox 521 2677 646 2717; x_wconf 87' lang='lat' dir='ltr'>etiam</span> <span class='ocrx_word' id='word_1_283' title='bbox 675 2682 721 2717; x_wconf 89' lang='lat' dir='ltr'>ut</span> <span class='ocrx_word' id='word_1_284' title='bbox 743 2677 1058 2732; x_wconf 85' lang='lat' dir='ltr'>participatione</span> <span class='ocrx_word' id='word_1_285' title='bbox 1091 2677 1195 2718; x_wconf 86' lang='lat' dir='ltr'>sacri</span> <span class='ocrx_word' id='word_1_286' title='bbox 1216 2676 1403 2732; x_wconf 81' lang='lat' dir='ltr'>mysterii</span> <span class='ocrx_word' id='word_1_287' title='bbox 1433 2676 1555 2716; x_wconf 88' lang='lat' dir='ltr'>certis</span> <span class='ocrx_word' id='word_1_288' title='bbox 1584 2675 1728 2716; x_wconf 84' lang='lat' dir='ltr'>diebus</span> 
     </span>
     <span class='ocr_line' id='line_1_35' title="bbox 203 2741 1725 2797; baseline -0.001 -15"><span class='ocrx_word' id='word_1_289' title='bbox 203 2743 447 2783; x_wconf 87' lang='lat' dir='ltr'>muniretur.</span> <span class='ocrx_word' id='word_1_290' title='bbox 490 2743 576 2783; x_wconf 88' lang='lat' dir='ltr'>Diu</span> <span class='ocrx_word' id='word_1_291' title='bbox 597 2742 763 2797; x_wconf 86' lang='lat' dir='ltr'>quidem</span> <span class='ocrx_word' id='word_1_292' title='bbox 785 2744 914 2785; x_wconf 89' lang='lat' dir='ltr'>hostis</span> <span class='ocrx_word' id='word_1_293' title='bbox 935 2744 1128 2796; x_wconf 87' lang='lat' dir='ltr'>antiquus</span> <span class='ocrx_word' id='word_1_294' title='bbox 1150 2742 1356 2783; x_wconf 86' lang='lat' dir='ltr'>hominem</span> <span class='ocrx_word' id='word_1_295' title='bbox 1380 2741 1725 2796; x_wconf 86' lang='lat' dir='ltr'>simplicissimum</span> 
     </span>
     <span class='ocr_line' id='line_1_36' title="bbox 205 2807 1727 2861; baseline -0.001 -13"><span class='ocrx_word' id='word_1_296' title='bbox 205 2809 403 2850; x_wconf 81' lang='lat' dir='ltr'>insidians</span> <span class='ocrx_word' id='word_1_297' title='bbox 425 2808 719 2850; x_wconf 87' lang='lat' dir='ltr'>circumvenire</span> <span class='ocrx_word' id='word_1_298' title='bbox 737 2811 930 2858; x_wconf 84' lang='lat' dir='ltr'>tentavit,</span> <span class='ocrx_word' id='word_1_299' title='bbox 953 2814 1000 2849; x_wconf 87' lang='lat' dir='ltr'>ut</span> <span class='ocrx_word' id='word_1_300' title='bbox 1016 2813 1155 2850; x_wconf 85' lang='lat' dir='ltr'>autem</span> <span class='ocrx_word' id='word_1_301' title='bbox 1179 2808 1347 2849; x_wconf 86' lang='lat' dir='ltr'>insidias</span> <span class='ocrx_word' id='word_1_302' title='bbox 1363 2807 1467 2848; x_wconf 88' lang='lat' dir='ltr'>vidit</span> <span class='ocrx_word' id='word_1_303' title='bbox 1484 2807 1619 2847; x_wconf 89' lang='lat' dir='ltr'>minus</span> <span class='ocrx_word' id='word_1_304' title='bbox 1635 2823 1727 2861; x_wconf 87' lang='lat' dir='ltr'>pro-</span> 
     </span>
     <span class='ocr_line' id='line_1_37' title="bbox 206 2872 1728 2929; baseline 0 -14"><span class='ocrx_word' id='word_1_305' title='bbox 206 2876 362 2925; x_wconf 80' lang='lat' dir='ltr'>cedere,</span> <span class='ocrx_word' id='word_1_306' title='bbox 398 2875 652 2929; x_wconf 81' lang='lat' dir='ltr'>simplicitati</span> <span class='ocrx_word' id='word_1_307' title='bbox 689 2875 834 2916; x_wconf 87' lang='lat' dir='ltr'>saltem</span> <span class='ocrx_word' id='word_1_308' title='bbox 872 2875 1090 2929; x_wconf 67' lang='lat' dir='ltr'>praestigiis</span> <span class='ocrx_word' id='word_1_309' title='bbox 1126 2874 1284 2915; x_wconf 75' lang='lat' dir='ltr'>curavit</span> <span class='ocrx_word' id='word_1_310' title='bbox 1309 2874 1493 2914; x_wconf 86' lang='lat' dir='ltr'>illudere.</span> <span class='ocrx_word' id='word_1_311' title='bbox 1556 2872 1639 2913; x_wconf 82' lang='lat' dir='ltr'>Sed</span> <span class='ocrx_word' id='word_1_312' title='bbox 1668 2874 1728 2915; x_wconf 91' lang='lat' dir='ltr'>vir</span> 
     </span>
    </p>
   </div>
  </div>
 </body>
</html>
