1839 3186
546 239 605 270 ET
640 238 904 271 MmACULIs
942 239 977 270 s.
1002 237 1219 270 GODRICI.
1573 228 1655 268 203

115 342 447 401 dispergebant.’'
465 344 704 398 Rerumque
721 356 991 399 prorumpens
1009 341 1049 382 in
1064 342 1255 383 lacrimas
1270 341 1373 383 adeo
1388 342 1657 384 vehementer

119 412 302 467 lirrugiit
325 411 435 465 quod
451 410 681 451 diutissime
699 425 798 452 voce
820 409 1043 451 interclusa
1056 409 1167 462 loqui
1186 424 1268 449 non
1291 409 1429 464 potuit
1450 423 1461 461 3
1487 408 1657 450 tandem

117 479 171 520 ad
192 494 234 520 se
258 478 419 519 rediens
441 478 513 527 ait,
557 481 583 501 ‘⁶
606 477 706 517 Heu
741 476 857 526 mihi,
881 475 978 530 quia
1005 475 1209 517 incolatus
1238 490 1355 516 meus
1388 475 1657 530 prolongatus

117 550 191 595 est,
215 550 256 586 et
286 550 374 585 tam
397 544 468 585 diu
494 544 580 585 dies
601 544 739 584 obitus
769 543 851 584 mei
883 543 1037 583 dilatus
1059 545 1142 583 est!
1218 541 1253 583 O
1282 542 1347 597 pie
1380 541 1410 582 J
1415 557 1499 591 esu,
1533 557 1657 595 quam

119 612 190 653 diu
220 627 246 653 a
279 611 339 652 Te
373 615 588 665 separatus
618 610 777 661 incedo,
808 614 849 650 et
882 610 960 650 hac
992 609 1266 664 corruptionis
1299 608 1407 649 mole
1442 608 1659 663 depressus

119 678 213 719 Tibi
234 678 411 719 militare
432 692 515 719 non
538 677 711 719 valeo!”
784 677 889 718 Haec
914 681 955 717 et
989 675 1053 717 liis
1084 676 1235 717 similia
1264 676 1399 716 multa
1428 690 1501 729 per
1531 675 1657 716 inter-

117 745 227 786 valla
258 744 436 795 locutus,
476 744 531 785 nil
569 744 746 798 amplius
784 743 1044 799 percunctari
1077 742 1297 794 audebam,
1337 741 1433 797 quia
1466 742 1658 797 spiritum

118 811 228 853 illius
248 816 348 853 tunc
372 811 415 852 in
436 810 714 852 amaritudine
736 826 824 852 esse
849 809 1079 852 2videbam.

119 1103 206 1128 cAP.
229 1102 338 1129 xorv.
400 1102 605 1133 QUALITER
625 1102 767 1127 vnnms
791 1101 974 1127 ROMANIS
1010 1100 1184 1126 LOCUTUS
1219 1101 1292 1137 SIT,
1325 1101 1373 1126 ET
1405 1101 1485 1127 HAc
1506 1101 1659 1127 LINGUA

539 1169 724 1199 QUAEDAM
756 1168 907 1194 IGNOTA
938 1151 1236 1192 DISSERUERIT.³

180 1270 202 1325 ἓ
225 1272 322 1313 193.
355 1270 540 1311 REDIENs
562 1269 631 1311 illo
652 1269 742 1311 vice
764 1268 896 1310 altera
916 1283 1010 1309 cum
1037 1267 1106 1308 illo
1129 1267 1278 1316 resedi,
1303 1271 1345 1308 et
1368 1266 1418 1307 de
1455 1266 1660 1321 aliquibus

120 1338 287 1379 secretis
309 1352 447 1378 coram
479 1337 567 1392 ipso
599 1336 798 1384 disserui;
833 1340 878 1377 at
911 1335 979 1376 ille
1007 1334 1184 1376 obclusis
1214 1335 1425 1375 oculorum
1453 1334 1660 1388 palpebris

121 1404 178 1445 sic
199 1404 241 1444 in
264 1405 438 1459 grabato
463 1419 535 1446 suo
561 1403 769 1452 decubuit,
793 1407 835 1444 et
852 1403 992 1444 vultus
1012 1402 1054 1443 in
1072 1417 1139 1442 me
1161 1407 1418 1451 convertens,
1445 1401 1501 1442 sic
1526 1401 1657 1442 Fran-

121 1470 267 1525 cigena
297 1486 369 1512 seu
400 1471 592 1512 Romana
627 1470 768 1525 lingua
801 1484 987 1518 exorsus,
1023 1468 1096 1518 ait,
1141 1472 1166 1490 “
1193 1468 1308 1509 Tolle
1341 1468 1471 1523 digito
1508 1473 1580 1509 tuo
1606 1468 1657 1509 de

121 1537 249 1579 oculis
284 1538 387 1580 meis
430 1536 552 1593 hujus
585 1538 712 1579 saniei
748 1536 957 1592 pituitam,
996 1550 1085 1590 quae
1123 1535 1309 1576 obcludit
1331 1535 1441 1577 visus
1472 1535 1554 1576 mei
1585 1551 1660 1590 pu-

120 1604 304 1659 pillam.''
374 1604 659 1645 Tremefactus
681 1619 755 1659 ego
781 1603 1052 1644 libentissime
1077 1602 1120 1643 id
1142 1603 1219 1657 egi,
1244 1607 1285 1643 et
1309 1603 1445 1644 verbis
1470 1601 1660 1657 Anglicis

120 1671 324 1726 respondi,
343 1672 440 1726 quia
459 1672 601 1726 lingua
621 1672 712 1726 ipsa
726 1686 806 1725 qua
826 1670 894 1711 ille
915 1670 1160 1724 loquebatur
1175 1685 1267 1710 11011
1279 1669 1485 1710 audebam
1510 1668 1658 1723 eloqui.

124 1737 228 1779 Post
250 1738 458 1779 modicum
480 1738 668 1779 minister
692 1738 800 1778 illius
828 1736 882 1777 ad
912 1752 986 1778 nos
1009 1736 1320 1791 introgreditur,
1346 1742 1388 1777 et
1411 1735 1521 1790 quod
1542 1736 1659 1790 quip-

121 1803 233 1859 piam
255 1805 388 1859 operis
414 1820 497 1845 non
521 1805 723 1859 potuisset
745 1802 903 1844 efficere
926 1803 1184 1844 causabatur.
1258 1803 1379 1843 Tunc
1414 1803 1482 1844 ille
1514 1802 1660 1843 eodem

120 1886 200 1925 quo
223 1872 337 1926 prius
360 1871 578 1912 locutionis
598 1886 761 1926 genere,
787 1874 811 1892 ‘⁶
836 1869 1038 1919 Idcirco,''
1070 1869 1220 1923 inquit,
1250 1873 1274 1892 ‘⁶
1296 1869 1397 1910 talia
1417 1884 1500 1910 non
1524 1876 1656 1924 potes,

170 1982 181 2003 1
201 1982 358 2028 Irrugiit.
402 1982 550 2027 Irriguit,
572 1981 619 2015 H.

168 2029 181 2048 ²
206 2029 363 2063 Videbmm
413 2029 486 2062 The
512 2029 632 2062 author
657 2027 694 2061 of
715 2027 772 2061 the
797 2039 1008 2072 anonymous
1040 2026 1136 2060 Harl.
1161 2025 1283 2071 legend
1308 2025 1387 2059 thus
1414 2030 1564 2061 nai-rates
1590 2024 1658 2058 this

122 2075 273 2109 incident
288 2089 294 2110 :
313 2078 334 2095 ‘⁶
348 2076 421 2121 Ego
438 2076 547 2109 mansi
566 2075 656 2121 apud
667 2086 743 2108 eum
763 2074 971 2120 aliquandiu,
985 2080 1023 2107 ut
1037 2073 1164 2107 Missas
1182 2073 1212 2106 ei
1228 2072 1431 2106 celebrarem
1448 2085 1455 2113 ;
1481 2077 1513 2105 61
1528 2083 1605 2105 611111
1624 2072 1658 2105 in

123 2123 196 2166 ejus
222 2122 308 2156 cella
333 2122 525 2166 dormirem,
552 2122 586 2155 in
611 2122 794 2155 festivitate
829 2120 996 2163 Paschali,
1030 2126 1130 2153 nocte
1155 2120 1268 2153 media
1293 2119 1366 2164 ipse
1391 2119 1557 2152 altissima
1577 2130 1659 2151 voce

122 2169 282 2202 cantavit.
334 2169 407 2214 Ego
425 2175 539 2202 autem
558 2168 720 2213 evigilans
746 2168 859 2201 audivi
878 2167 967 2213 quod
991 2167 1153 2200 Sanctum
1178 2166 1388 2200 Nicholaum
1407 2165 1532 2210 saepius
1550 2165 1659 2198 nomi-

122 2215 234 2259 nabat,
262 2222 295 2249 et
314 2227 414 2249 mane
438 2216 538 2259 facto,
566 2215 704 2260 quaesivi
726 2214 768 2248 ab
786 2226 825 2248 eo
851 2226 953 2259 quare
978 2214 1025 2247 ita
1050 2219 1229 2247 cantasset.
1297 2212 1365 2254 Qui
1391 2213 1439 2245 sic
1465 2212 1660 2257 respondit:

123 2263 132 2280 ‘
146 2262 228 2295 Vidi
247 2262 397 2307 Angelos
414 2262 457 2295 ad
474 2262 690 2307 sepulchrum
717 2261 856 2295 Domini
883 2260 1139 2301 descendentes,
1158 2266 1190 2293 et
1209 2259 1256 2293 ibi
1274 2259 1480 2292 dulcissimis
1505 2258 1660 2292 modula-

124 2308 273 2342 tionibus
286 2309 485 2352 jubilantes.
506 2309 599 2342 Inter
617 2320 700 2353 quos
719 2308 846 2341 Beatus
865 2307 1056 2341 Nicholaus
1075 2307 1184 2349 affuit,
1200 2307 1256 2351 qui
1274 2318 1329 2339 me
1344 2317 1421 2339 cum
1440 2305 1507 2339 illis
1525 2312 1660 2339 cantare

124 2356 345 2398 commonuit,
365 2355 479 2389 dicens
498 2355 587 2400 quod
606 2367 671 2388 vox
688 2355 863 2388 hominum
881 2354 979 2388 bonae
997 2353 1180 2387 voluntatis
1197 2353 1283 2386 bene
1300 2352 1439 2386 vocibus
1458 2358 1658 2385 consonaret

124 2401 324 2446 Angelicis.'
375 2402 507 2444 Quibus
526 2402 636 2443 dictis,
655 2401 696 2435 ab
714 2401 782 2435 alto
796 2401 979 2446 suspirans,
996 2411 1130 2445 gemere
1148 2400 1250 2445 coepit
1268 2405 1301 2432 et
1318 2400 1410 2433 fiere.
1462 2398 1525 2432 Illo
1543 2404 1660 2444 postea

123 2449 319 2493 respirante,
338 2448 477 2493 quaesivi
504 2455 628 2493 quanto
645 2454 796 2493 tempore
813 2448 897 2481 visio
922 2447 980 2480 illa
1006 2447 1169 2480 durasset.
1223 2446 1319 2480 Tunc
1344 2445 1401 2479 1116
1418 2458 1424 2480 ;
1452 2446 1504 2479 ‘A
1522 2445 1660 2485 110ctis‚⁷

124 2495 244 2539 inquit,
264 2496 273 2513 ⁴
284 2495 381 2528 initio
392 2506 499 2540 usque
517 2495 551 2528 in
566 2495 726 2537 diluculo,
741 2506 807 2539 qua
818 2494 948 2528 scilicet
964 2493 1047 2527 hora
1062 2493 1217 2527 Christus
1231 2505 1250 2526 a
1267 2493 1410 2526 mortuis
1424 2492 1657 2535 resurrexerit,

124 2547 157 2574 et
175 2548 247 2574 orto
265 2553 342 2575 cum
369 2542 438 2575 sole
457 2541 610 2586 Angelus
635 2541 776 2574 removit
794 2540 941 2586 lapidem
960 2552 978 2574 a
996 2539 1185 2585 sepulchre.
1236 2539 1433 2573 Circuibant
1452 2551 1528 2572 vero
1546 2538 1658 2583 sepul-

123 2587 241 2621 chrum
259 2588 383 2633 Angeli
407 2594 440 2621 et
458 2588 602 2621 dulciter
626 2587 851 2630 modulantes,
869 2593 1019 2620 aromata
1037 2586 1298 2631 circumquaque
1316 2585 1539 2631 spargebant.’
1591 2585 1659 2618 Ite-

123 2646 197 2667 rum
218 2646 439 2680 prorumpens
456 2635 491 2667 111
508 2634 675 2678 lacrimas,
694 2634 777 2667 adeo
796 2634 1012 2667 vehementer
1030 2631 1170 2679 [coepit]
1192 2633 1330 2677 111-118116
1348 2631 1437 2677 quod
1462 2631 1658 2676 aliquandiu

123 2680 214 2725 loqui
234 2693 300 2714 non
317 2682 428 2726 potuit
446 2694 454 2722 ;
480 2687 513 2714 et
530 2688 647 2726 postea
664 2680 775 2714 taliter
793 2686 844 2714 est
860 2680 994 2714 locutus
1009 2692 1015 2714 :
1045 2682 1053 2697 ⁶
1073 2680 1148 2713 Heu
1165 2679 1260 2723 mihi,
1279 2679 1357 2723 quia
1380 2678 1544 2711 incolatus
1562 2689 1659 2711 meus

124 2727 267 2760 nimium
296 2727 525 2772 prolongatur,
548 2734 581 2761 61
598 2739 688 2761 mors
714 2727 903 2760 desiderata
928 2727 1102 2760 differtur!
1155 2726 1184 2759 O
1203 2726 1257 2770 pie
1282 2725 1388 2758 Jesu!
1416 2724 1577 2769 quamdiu
1603 2724 1660 2757 de-

124 2785 257 2818 pressus
277 2774 341 2807 ista
358 2774 581 2819 corruptionis
599 2774 688 2807 mole
706 2775 862 2818 sejungar
879 2785 899 2806 a
918 2774 967 2806 Te
979 2773 1003 2806 2²
1053 2772 1166 2805 Multa
1188 2771 1381 2816 hujusmodi
1400 2783 1459 2815 per
1484 2770 1659 2804 intervalla

125 2819 268 2862 dicebat,
288 2826 319 2853 ct
339 2821 497 2865 quoniam
523 2821 634 2865 ipsum
658 2821 692 2854 in
718 2820 942 2853 amaritudine
967 2819 1115 2865 positum
1134 2818 1301 2861 videbam,
1320 2817 1465 2862 amplius
1492 2817 1660 2862 inquirere

124 2877 190 2899 non
208 2866 408 2900 audcbam.''

171 2913 184 2931 ³
210 2912 249 2946 In
267 2912 324 2946 the
344 2913 439 2947 Harl.
459 2913 534 2947 MS.
554 2913 692 2958 chapter
711 2913 791 2947 CII.
