1839 3186
211 180 300 222 xxii

852 202 1102 237 APPENDIX

211 292 312 327 SEoT.

239 348 279 387 9.

206 794 273 834 10.

193 1641 260 1681 11.

188 2054 255 2094 12.

187 2355 249 2395 13.

177 2609 244 2648 14.

308 345 410 390 ΟΑΡ.
434 365 507 392 vn.
541 351 812 408 Reginaldus.

311 425 420 467 enim
445 443 497 468 ne
519 429 584 470 vel

308 491 474 536 delituit
510 511 593 537 non
635 497 731 539 hab.
772 499 813 540 in
851 501 943 543 cod.

346 560 486 603 Wint.

307 627 537 670 solitariam
593 630 730 673 adhuc
786 635 940 690 agebat

341 694 473 736 vitam

303 793 402 836 ΟΑΡ.
428 811 517 838 vm.
556 797 829 854 Reginaldus.

302 885 426 927 modo
448 887 490 928 in
513 888 782 945 semetipsum

304 952 488 995 vinceret
512 970 635 1009 quem

301 1018 496 1063 dentibus
517 1022 688 1065 asininis

298 1089 527 1141 praetendit

298 1153 435 1197 fervor
454 1156 522 1197 ille
545 1172 581 1211 q.

298 1220 528 1265 beatissimi
548 1224 680 1279 patris
703 1224 753 1266 B.

299 1289 449 1345 quippe
492 1291 547 1332 ad
594 1290 671 1332 hoe
718 1298 928 1348 repererat

329 1355 527 1399 idoneum

294 1423 428 1466 furem
450 1440 571 1467 suum

295 1490 477 1533 Sedente
502 1507 664 1547 quoque
686 1508 733 1534 eo

293 1559 404 1613 quod
427 1574 532 1614 pene
553 1575 737 1615 praeoeps

291 1639 626 1694 stupendumque
649 1645 711 1681 est
734 1641 845 1695 quod

291 1705 509 1747 devoraret
531 1706 727 1749 mollities
748 1712 905 1750 tenerae

289 1772 458 1828 quidam
530 1778 699 1828 patrum
770 1790 921 1830 aquam

321 1840 448 1881 etiam
470 1855 558 1881 esse

287 1922 395 1961 aqua
415 1907 552 1948 mixta

287 1979 328 2015 et
353 1989 426 2029 per
446 1974 754 2017 hebdomadam
781 1990 813 2018 s.
835 1991 867 2018 s.

288 2052 419 2094 laicus
440 2057 547 2094 esset
569 2053 765 2098 instituit.

286 2119 522 2162 Garleolum

284 2186 480 2241 pulsante
516 2187 737 2228 citationes
775 2188 918 2231 solitas

314 2253 451 2294 fac-ere

282 2352 383 2394 OAP.
406 2368 466 2393 1x.

279 2441 490 2483 revocavit

279 2507 514 2563 ingrediens

277 2606 378 2648 OAP.
400 2624 444 2650 X.
479 2607 726 2651 Germanus.

275 2695 411 2737 astitit
425 2694 595 2751 juvenis
616 2697 820 2739 submisso

273 2762 476 2817 imagines
536 2778 568 2804 s.
630 2779 661 2806 s.
719 2764 905 2808 crucifixi

312 2827 474 2883 [omisso
496 2830 558 2883 et)

274 2895 506 2937 demoniaci
531 2897 666 2951 operis

1006 716 1073 758 16.

986 2104 1051 2146 19.

1011 306 1111 341 SEcT.

1013 361 1080 400 15.
1111 359 1211 402 ΟΑΡ.
1235 377 1294 404 XI.
1329 362 1601 420 Reginaldus.

1109 449 1281 493 alterius
1320 453 1543 508 praeposita
1582 455 1739 511 negotii

1142 517 1306 558 actione

1108 582 1324 626 denarium
1345 601 1475 627 unum

1105 716 1206 759 ΟΑΡ.
1229 734 1304 760 ΧΠ.
1336 718 1609 776 Reginaldus.

1104 822 1197 860 tota
1216 819 1369 861 vicinia

1101 885 1144 926 in
1166 901 1214 927 eo
1237 887 1404 942 penitus
1427 902 1571 930 sensus

1100 952 1257 995 hauriri
1307 959 1473 1010 poterat
1522 960 1570 997 ut
1625 971 1733 1011 aqua

1132 1020 1290 1062 hauriri

1098 1102 1182 1128 non
1205 1094 1379 1130 noverat

1096 1154 1317 1210 imperium
1340 1154 1428 1212 ejus
1449 1161 1482 1198 t.

996 1273 1064 1320 17.
1094 1276 1196 1319 OAP.
1220 1294 1313 1319 xm.
1345 1279 1616 1335 Reginaldus.

994 1400 1062 1440 18.
1090 1399 1189 1445 CAP.
1212 1417 1321 1444 xxm.
1353 1403 1624 1459 Reginaldus.

1092 1499 1308 1544 Plantavit
1331 1503 1459 1545 etiam

1090 1572 1395 1624 attemptatum

1090 1635 1287 1690 stetitque
1310 1652 1456 1679 cervus

1087 1708 1335 1757 perpetuum
1357 1705 1415 1746 eis
1436 1704 1450 1745 i

1087 1768 1287 1811 virtutem
1362 1772 1535 1814 solitarii
1619 1774 1716 1828 (om.

1120 1838 1302 1892 mannae)

1086 1918 1202 1945 ursos
1223 1909 1264 1945 et
1287 1905 1423 1947 vicina
1443 1921 1475 1948 s.

1084 1969 1347 2013 insolentiam
1361 1987 1454 2014 cum
1467 1974 1560 2028 (om.
1579 1975 1709 2030 quod)

1082 2103 1185 2146 GAP.
1211 2121 1282 2146 XV.
1316 2105 1587 2162 Reginaldus.

1082 2204 1306 2248 adducere.

1082 2276 1123 2312 et
1147 2272 1190 2312 in
1211 2287 1361 2327 aquam
1385 2289 1427 2315 se

1075 2338 1331 2394 interceptus

1078 2404 1178 2447 locis
1198 2406 1371 2449 morasis

1076 2477 1197 2513 noete
1222 2473 1284 2514 sui
1306 2489 1348 2528 p.

1075 2539 1234 2581 coelitus
1256 2540 1398 2581 caecati

973 2671 1042 2712 20.
1069 2670 1170 2712 GAP.
1193 2687 1280 2713 XVI.
1313 2672 1584 2728 Reginaldus.

1072 2768 1313 2826 Rannulphi

1070 2834 1179 2877 eirea
1201 2852 1343 2879 euram

1067 2902 1193 2944 bruta
1215 2904 1411 2948 animalia
