1839 3186
206 167 290 205 424
726 174 960 207 LIBELLUS
996 174 1060 205 DE
1095 174 1212 205 VITA

436 362 538 389 CLVI.
572 362 623 387 DE
654 362 781 387 PUERO
812 362 856 387 IN
887 362 1037 387 MATRIS
1069 362 1297 387 VISCERIBUS
1329 363 1505 388 MORTUO.

265 444 283 496 ᾗ
309 446 405 488 526.
438 445 628 486 ADELIZA
650 445 839 499 quaedam
870 445 920 486 de
954 445 1127 487 Forsete
1154 445 1196 486 in
1218 445 1654 502 Richemundeschyre
1686 447 1737 488 de

207 510 295 552 viro
326 526 399 552 suo
435 512 635 567 concepit,
668 512 740 553 sed
775 512 948 566 gravida
978 512 1126 553 effecta
1160 528 1233 567 per
1262 528 1417 554 annum
1455 513 1663 567 integrum
1695 518 1737 554 et

208 592 255 618 eo
287 578 462 632 amplius
495 578 545 618 de
575 580 677 619 foetu
708 582 905 633 concepto
936 594 1009 633 per
1029 584 1195 633 partum
1228 579 1445 620 deliberari
1474 594 1557 620 non
1584 580 1737 634 potuit.

209 644 310 696 Quae
332 644 516 698 quotidie
541 660 613 699 per
634 650 859 700 augmenta
889 644 1041 686 doloris
1063 645 1117 685 ad
1141 644 1280 701 pejora
1302 645 1536 695 declinavit,
1559 661 1635 687 nec
1665 646 1737 687 ali-

207 710 306 764 quid
327 711 493 751 omnino
515 711 729 752 levaminis
761 726 813 751 ex
838 711 981 752 crebra
1001 712 1299 753 medicinarum
1321 712 1626 766 permutatione
1648 728 1738 767 per-

207 777 346 819 sensit.
409 777 599 831 Denique
620 777 675 818 ad
696 778 958 832 sepulchrum
980 778 1056 819 viri
1089 779 1170 819 Dei
1201 778 1414 833 perducta,
1438 794 1537 820 mox
1567 784 1614 820 ut
1635 779 1737 820 illud

205 843 360 897 attigit,
387 858 489 884 onus
510 844 620 898 quod
642 843 825 899 portavit
844 843 955 885 intra
986 859 1028 885 se
1050 845 1205 887 moveri
1234 846 1439 900 cognovit,
1463 845 1738 899 festinatoque

206 909 418 964 egrediens
449 909 503 950 ad
534 910 703 951 domum
734 910 967 965 proximam
999 911 1039 951 in
1072 911 1217 952 eadem
1249 911 1362 952 curia
1393 911 1576 963 divertit,
1609 917 1650 954 et
1681 912 1739 954 ibi

205 976 292 1016 sine
324 976 464 1016 dolore
495 974 625 1017 filium
656 976 828 1032 peperit.
900 977 1032 1030 Quem
1065 978 1320 1019 Dunelmum
1352 978 1674 1033 deportaverunt
1697 983 1738 1020 et

205 1042 458 1096 baptismate
489 1044 675 1085 renovari
706 1044 922 1092 fece1²unt;
957 1044 1029 1085 sed
1051 1045 1118 1086 die
1149 1045 1336 1099 sequenti
1368 1045 1653 1086 chrismalibus
1677 1046 1737 1086 in-

208 1108 333 1150 dutus
374 1109 506 1157 obiit;
541 1110 678 1164 sicque
718 1110 866 1151 beatus
907 1110 1123 1161 (irmiricus,
1157 1112 1226 1166 qui
1261 1112 1473 1153 abortivus
1508 1112 1619 1153 nasci
1654 1127 1737 1153 non

207 1175 343 1229 potuit
365 1175 479 1216 illum
512 1177 719 1218 viventem
752 1177 941 1218 exhibuit
966 1182 1008 1218 et
1033 1178 1214 1219 Domino
1246 1183 1530 1219 consecratum
1561 1179 1737 1219 militem

209 1241 259 1282 de
281 1242 455 1283 terrenis
476 1242 530 1283 ad
552 1243 732 1285 coelestia
755 1243 1017 1286 'destinavit

453 1405 572 1430 CLVII.
606 1405 658 1430 DE
689 1405 797 1431 GENU
820 1406 1049 1433 CONTRACTO
1080 1407 1128 1433 ET
1159 1408 1269 1434 TIBIA
1300 1409 1487 1434 PERDITA.

266 1489 288 1543 ᾗ
314 1486 410 1532 527.
446 1488 477 1529 J
480 1504 682 1539 oHANNEs‚
706 1488 812 1531 filius
836 1490 956 1545 Sigar
977 1490 1027 1531 de
1051 1490 1313 1541 Silkeswrde‚
1337 1507 1410 1546 per
1430 1507 1559 1534 annos
1580 1497 1738 1548 septem

205 1569 332 1596 unam
357 1555 554 1596 tibiarum
585 1557 792 1607 amiserat⁷
818 1562 858 1598 et
880 1562 970 1598 toto
1001 1562 1188 1612 tempore
1212 1557 1300 1612 ipso
1330 1574 1440 1613 genu
1475 1559 1623 1600 dextro
1645 1575 1738 1600 con-

206 1626 366 1663 tractus
398 1622 630 1664 exstiterat.
695 1623 775 1675 Qui
806 1623 875 1664 illo
910 1624 1136 1678 perductus
1167 1624 1312 1665 eadem
1342 1630 1463 1666 nocte
1499 1626 1736 1675 convaluit;

206 1693 248 1728 et
280 1687 477 1729 domnum
502 1689 608 1730 villae
639 1688 778 1744 ipsius,
803 1690 871 1744 qui
903 1694 1003 1731 tunc
1033 1705 1211 1745 praesens
1243 1690 1374 1741 affuit,
1399 1707 1492 1733 cum
1516 1690 1741 1747 juvenibus

206 1754 259 1795 ab
280 1754 455 1795 infantia
476 1770 570 1796 cum
591 1756 660 1797 illo
685 1756 867 1805 nutritis,
892 1762 1043 1798 testem
1065 1773 1147 1799 suae
1169 1756 1422 1800 infirmitatis
1450 1773 1588 1800 coram
1610 1760 1740 1801 omni-

207 1821 283 1862 bus
304 1821 464 1863 habuit.

553 1920 689 1947 CLVIII.
722 1921 821 1947 ITEM
853 1923 904 1947 DE
935 1922 1107 1950 GENIBUS
1137 1924 1392 1950 CONTRACTIS.

267 2002 289 2056 ξ
313 2004 409 2044 528.
447 2003 593 2045 ADDoc
615 2004 665 2046 de
687 2004 926 2047 Difflistune
947 2006 1137 2048 omnibus
1157 2008 1353 2049 membris
1374 2023 1447 2063 per
1467 2023 1595 2051 annos
1615 2008 1741 2063 pluri-

208 2083 297 2110 mos
319 2068 533 2120 destituta,
556 2071 610 2112 ad
632 2072 820 2113 tumbam
842 2073 947 2114 servi
971 2073 1051 2114 Dei
1073 2079 1135 2115 est
1158 2079 1314 2115 curata.

822 2201 956 2257 [ITEM,
991 2204 1124 2260 ALIA.]

268 2299 286 2351 ᾗ
312 2302 409 2342 529.
447 2299 637 2341 JOHETTE
665 2300 715 2342 de
748 2301 986 2344 Bromdune
1017 2308 1190 2358 utroque
1220 2319 1329 2360 genu
1359 2321 1432 2360 per
1453 2321 1606 2347 annum
1637 2306 1741 2348 inte-

209 2381 330 2420 grum
362 2371 578 2407 contracta
606 2367 782 2417 exstitit,
815 2369 925 2409 unde
963 2375 1006 2410 et
1038 2371 1175 2424 plures
1211 2376 1339 2413 testes
1371 2372 1547 2420 habuit3
1582 2373 1654 2414 sed
1685 2374 1742 2414 ibi

210 2432 510 2483 convalescens,
534 2433 739 2474 liberrime
762 2440 908 2476 sanata
929 2450 1066 2477 coram
1098 2437 1290 2480 omnibus
1320 2439 1532 2480 ambulare
1554 2439 1639 2481 sine
1671 2440 1742 2481 ali-

210 2513 290 2552 qua
311 2498 611 2540 claudicatione
633 2500 768 2555 coepit.

257 2628 265 2646 ¹
289 2625 511 2671 Destinat-it]
542 2626 614 2660 The
628 2638 838 2672 anonymous
852 2627 1013 2661 Harleian
1031 2629 1239 2674 manuscript
1257 2629 1335 2662 thus
1353 2636 1509 2664 recounts
1521 2631 1578 2664 the
1592 2631 1740 2677 history:

211 2671 373 2704 “Mulier
391 2672 545 2716 quaedain
570 2673 707 2717 gravida
732 2685 799 2706 non
822 2674 933 2718 potuit
951 2686 969 2707 a
987 2680 1083 2719 partu
1101 2687 1160 2719 per
1177 2687 1301 2708 annum
1328 2676 1495 2721 integrum
1521 2678 1665 2721 liberari,
1684 2679 1743 2712 sed

212 2717 325 2750 dolore
342 2719 449 2762 inagis
468 2725 499 2751 et
518 2720 626 2762 magis
644 2731 801 2764 processu
819 2721 979 2765 temporis
997 2721 1155 2764 cruciata,
1174 2721 1258 2754 nihil
1276 2722 1339 2755 sibi
1356 2724 1461 2756 varias
1475 2724 1634 2768 prodesse
1652 2736 1743 2758 com—

210 2764 297 2808 perit
328 2765 526 2798 medicinas.
578 2765 733 2811 Denique
755 2766 796 2799 ad
819 2767 1034 2812 sepulchrum
1062 2768 1175 2800 Sancti
1203 2768 1341 2801 Godrici
1367 2769 1539 2814 perducta,
1566 2771 1680 2804 statim
1706 2777 1744 2804 ut

212 2810 295 2842 illud
319 2811 449 2854 affiget,
477 2812 586 2845 infans
613 2813 647 2845 in
674 2819 768 2846 utero
789 2825 922 2846 movere
949 2814 1063 2858 coepit.
1115 2814 1178 2847 Illa
1196 2814 1394 2848 festinanter
1417 2816 1566 2860 ingressa
1591 2817 1622 2850 in
1643 2817 1742 2851 domo

210 2857 366 2901 proxima
383 2857 491 2891 filium
510 2859 650 2904 peperit,
671 2860 725 2903 qni
746 2859 953 2893 Dunelmum
973 2860 1103 2894 delatus
1122 2866 1183 2903 est,
1202 2866 1234 2894 et
1253 2860 1378 2895 ibidem
1397 2862 1622 2907 baptizatur.’'
