1839 3186
518 221 577 251 ET
612 219 877 252 MIRACULIS
914 220 948 251 s.
976 218 1196 251 GODRICI.
1541 207 1621 247 221

88 422 174 448 CAP.
197 422 276 447 cvr.
338 421 390 446 DE
421 421 577 446 ARBORE
615 420 733 450 QUAM
771 420 896 446 INFRA
933 420 1129 446 CANONEM
1162 419 1290 444 MISSAE
1324 419 1437 444 sucus
1469 419 1626 444 ALTARE

145 488 332 514 srANTEM
364 488 489 522 wmr,
522 488 566 512 IN
598 487 680 516 QUA
722 487 814 512 AVIS
856 487 1049 512 REsmENs
1084 486 1213 512 COELOS
1259 485 1543 522 PENETRAV1T3
1578 486 1626 511 ET

145 554 336 583 QUOMODO
367 554 513 579 siamus
558 553 728 579 PUERUM
761 554 804 579 IN
836 553 968 579 senem
1004 552 1192 579 HUMANA
1224 552 1448 578 ALTARIBUS
1482 552 1625 577 PRAEsI-

149 620 253 645 DERE
283 604 594 647 CONSPEXERIT.¹

149 721 290 775 §209
327 720 435 761 Amo
466 725 652 775 tempore
682 719 810 760 frater
847 718 1015 773 quidam
1036 719 1124 760 viro
1146 718 1227 760 Dei
1259 718 1412 760 Missas
1444 718 1625 760 celebra-

89 792 238 836 verat3
273 786 345 828 sed
367 787 542 842 expletis
570 786 789 836 solemniis,
827 801 965 827 coram
997 784 1066 826 illo
1092 785 1334 827 consederat
1355 802 1365 833 3
1402 785 1470 839 qui
1492 800 1625 827 sacer-

91 854 232 895 dotem
267 853 526 903 conveniens,
559 853 630 903 ait,
667 856 692 874 ‘⁶
715 851 915 907 Nunquid
949 852 1058 893 nosti
1089 867 1179 906 quae
1209 852 1276 892 hic
1307 851 1431 892 hodie
1467 852 1627 893 coelitus

91 925 187 961 acta
219 924 327 969 sunt,
359 919 458 960 dum
486 920 527 960 in
556 918 695 960 Altari
731 919 809 960 isto
851 934 923 973 per
955 923 997 959 te
1030 918 1230 973 mysteria
1266 918 1408 959 divina
1444 922 1627 960 tractata

92 991 186 1027 sunt
201 986 241 1027 Γ
303 985 384 1038 Qui
415 1000 456 1027 se
487 1000 536 1026 ea
570 984 767 1040 profitens
798 985 999 1039 ignorare,
1032 985 1231 1026 obtestari
1260 984 1381 1039 coepit
1408 989 1455 1026 ut
1487 985 1558 1025 illa
1589 985 1625 1025 ei

93 1052 334 1107 dignaretur
374 1067 590 1106 exponere.
674 1055 698 1073 “
720 1050 836 1091 Inter
873 1049 1029 1100 sacra,’'
1075 1051 1221 1105 inquit,
1260 1054 1287 1072 ‘⁶
1311 1051 1472 1105 agenda
1504 1051 1627 1092 arbor

91 1119 238 1174 palmae
269 1118 545 1173 pulcherrima
573 1117 623 1158 de
654 1117 810 1172 superis
848 1117 903 1157 ad
935 1116 1128 1158 inferiora
1162 1116 1388 1166 descendit,
1430 1122 1471 1158 et
1510 1132 1626 1159 secus

93 1185 243 1226 Altare
279 1184 320 1225 in
353 1184 486 1225 altum
523 1188 713 1239 porrecta
743 1183 954 1232 constitit3
1004 1184 1046 1224 in
1083 1181 1197 1238 cujus
1233 1183 1400 1225 verticis
1435 1198 1626 1238 supremo

93 1251 304 1292 cacumine
326 1251 412 1292 avis
447 1250 636 1304 quaedam
660 1249 932 1305 pulcherrime
955 1249 1179 1305 praelucida
1200 1249 1288 1291 visa
1309 1255 1370 1290 est
1395 1250 1593 1291 resedisse
1612 1267 1623 1298 3

93 1333 183 1371 quae
213 1317 561 1373 applaudentibus
596 1316 754 1358 alarum
777 1316 966 1371 pennulis
997 1331 1158 1371 semper
1189 1316 1242 1356 ad
1274 1331 1322 1356 ea
1353 1331 1441 1370 quae
1473 1321 1629 1357 tracta-

92 1384 245 1425 bantur
261 1383 452 1433 intendit,
473 1388 514 1425 et
528 1383 585 1425 sic
598 1388 688 1424 toto
704 1388 888 1437 tempore
907 1398 986 1437 quo
1005 1383 1234 1438 spiritualia
1250 1382 1626 1437 pertractabantur,

93 1451 201 1491 circa
234 1450 392 1492 arboris
432 1450 599 1505 fastigia
630 1450 850 1504 deportata
889 1450 1129 1504 permansit.
1206 1448 1326 1490 Circa
1366 1447 1491 1490 finem
1531 1464 1627 1490 vero

94 1517 221 1558 divini
241 1516 443 1572 mysterii,
475 1517 563 1558 avis
593 1516 664 1557 illa
691 1531 785 1556 cum
816 1516 960 1556 arbore
999 1516 1041 1557 in
1073 1515 1277 1565 sublimia,
1311 1515 1420 1556 unde
1442 1521 1627 1566 venerat,

93 1583 312 1625 videbatur
337 1582 469 1624 efferri
488 1601 498 1632 3
533 1584 700 1637 avisque
717 1587 806 1623 tam
829 1582 1021 1624 sublimia
1041 1582 1174 1637 petiit,
1194 1582 1303 1636 quod
1325 1583 1497 1624 ulterius
1520 1598 1545 1623 a
1560 1597 1626 1623 me

94 1649 223 1691 videri
253 1664 335 1690 non
372 1650 522 1705 potuit.
596 1649 724 1690 Forte
753 1649 881 1703 igitur
912 1649 999 1689 haec
1038 1648 1220 1704 Spiritus
1257 1648 1400 1690 Sancti
1423 1648 1554 1690 virtus
1585 1654 1627 1690 et

92 1717 228 1771 gratia
249 1716 423 1765 exstitit,
458 1716 535 1758 Oui
557 1716 637 1757 illis
658 1714 841 1756 fidelium
866 1713 1074 1756 sacrificiis
1090 1716 1194 1756 bene
1209 1715 1471 1770 complacuit.
1535 1715 1627 1770 Ego

94 1798 190 1824 vero
204 1783 369 1823 interim
389 1787 509 1823 tanta
531 1783 698 1837 spiritus
717 1782 932 1823 alacritate
953 1781 1135 1831 efferbui,
1154 1781 1264 1836 quod
1285 1781 1416 1836 magis
1437 1782 1627 1836 spiritum

95 1864 219 1903 quam
261 1864 426 1889 carnem
469 1847 618 1890 sensi.''
681 1848 786 1888 Haec
831 1848 976 1888 eadem
1016 1848 1141 1902 priori
1176 1853 1216 1889 et
1248 1849 1394 1889 ceteris
1430 1848 1627 1889 fratribus

94 1915 239 1956 eadem
264 1914 328 1956 die
353 1915 508 1965 retulit,
532 1920 572 1956 et
594 1914 774 1956 lacrimis
796 1914 963 1964 obortis,
986 1914 1190 1969 singultus
1210 1914 1342 1955 cordis
1363 1914 1627 1969 interruptim

94 1982 220 2023 verba
240 1981 444 2036 loquentis
465 1981 640 2022 abscidit
659 1999 669 2029 3
705 1980 774 2034 qui
797 1979 1075 2035 glorificantes
1097 1980 1337 2030 Dominum,
1357 1980 1507 2022 reversi
1530 1987 1626 2022 sunt

94 2048 149 2089 ad
188 2049 365 2104 propria,
407 2047 697 2089 benedicentes
733 2047 844 2088 Eum
879 2046 959 2100 Qui
1002 2062 1074 2102 per
1111 2054 1274 2089 sanctos
1310 2047 1416 2089 Suos
1443 2047 1627 2102 quotidie

94 2120 288 2170 operatur
308 2115 526 2156 mirabilia.

155 2182 298 2236 §210.
331 2181 490 2236 Saepius
525 2181 651 2222 etiam
689 2181 800 2222 intra
837 2185 996 2222 secreta
1033 2181 1257 2222 Missarum
1291 2181 1492 2236 mysteria
1521 2181 1627 2222 vidit

94 2247 351 2289 coruscantia
392 2248 565 2303 desuper
610 2248 779 2297 lumina,
812 2247 973 2288 Altaris
1008 2248 1187 2288 sacraria
1223 2263 1275 2288 ex
1308 2247 1417 2288 omni
1461 2247 1626 2302 regione

94 2314 247 2355 circum
287 2314 541 2369 operientia3
576 2319 619 2355 at
652 2314 861 2369 mysteriis
893 2314 1120 2368 completis,
1154 2314 1237 2354 cito
1278 2314 1331 2354 ab
1370 2313 1498 2355 oculis
1532 2329 1626 2354 con-

93 2380 248 2421 tuentis
283 2380 501 2435 aufugisse,
538 2386 578 2421 et
610 2395 652 2421 se
683 2381 725 2421 in
756 2395 934 2435 superna
967 2379 1205 2420 habitacula
1229 2379 1456 2421 recessisse.
1520 2380 1626 2422 Con-

93 2447 259 2488 veniens
279 2447 406 2501 igitur
426 2446 542 2487 illum
564 2462 657 2487 cum
678 2446 812 2487 amica
832 2446 1119 2496 sollicitudine,
1151 2447 1294 2487 multis
1314 2446 1533 2500 praemissis
1555 2462 1626 2487 ex-

95 2513 325 2567 emplorum
360 2513 580 2563 miraculis,
605 2513 706 2568 coepi
728 2528 753 2554 a
773 2513 893 2567 longe
918 2512 1205 2567 investigando
1226 2513 1460 2567 perquirere
1484 2518 1626 2553 utrum

95 2579 174 2620 Dei
196 2579 414 2619 clementia
434 2579 572 2633 aliqua
592 2580 628 2620 ei
642 2579 871 2634 spiritualia
891 2577 1126 2633 hujusmodi
1152 2579 1323 2633 dignata
1342 2579 1395 2619 sit
1415 2579 1622 2626 revelare3

95 2646 163 2699 qui
196 2660 417 2700 parumper
444 2646 581 2695 silens,
616 2645 688 2687 sed
719 2644 986 2700 postmodum
1020 2645 1316 2686 vehementiori
1350 2645 1496 2699 spiritu
1533 2660 1625 2699 pro-

94 2711 275 2765 loquens,
308 2712 379 2762 ait,
405 2716 430 2733 ‘⁶
454 2712 561 2764 Quia
592 2727 685 2752 cum
715 2711 965 2752 humilitatis
994 2711 1237 2761 reverentia,
1272 2717 1312 2751 et
1343 2725 1424 2750 non
1456 2711 1507 2751 ob
1544 2711 1625 2752 ela—

95 2777 219 2819 tionis
251 2776 517 2832 jactantiam,
555 2778 634 2819 Dei
668 2783 825 2819 secreta
868 2777 1052 2832 postulas
1084 2777 1160 2817 tibi
1197 2776 1418 2832 propalari,
1457 2791 1531 2831 ego
1571 2777 1625 2818 ad

96 2843 250 2886 Christi
279 2844 453 2898 gloriam
474 2844 746 2885 enarrandam
777 2859 859 2885 non
891 2843 1145 2898 dedignabor
1175 2843 1251 2884 tibi
1287 2858 1375 2897 quae
1398 2858 1495 2885 vera
1529 2848 1625 2885 sunt

522 2921 531 2939 ¹
560 2921 599 2954 In
617 2921 675 2955 the
694 2921 789 2955 Harl.
809 2920 884 2955 MS.
903 2919 1041 2965 chapter
1060 2919 1192 2953 CXIV.
