1839 3186
207 176 292 217 426
725 186 955 219 LIBELLUS
991 186 1055 218 DE
1091 186 1206 218 VITA

412 386 526 412 CLXV.
558 387 610 412 DE
639 387 742 413 PEDE
773 387 1002 413 CONTRACTO
1033 387 1081 412 ET
1112 386 1205 412 ALIO
1235 386 1527 412 CLAUDICANTE.

264 488 283 540 ᾗ
308 489 406 530 536.
444 488 565 530 PUER
585 487 753 543 quidam
775 488 826 529 de
848 487 1088 530 Grauecroft
1104 487 1253 542 pedem
1274 488 1451 528 alterum
1471 488 1532 529 ita
1550 493 1734 529 contrac-

204 559 296 596 tum
316 554 476 605 habuit,
500 555 610 610 quod
640 559 760 596 terrae
781 555 1017 596 nullatenus
1047 554 1164 609 pedis
1184 554 1407 608 vestigium
1436 553 1545 596 illius
1565 553 1733 609 infigere

204 621 341 676 potuit
361 639 373 670 ;
407 622 538 662 altero
558 637 655 663 vero
676 620 782 676 pede
803 621 1052 670 claudicans,
1077 620 1161 661 solo
1183 620 1267 661 talo
1289 625 1443 661 terram
1464 621 1617 676 tetigit,
1638 621 1735 675 quia

205 687 321 729 dolor
342 688 411 742 qui
437 688 571 729 inerat
592 692 705 729 recto
733 702 828 728 eum
849 687 1018 728 tramite
1050 686 1239 727 incedere
1269 701 1351 726 non
1376 687 1576 740 permisit.
1639 688 1732 739 Qui,

204 754 355 795 comite
383 759 532 805 matre,
554 754 624 796 illo
656 753 853 809 perlatus,
876 753 948 804 ibi,
970 752 1114 794 multis
1135 752 1374 795 videntibus
1403 757 1444 794 et
1468 754 1733 804 testantibus,

205 825 267 863 est
288 825 470 863 curatus.

697 897 771 964 [DE
801 918 1013 944 LANGUIDA
1044 896 1241 964 SANATA.]

263 1018 285 1073 ἓ
312 1016 407 1062 537.
446 1017 584 1059 ELLoc
616 1017 667 1058 de
698 1016 986 1059 Haithethorn
1016 1033 1166 1060 novem
1197 1018 1314 1059 annis
1344 1018 1451 1060 lecto
1483 1018 1733 1061 decumbens

202 1084 280 1127 sibi
300 1086 437 1144 valere
457 1100 540 1126 non
561 1084 697 1140 potuit
716 1101 727 1133 ;
761 1084 834 1126 sed
854 1084 923 1126 illo
946 1085 1096 1136 delata,
1120 1085 1343 1128 sanitatem
1363 1086 1560 1142 percepit.

661 1247 798 1274 CLXVI.
830 1248 881 1273 DE
912 1247 1073 1274 INCESSU
1107 1246 1264 1275 AMISSO.

261 1347 407 1402 §538
439 1346 566 1389 DUUE
602 1347 652 1388 de
690 1347 882 1389 Tantune
917 1363 990 1403 per
1025 1348 1180 1390 multos
1215 1361 1344 1389 annos
1381 1346 1535 1402 pedum
1570 1345 1731 1387 incessu

200 1413 367 1469 privata
387 1414 563 1464 exstitit,
587 1429 676 1468 quae
697 1415 766 1456 illo
788 1415 841 1456 ab
862 1414 952 1456 aliis
975 1414 1018 1455 in
1038 1414 1177 1455 modio
1200 1414 1419 1469 deportata
1439 1413 1531 1464 fuit,
1555 1412 1628 1454 sed
1649 1418 1730 1454 tes-

151 1492 153 1494 ·
198 1480 386 1522 tantibus
407 1481 476 1534 qui
498 1496 591 1522 cum
613 1480 686 1522 1ea
712 1481 979 1531 advenerant,
1003 1480 1053 1522 de
1084 1480 1246 1522 diutina
1277 1479 1532 1529 infirmitate,
1554 1478 1731 1521 videnti-

199 1547 277 1589 bus
314 1547 469 1597 multis,
507 1547 729 1599 convaluit,
761 1553 803 1589 et
835 1547 1005 1589 domum
1040 1562 1178 1603 sospes
1214 1562 1308 1588 cum
1343 1546 1613 1602 portitoribus
1648 1545 1730 1587 suis

200 1612 326 1669 pedes
346 1613 560 1656 remeavit.

642 1711 791 1737 CLXVII.
822 1711 874 1737 DE
904 1711 1077 1737 BRACHIO
1107 1711 1289 1737 PERDITO.

260 1813 282 1867 ἓ
308 1814 406 1855 539.
443 1811 574 1853 Eccoc
595 1810 646 1852 de
679 1811 812 1852 Ritun
844 1826 916 1866 per
936 1824 1065 1852 annos
1097 1814 1182 1852 tres
1213 1810 1334 1852 unius
1366 1808 1522 1852 brachii
1550 1806 1728 1849 officium

200 1893 321 1919 omne
343 1879 549 1928 amiserat,
574 1878 635 1919 ita
659 1877 768 1931 quod
789 1892 861 1932 per
881 1881 1018 1918 totum
1038 1882 1204 1932 tempus
1227 1876 1329 1918 illud
1349 1890 1552 1930 nusquam
1580 1875 1635 1916 ad
1655 1874 1728 1915 ali-

201 1945 312 1999 quod
333 1945 513 1999 corporis
534 1944 596 1986 sui
618 1943 914 1985 2ministerium
934 1943 1070 1998 ipsum
1090 1942 1255 1984 flectere
1276 1943 1338 1985 sui
1361 1957 1526 1984 movere
1548 1941 1727 1983 valebat„

202 2011 304 2064 Quae
335 2011 480 2052 eadem
512 2016 633 2052 nocte
668 2025 749 2065 qua
780 2010 850 2051 illo
886 2009 1054 2052 devenit
1083 2009 1299 2051 brachium
1330 2009 1445 2059 illud,
1475 2007 1587 2063 quod
1615 2007 1728 2062 prius

200 2083 365 2119 aruerat
387 2083 428 2119 et
450 2077 689 2132 diriguerat,
713 2076 967 2118 levissimum
993 2081 1034 2117 et
1055 2076 1110 2117 ad
1141 2076 1353 2130 quodlibet
1380 2075 1518 2116 habile
1549 2079 1590 2115 et
1611 2072 1726 2114 flexi-

200 2144 281 2185 bile
303 2143 500 2198 percepit.
563 2143 686 2196 Quod
715 2158 852 2183 coram
871 2142 1073 2183 militibus
1094 2141 1294 2197 plurimis,
1318 2142 1387 2196 qui
1407 2141 1464 2183 ibi
1486 2145 1585 2182 tunc
1606 2144 1727 2180 nocte

200 2209 291 2265 ipsa
320 2209 560 2251 festivitatis
592 2209 778 2259 aderant,
801 2209 902 2250 satis
934 2207 1266 2263 approbavimus,
1290 2213 1331 2249 et
1358 2208 1408 2248 de
1440 2206 1526 2263 ejus
1555 2206 1730 2261 pristina

200 2275 444 2331 aegritudine
475 2280 516 2316 et
547 2274 758 2316 curatione
790 2274 926 2329 plures
958 2279 1087 2316 testes
1119 2274 1290 2329 produci
1320 2274 1505 2315 fecimus.
1566 2272 1729 2313 Eadem

201 2342 326 2383 etiam
346 2346 466 2383 nocte
488 2341 705 2396 sexaginta
725 2341 937 2395 utriusque
966 2355 1089 2382 sexus
1108 2340 1296 2382 homines
1319 2340 1451 2381 curati
1480 2340 1593 2381 fuere
1611 2356 1621 2387 ;
1655 2338 1728 2379 sed

201 2408 296 2463 quia
317 2423 455 2450 secum
476 2412 596 2449 notos
617 2412 746 2449 testes
765 2422 848 2448 non
868 2407 1113 2457 habuerant,
1136 2406 1298 2462 scriptis
1318 2406 1462 2448 inserti
1482 2421 1566 2447 non
1585 2405 1711 2447 fuere.

345 2569 511 2595 CLXVIII.
544 2568 596 2593 DE
626 2568 783 2593 PUELLA
815 2568 1015 2595 SEMINECE
1045 2569 1223 2595 INFLATA
1254 2569 1303 2594 ΕΤ
1334 2567 1580 2593 DESPERATA.

258 2668 280 2723 ξ
306 2670 401 2710 540.
438 2668 634 2721 QUAEDAM
677 2665 727 2707 de
766 2666 1055 2708 Derebischire
1095 2667 1281 2718 oriunda,
1320 2668 1371 2709 de
1406 2666 1503 2708 villa
1536 2667 1727 2722 proxima

198 2734 427 2776 Braintune
448 2734 674 2782 nominata,
692 2732 877 2787 proprios
899 2748 971 2787 pro
994 2733 1160 2775 Christo
1181 2732 1282 2775 fines
1304 2733 1589 2787 derelinquens
1610 2749 1724 2788 pere-

197 2801 315 2856 grina
337 2801 538 2844 Sanctum
569 2799 786 2840 Andream
807 2799 849 2840 in
876 2799 1018 2841 Scotia
1048 2800 1164 2851 adiit,
1189 2814 1278 2854 quae
1300 2798 1427 2841 filiam
1449 2814 1566 2841 suam
1587 2814 1724 2841 secum

290 2895 300 2915 ¹
322 2894 405 2939 Εα.]
430 2893 504 2928 MS.
524 2892 623 2926 Bodl.
642 2903 694 2925 eo.
894 2891 906 2909 ²
926 2890 1188 2938 Minis-terium]
1216 2891 1424 2935 Mistcriuni,
1442 2892 1517 2927 MS.
1535 2891 1635 2927 Bodl.
