1839 3186
529 234 587 265 ET
622 233 888 265 MIRACULIS
925 234 960 265 S.
990 233 1204 265 GODRICI.
1578 224 1630 268 67

99 440 185 465 CAP.
212 439 299 464 XXI.
346 438 546 467 QUALITER
567 439 610 462 IN
627 438 761 463 EREMO
782 438 1061 463 CONVERSATUS
1082 439 1153 473 SIT,
1178 440 1226 464 ET
1248 440 1438 469 QUOMODO
1464 440 1631 464 SERPEN-

157 506 225 531 TEs
265 505 449 531 EDOMUIT
487 506 535 530 ET
573 505 817 531 CONSODALES
853 505 1025 530 PACATOS
1057 506 1275 540 HABUERIT,
1310 508 1358 532 ET
1395 507 1559 536 QUANDO
1592 506 1631 530 EI

158 573 291 599 LIBUIT
322 572 430 597 ILLOS
462 573 512 597 DE
543 572 635 598 LOCO
667 573 739 598 SUO
771 572 966 597 EJECERIT.

158 674 267 726 §55
301 673 419 714 ERAT
444 673 570 728 igitur
610 673 666 714 ibi
707 673 838 714 multo
875 678 1059 728 tempore
1092 675 1177 716 sine
1208 675 1320 716 omni
1351 675 1513 723 comite,
1548 674 1632 715 Do—

100 741 210 782 mino
239 741 386 781 devote
408 740 653 790 deserviens,
680 745 721 780 et
754 755 856 795 pene
877 741 1028 782 nullius
1052 742 1229 784 hominis
1253 742 1398 783 faciem
1428 742 1506 782 nisi
1541 756 1632 782 raro

100 808 380 863 perspiciens;
427 807 536 861 quod
570 807 603 848 si
640 807 861 861 aliquando
900 809 1087 863 contigit,
1125 809 1298 851 festinus
1329 810 1381 850 ab
1416 809 1473 850 eis
1505 809 1632 850 disce-

101 874 196 915 dere
236 875 475 924 maturavit,
517 889 592 914 nec
633 889 726 914 cum
758 873 1071 916 advenientibus
1098 877 1224 917 verba
1249 891 1458 917 conserere
1488 876 1630 925 Voluit,

101 942 173 983 sed
194 941 372 996 seipsum
390 939 618 995 dejiciendo
648 946 772 994 atque
794 941 1049 981 humiliando
1083 942 1305 984 obmutuit.
1378 943 1464 983 Ubi
1496 957 1634 983 casam

101 1008 380 1063 permodicam
421 1008 497 1048 sibi
537 1007 778 1061 composuit,
822 1023 945 1061 quam
980 1008 1022 1048 in
1057 1014 1179 1049 terrae
1221 1010 1387 1064 pulvere
1430 1009 1635 1050 defossam

103 1075 173 1116 vili
207 1075 359 1129 cespite
387 1074 626 1128 cooperuit;
661 1074 703 1114 in
740 1088 820 1127 qua
849 1074 1078 1115 diutissime
1106 1076 1355 1126 demoratus,
1383 1077 1634 1131 serpentium

104 1147 145 1182 et
175 1146 472 1183 venenatarum
509 1140 699 1195 aspidum
740 1140 874 1181 factus
916 1146 977 1182 est
1017 1157 1153 1183 eomes
1189 1148 1230 1183 et
1275 1144 1420 1184 socius.
1499 1143 1637 1183 Tanta

104 1208 307 1262 siquidem
328 1209 369 1248 in
392 1208 519 1262 ipsius
543 1207 621 1247 loci
652 1206 846 1262 pestifera
869 1208 1035 1263 regione
1058 1214 1145 1249 erat
1170 1210 1372 1250 vermium
1394 1210 1632 1259 multitudo,

105 1275 214 1329 quod
237 1275 308 1316 vix
335 1275 392 1315 ibi
410 1274 547 1328 aliqua
567 1274 780 1314 hominum
803 1279 965 1328 poterat
991 1290 1077 1316 esse
1106 1277 1373 1318 conversatio.
1436 1277 1498 1318 At
1520 1276 1637 1317 miles

106 1341 259 1383 Christi
290 1342 583 1383 invictissimus
609 1341 806 1382 adversus
836 1342 974 1382 omnia
1007 1342 1317 1384 adversantium
1344 1359 1495 1398 genera
1519 1344 1636 1384 stetit

104 1409 435 1463 imperterritus3
482 1422 557 1448 nec
590 1422 795 1449 venenosa
822 1409 1009 1462 repentia
1038 1409 1211 1464 fugiens,
1238 1425 1313 1451 nec
1338 1426 1498 1451 morsus
1529 1411 1636 1451 viru-

105 1475 237 1516 lentos
267 1475 488 1529 aliquando
524 1489 758 1529 praecavens
788 1474 853 1515 vel
887 1490 1177 1529 expavescens.
1249 1476 1311 1517 At
1342 1478 1413 1518 illa
1440 1478 1527 1518 viro
1557 1477 1637 1518 Dei

106 1547 272 1583 tantum
308 1542 572 1597 pacatissima
607 1546 648 1582 et
685 1541 903 1582 mitissima
938 1543 1205 1596 apparebant,
1239 1544 1349 1597 quod
1382 1559 1512 1598 neque
1543 1545 1638 1585 stri-

108 1609 205 1649 dore
238 1609 303 1650 vel
344 1609 474 1658 sibilo,
517 1623 648 1662 neque
688 1608 891 1649 morsibus
931 1614 1003 1649 aut
1044 1625 1212 1659 Veneno,
1257 1610 1457 1666 1alicujus
1497 1611 1637 1651 indicii

107 1676 433 1730 indignationem
463 1675 522 1715 illi
553 1675 850 1729 praeferebant3
886 1675 982 1729 quin
1021 1676 1103 1716 imo
1136 1678 1448 1718 contrectabilia
1481 1683 1521 1718 et
1553 1678 1639 1732 pal-

108 1742 261 1797 pabilia
292 1743 328 1783 ei
360 1747 489 1791 erant,
524 1741 578 1781 ad
617 1746 766 1782 nutum
808 1742 917 1782 illius
957 1743 1137 1796 quolibet
1188 1744 1431 1799 praeciperet
1472 1760 1638 1799 progre-

110 1809 267 1849 dientia
305 1814 345 1849 et
383 1808 588 1862 serpentia
626 1807 949 1862 gradiebantur;
989 1809 1031 1849 in
1064 1810 1154 1851 aliis
1185 1826 1281 1851 vero
1314 1811 1383 1851 illo
1415 1811 1636 1852 advenien-

108 1875 220 1916 tibus
245 1875 387 1916 statim
411 1874 577 1923 insilire,
609 1874 816 1915 insibilare
841 1879 882 1914 et
914 1874 1114 1926 frendere,
1149 1881 1190 1917 et
1220 1892 1358 1918 morsu
1379 1878 1505 1919 livido
1526 1893 1638 1932 gras-

109 1942 244 1983 santia
275 1956 433 1982 Venena
468 1940 551 1981 late
591 1940 834 1981 diffundere.
907 1941 1079 1993 Quoties
1114 1958 1210 1983 vero
1243 1944 1403 1998 hyemis
1438 1945 1638 1999 asperitas

108 2008 172 2049 vel
214 2008 349 2062 aliqua
402 2008 599 2061 temporis
641 2007 903 2061 intemperies
946 2015 1198 2063 perurgeret,
1239 2025 1376 2051 casam
1430 2012 1507 2052 viri
1557 2011 1638 2053 Dei

107 2075 434 2116 mansuetissime
455 2073 695 2123 introibant,
719 2078 760 2114 et
780 2074 833 2114 ad
854 2074 991 2114 focum
1013 2090 1099 2116 sese
1117 2077 1396 2128 extendentia,
1425 2078 1480 2118 ibi
1503 2078 1639 2132 quiete

109 2156 151 2182 se
192 2141 501 2182 calefaciebant.
594 2140 638 2181 Si
677 2140 744 2181 ille
784 2155 836 2181 ex
874 2156 954 2181 una
983 2147 1100 2196 parte
1141 2143 1247 2197 ignis
1285 2145 1558 2194 accumberet,
1598 2149 1639 2185 et

108 2208 271 2249 illorum
292 2223 394 2263 grex
419 2222 472 2248 ex
502 2207 583 2248 alia
604 2207 768 2261 regione
793 2222 834 2248 se
867 2207 1142 2249 calefaciendo
1165 2209 1453 2261 discumberet,
1486 2216 1527 2251 et
1557 2226 1639 2252 uno

108 2274 237 2315 latere
279 2274 492 2322 calefacto,
528 2273 641 2314 aliud
674 2273 914 2328 2regiraret.
1009 2274 1125 2316 Inter
1166 2292 1340 2330 quorum
1371 2292 1516 2332 greges
1559 2278 1640 2318 duo

111 2395 308 2438 Ranulfum,
335 2397 392 2441 qui
420 2396 563 2430 domnus
591 2404 662 2429 erat
690 2395 797 2439 fundi,
826 2395 999 2439 adeuntes,
1027 2395 1290 2440 impetraverunt
1317 2402 1355 2429 ut
1385 2396 1519 2430 daretur
1545 2397 1640 2430 locus

112 2441 169 2474 ille
187 2442 355 2476 solitarius
378 2443 437 2476 tali
464 2443 544 2476 viro.
594 2443 783 2488 Episcopus
811 2442 955 2476 libenter
982 2441 1045 2475 hoc
1071 2443 1201 2485 annuit,
1227 2448 1260 2475 et
1285 2443 1378 2476 misit
1404 2443 1567 2488 quosdam
1598 2444 1639 2476 de

113 2488 194 2531 suis,
212 2489 269 2533 qui
287 2489 335 2522 eis
353 2489 442 2534 quod
459 2489 710 2534 postulaverant
727 2488 973 2533 assignarent.'’

159 2535 169 2555 1
188 2535 368 2582 Alicujus]
397 2536 553 2579 Alicujus
572 2535 735 2569 indicium
755 2535 996 2580 indignationis
1016 2535 1028 2569 2

158 2581 172 2601 ²
190 2581 397 2627 Regiraret]
424 2582 497 2615 The
515 2594 725 2627 anonymous
744 2581 905 2615 Harleian
921 2581 1041 2626 legend
1062 2580 1140 2614 thus
1157 2582 1339 2627 proceeds:
1366 2583 1388 2602 ‘⁴
1404 2583 1471 2616 Hic
1502 2584 1550 2616 vir
1575 2583 1639 2616 Dei

113 2626 211 2672 longo
230 2634 379 2674 tempore
397 2628 488 2662 solus
505 2629 640 2671 mansit,
659 2628 806 2661 hominis
830 2628 952 2661 faciem
971 2640 1043 2661 raro
1061 2629 1283 2673 conspiciens.
1335 2629 1435 2671 Quod
1461 2630 1488 2662 si
1507 2629 1640 2674 quando

114 2675 333 2719 contingeret,
346 2675 489 2708 festinus
505 2675 699 2708 discedebat
712 2674 754 2708 ab
766 2687 816 2717 eo,
828 2686 890 2708 nec
906 2674 1005 2707 verba
1021 2674 1186 2708 miscebat
1204 2687 1280 2708 cum
1293 2675 1562 2719 advenientibus,
1582 2675 1640 2708 sed

113 2720 257 2755 tacebat.
308 2721 428 2754 Nimia
446 2721 581 2766 quidem
608 2727 641 2754 et
669 2721 829 2754 terribilis
854 2721 968 2754 aderat
986 2721 1167 2766 serpentini
1186 2722 1318 2765 generis
1336 2721 1518 2754 multitudo
1537 2735 1544 2763 3
1571 2723 1640 2755 viro

115 2772 226 2800 tamen
245 2774 360 2801 saneto
379 2779 414 2801 se
431 2768 630 2801 mitissimos
649 2773 682 2800 et
700 2767 801 2801 etiam
819 2767 1017 2812 palpabiles,
1037 2773 1070 2800 et
1084 2767 1190 2812 ipsius
1209 2768 1406 2801 obedientes
1431 2768 1643 2811 jussionibus

115 2813 330 2847 exhibebant.
381 2814 421 2847 In
454 2814 537 2847 alios
570 2821 684 2847 autem
715 2814 794 2847 illuc
828 2814 1046 2847 advenientes
1075 2814 1228 2847 solebant
1261 2814 1415 2847 ferociter
1448 2814 1576 2848 insilire
1609 2821 1642 2847 et

115 2871 229 2892 morsu
252 2860 355 2893 livido
376 2872 504 2893 venena
525 2860 723 2893 diffundere.
774 2860 814 2893 In
842 2860 965 2904 hyeme
993 2859 1098 2904 ipsius
1126 2860 1274 2893 casulam
1305 2860 1484 2904 intrabant,
1515 2868 1548 2894 et
1573 2862 1643 2894 viro

118 2905 179 2938 Dei
200 2918 243 2939 ex
260 2918 327 2939 una
343 2913 436 2951 parte
454 2907 496 2939 ad
514 2907 625 2951 ignem
644 2907 793 2947 sedente,
819 2918 900 2950 grex
920 2906 1054 2939 illorum
1082 2906 1115 2939 in
1143 2913 1235 2951 parte
1261 2906 1365 2939 altera
1395 2907 1641 2951 discumbebat,

118 2958 149 2985 et
168 2964 233 2985 uno
251 2952 353 2986 latere
372 2952 545 2994 calefacto,
565 2953 731 2997 reliquum
749 2952 974 2997 applicabat.''

1404 3014 1459 3045 ΡΞ
