1839 3186
213 186 296 225 422
731 193 964 225 LIBELLUS
1004 193 1068 223 DE
1103 191 1218 223 VITA

212 305 290 351 rat,
315 300 553 353 cunctisque
585 298 812 353 desperatis
843 298 894 338 de
916 297 1049 339 salute
1070 294 1352 351 recuperanda
1373 294 1605 336 exstiterat.
1658 294 1742 336 Hic

212 366 281 406 illo
303 366 428 415 venit,
463 370 504 406 et
540 364 751 406 adorando
786 364 934 419 saepius
971 362 1177 419 procidit;
1217 362 1289 404 sed
1324 361 1494 403 tandem
1530 362 1743 416 perspicue

213 432 358 474 videns
377 447 579 486 sanusque
600 431 791 473 surrexit.

780 592 917 618 CXLIX.
950 592 1001 617 DE
1031 591 1176 619 SURDA.

272 694 290 746 ᾧ
314 697 409 736 518.
445 694 618 735 MULIER
638 691 844 746 quaedam,
871 690 1069 732 Emeloth
1089 690 1268 740 nomine,
1289 689 1340 731 de
1360 689 1459 732 villa
1480 704 1572 744 quae
1595 688 1745 730 dicitur

212 761 420 802 Diectune
450 759 634 810 australi,
667 758 843 799 testibus
873 757 925 798 de
948 757 1044 799 villa
1067 757 1212 798 eadem
1243 756 1441 811 pluribus,
1472 771 1497 798 a
1525 755 1746 798 nativitate

214 842 288 868 sua
308 827 433 868 surda
454 826 617 868 exstitit
635 839 645 877 3
679 824 752 867 sed
772 824 855 866 illic
879 824 1070 865 auditum
1092 823 1272 878 perfecte
1293 823 1462 879 recepit.

691 988 749 1013 CL.
781 987 833 1012 DE
862 986 1069 1012 LANGUIDO
1098 985 1268 1012 OURATO.

272 1086 411 1139 §519.
445 1086 687 1129 RODBERTUS
723 1085 891 1141 quidam
925 1086 987 1128 vir
1028 1085 1079 1127 de
1116 1084 1357 1137 Elmedene,
1396 1085 1437 1126 'a
1464 1084 1570 1127 festo
1603 1084 1746 1127 Sancti

217 1152 398 1194 Andreae
436 1153 629 1208 Apostoli
662 1168 789 1208 usque
827 1152 881 1193 ad
921 1151 1051 1207 pridie
1092 1151 1365 1193 kalendarum
1404 1151 1510 1193 Julii
1547 1152 1746 1207 languens

214 1219 322 1260 lecto
354 1219 617 1271 decubuerat,
644 1221 740 1274 quia
763 1233 883 1260 omne
907 1217 1086 1260 officium
1110 1218 1232 1260 unius
1261 1218 1457 1259 tibiarum
1482 1233 1576 1259 cum
1598 1219 1746 1259 dextro

214 1286 369 1327 femore
405 1292 446 1328 et
478 1286 605 1328 latere
648 1286 898 1342 perdiderat.
979 1284 1064 1326 Hic
1104 1284 1174 1326 illo
1215 1285 1419 1327 deductus
1459 1285 1642 1337 advenit,
1675 1284 1747 1327 sed

217 1367 339 1395 sanus
360 1354 657 1408 incolumisque
681 1351 876 1395 surrexit.

760 1516 835 1542 CLI.
867 1517 919 1541 DE
949 1516 1191 1541 DAEMONIOSA
1198 1532 1206 1541 .

275 1599 413 1651 §52st
447 1599 617 1640 YSABEL
656 1599 848 1653 quaedam
882 1598 1030 1639 mulier
1063 1598 1114 1640 de
1147 1598 1358 1653 provincia
1392 1597 1546 1639 Feltun
1579 1604 1620 1639 et
1651 1596 1749 1639 villa

216 1666 380 1706 nomine
400 1665 657 1715 Licokefeld,
681 1681 753 1720 per
768 1680 897 1706 annos
915 1671 998 1706 tres
1019 1681 1043 1706 a
1062 1665 1272 1721 spiritibus
1290 1665 1481 1720 malignis
1501 1665 1561 1705 ita
1579 1664 1750 1706 seducta

217 1738 257 1772 et
280 1747 474 1786 oppressa
505 1732 682 1788 exstitit,
707 1732 816 1786 quod
847 1732 958 1773 cibos
987 1732 1191 1773 humanos
1215 1732 1276 1774 vel
1308 1732 1521 1772 hominum
1544 1730 1749 1772 consortia

217 1798 383 1839 omnino
416 1798 638 1840 devitando
669 1813 751 1838 non
773 1798 992 1839 curaverit.
1065 1798 1170 1839 Haec
1191 1798 1322 1839 invita
1341 1798 1436 1838 illuc
1455 1813 1480 1838 a
1510 1797 1749 1852 parentibus

218 1864 409 1915 deducta,
436 1881 535 1906 mox
556 1864 610 1905 ad
641 1865 831 1906 tumbam
855 1864 928 1906 viri
951 1864 1031 1905 Dei
1053 1865 1105 1906 ab
1136 1865 1248 1906 omni
1278 1869 1392 1919 peste
1415 1868 1456 1905 et
1486 1863 1749 1905 infestatione

218 1930 451 1972 daemonum
476 1937 537 1973 est
558 1931 747 1973 liberata.

772 2062 844 2120 [DE
876 2080 967 2105 ALIA
1003 2062 1198 2119 SANATA]

280 2162 298 2213 ᾧ
322 2164 418 2204 521.
457 2163 653 2215 QUAEDAM
676 2163 726 2204 de
751 2163 887 2205 Ootun
908 2179 933 2204 a
953 2163 1174 2205 nativitate
1205 2163 1485 2203 intraneorum
1515 2167 1676 2204 motum
1708 2167 1750 2203 et

225 2227 407 2269 dolorem
430 2228 637 2270 diutinum
658 2245 863 2284 perpessa,
885 2230 972 2271 viro
994 2244 1066 2271 suo
1088 2234 1206 2279 teste,
1230 2229 1286 2270 ibi
1309 2234 1370 2271 est
1393 2234 1549 2270 curata.

596 2375 687 2402 CLII.
722 2377 772 2401 DE
803 2377 897 2401 ALIA
930 2377 955 2402 A
988 2376 1140 2401 CANORO
1172 2375 1384 2400 LIBERATA.

288 2459 309 2512 ξ
333 2460 429 2499 522.
466 2458 609 2499 AUIZA
642 2459 843 2513 quaedam,
876 2459 1014 2513 puella
1047 2458 1244 2499 Walterii
1284 2457 1462 2499 ministri
1494 2456 1672 2512 episcopi
1710 2461 1752 2497 et

227 2525 368 2566 uxoris
390 2540 471 2566 suae
493 2525 645 2566 Seirith
662 2527 840 2575 nomine,
859 2540 1053 2565 cancrum
1074 2525 1340 2580 nigerrimum
1358 2524 1400 2564 in
1414 2539 1482 2564 ore
1499 2538 1571 2564 suo
1592 2522 1749 2573 habuit,

228 2590 292 2631 cui
314 2592 450 2632 nullus
474 2592 629 2645 aliquid
651 2592 785 2633 valere
807 2591 1037 2646 praevaluit.
1088 2591 1150 2631 At
1166 2591 1235 2631 illo
1257 2606 1281 2631 a
1301 2590 1539 2645 parentibus
1560 2589 1752 2639 deducta,

229 2658 387 2698 cunctis
410 2657 722 2709 admirantibus,
747 2663 868 2698 nocte
900 2657 1045 2697 eadem
1077 2662 1139 2698 est
1161 2662 1318 2705 sanata,
1342 2671 1416 2697 nec
1447 2655 1616 2696 alterius
1646 2655 1754 2695 illius

228 2723 483 2777 aegritudinis
504 2725 736 2766 molestiam
758 2723 966 2772 Sustinuit,
987 2723 1056 2764 sed
1079 2738 1209 2776 neque
1231 2723 1431 2764 hactenus
1452 2722 1588 2775 aliqua
1608 2721 1649 2762 in
1665 2721 1754 2776 ipsa

226 2790 388 2831 macula
410 2790 460 2830 de
482 2790 551 2831 illo
572 2806 720 2846 genere
741 2789 993 2832 infirmitatis
1013 2789 1218 2844 apparuit.

456 2895 465 2914 ¹
484 2890 620 2936 Afcslo
639 2890 672 2924 S.
693 2888 864 2935 Andreoe.]
909 2889 1009 2923 Fron]
1030 2891 1075 2923 30
1093 2888 1290 2922 November
1307 2894 1340 2921 to
1358 2890 1403 2922 30
1420 2887 1520 2921 June.
