1839 3186
555 215 614 246 ET
649 215 916 247 MIRACULIS
953 216 988 246 s.
1018 215 1234 247 GODRICI.
1584 206 1668 252 477

128 323 228 372 quot
249 333 377 359 annos
396 318 639 368 vexabatur,
663 333 737 359 1100
754 318 921 372 aliquod
944 317 1113 358 remedii
1137 318 1324 358 levamen
1355 317 1526 359 inveniri
1550 325 1668 374 pote-

128 389 207 433 rat,
227 385 336 425 unde
356 389 487 425 tantae
511 385 639 425 cladis
661 384 850 425 molestia
882 384 1066 438 mitigari
1088 384 1268 424 valebat.
1332 384 1495 426 Salubri
1519 386 1667 427 deinde

130 455 330 504 concepto
362 450 542 500 consilio,
577 455 768 505 parentes
805 449 914 490 illius
947 450 1061 490 illum
1093 449 1147 490 ad
1181 450 1295 490 beati
1327 449 1495 491 Godrici
1531 453 1667 507 sepul-

129 517 273 556 chrum
296 516 499 565 deferunt,
526 521 567 557 et
591 516 734 557 Sancti
759 516 838 556 Dei
859 516 1059 556 auxilium
1083 515 1278 556 obnixius
1299 518 1511 569 postulare
1534 533 1666 573 coepe-

128 587 238 632 runt,
265 582 334 636 qui
355 587 453 624 vota
474 597 615 624 eorum
637 598 679 624 se
702 597 754 623 ex
775 582 860 623 alto
886 582 1104 623 exaudisse
1127 582 1318 636 operibus
1340 583 1543 631 ostendit3
1568 600 1665 625 nam

129 653 221 703 post
242 653 465 690 nocturnas
481 649 641 703 vigilias
660 648 845 689 oratione
867 648 1085 703 completa,
1107 653 1155 688 ut
1177 652 1301 702 caput
1317 663 1436 689 suum
1458 650 1510 690 ad
1534 652 1666 705 sepul-

129 714 272 755 chrum
295 714 369 756 viri
394 714 474 756 Dei
499 714 743 769 composuit,
767 730 865 755 mox
887 729 1063 769 granum
1084 713 1188 755 illud
1210 729 1303 755 011111
1325 715 1509 770 germine
1529 731 1603 757 suo
1626 722 1667 758 et

128 779 318 822 folliculis
340 781 487 836 erupit,
499 779 746 836 juvenisque
764 780 954 821 auditum
970 780 1167 835 percepit,
1187 781 1421 835 mirumque
1437 781 1479 822 in
1495 783 1666 824 modum

128 861 226 887 mox
246 846 378 888 omnis
399 853 538 888 tumor
553 862 646 888 cum
661 847 800 888 dolore
821 848 1007 895 recessit;
1042 851 1082 888 et
1104 847 1214 888 auris
1234 862 1322 901 quae
1344 847 1457 902 prius
1478 854 1566 890 erat
1583 865 1666 904 prae

129 912 191 954 sui
214 913 365 954 duritie
387 929 533 968 aspera
557 918 598 954 et
622 913 801 963 horrida,
826 918 963 954 tactus
983 913 1155 954 mollitie
1175 913 1322 954 effecta
1342 919 1403 955 est
1426 914 1604 956 delicata
1623 921 1665 957 et

128 978 363 1020 tenerrima.
428 979 630 1021 Parentes
652 995 748 1021 vero
771 979 832 1021 sui
854 994 952 1020 mox
974 979 1193 1021 alacriores
1215 979 1363 1030 effecti,
1387 981 1455 1035 qui
1476 981 1546 1022 illo
1571 997 1664 1023 011111

127 1043 210 1086 filio
231 1060 304 1087 suo
326 1046 449 1087 surdo
471 1046 611 1087 tristes
633 1051 673 1087 et
698 1051 917 1087 moerentes
933 1046 1202 1096 advenerant,
1223 1061 1317 1086 cum
1339 1061 1438 1088 sano
1453 1045 1543 1103 jam
1563 1064 1664 1104 gau-

129 1111 274 1157 dentes
306 1117 347 1153 et
369 1112 532 1162 hilares,
557 1111 648 1153 Deo
680 1113 839 1167 gratias
870 1112 1108 1161 referentes,
1132 1113 1186 1153 ad
1208 1113 1374 1167 propria
1405 1115 1662 1156 remeabant.

131 1177 254 1230 Quod
285 1178 418 1219 sancti
450 1178 530 1219 Dei
560 1177 806 1219 beneficium
838 1179 879 1219 in
916 1193 958 1219 se
993 1178 1150 1220 factum
1179 1176 1346 1233 juvenis
1379 1179 1479 1234 ipse,
1512 1181 1662 1222 Gwido

130 1244 308 1294 nomine,
341 1245 485 1286 testari
519 1260 601 1285 non
643 1245 806 1295 desinit,
844 1245 912 1298 qui
950 1260 996 1285 eo
1038 1245 1259 1299 obligatior
1292 1244 1447 1287 Sancto
1484 1246 1664 1288 Godrico

129 1310 272 1352 existit
304 1326 383 1365 quo
420 1310 507 1367 ejus
541 1312 650 1352 dona
683 1311 953 1366 praeclarioris
988 1311 1277 1353 misericordiae
1308 1313 1538 1368 percepisse
1568 1329 1663 1369 pro-

128 1377 294 1419 meruit.

161 1559 279 1585 CCXX.
316 1560 367 1585 DE
396 1560 566 1586 JUVENIS
597 1560 836 1586 TEMERARIA
868 1559 1190 1586 PRAESUMPTIONE
1221 1559 1270 1585 ET
1301 1559 1412 1587 VlsUs
1446 1561 1628 1587 REPARA-

829 1626 963 1653 TIONE.

189 1710 210 1764 ξ
237 1711 334 1751 608.
367 1710 398 1750 J
403 1726 550 1751 UVENIs
573 1710 741 1764 quidam
763 1710 928 1751 nomine
950 1709 980 1750 J
985 1710 1179 1760 ohannes,
1204 1709 1254 1751 de
1275 1710 1374 1752 villa
1396 1726 1488 1765 quae
1509 1711 1657 1752 Were-

129 1776 273 1817 muthe
296 1777 447 1818 dicitur
468 1781 603 1827 natus,
627 1791 699 1831 per
715 1777 871 1831 aliquot
888 1791 1017 1818 annos
1039 1776 1230 1831 operibus
1250 1792 1448 1817 manuum
1471 1782 1659 1820 assuetus

130 1847 171 1883 et
199 1842 253 1883 ad
284 1843 385 1884 talia
416 1843 615 1884 exercitia
645 1843 745 1884 satis
776 1842 1018 1892 industrius,
1043 1843 1222 1896 quadam
1255 1843 1320 1884 die
1353 1843 1574 1885 Dominica
1604 1844 1658 1886 ad

129 1923 253 1963 opera
285 1924 475 1964 agrorum
503 1909 670 1964 prodiit,
695 1909 766 1950 sed
797 1924 917 1964 poena
947 1909 1106 1963 peccati
1128 1909 1290 1950 vindice
1323 1915 1364 1950 et
1387 1909 1466 1951 Dei
1489 1908 1658 1964 justitia

128 1975 287 2025 ultrice,
312 1976 411 2017 dum
440 1981 585 2017 contra
606 1975 860 2030 prohibitum
882 1975 936 2015 ad
958 1991 1083 2030 opera
1107 1991 1181 2017 sua
1213 1975 1438 2018 studiosius
1460 1976 1654 2026 intendit,

128 2041 265 2082 subito
286 2042 407 2083 unius
438 2043 649 2083 oculorum
680 2042 818 2082 lumen
850 2041 1003 2082 amisit.
1066 2040 1194 2096 Cujus
1223 2041 1393 2083 ultionis
1423 2058 1542 2097 poena
1576 2043 1656 2083 Dei

129 2107 390 2162 providentia
412 2109 448 2149 ei
470 2107 652 2149 ostendit
671 2123 722 2148 ex
740 2112 893 2161 quanto
912 2107 1022 2148 Eum
1048 2107 1221 2148 offendit
1239 2108 1306 2161 qui
1332 2107 1505 2149 Sabbati
1523 2109 1655 2150 sancti

127 2173 309 2228 requiem
331 2174 484 2216 violare
510 2174 790 2229 praesumpsit3
822 2188 920 2214 nam
943 2174 1012 2227 qui
1036 2172 1132 2214 fidei
1155 2173 1350 2214 exercitio
1373 2175 1520 2224 caruit,
1543 2175 1653 2216 subi-

128 2245 172 2280 to
200 2240 306 2281 oculi
334 2241 473 2281 lumen
494 2240 662 2288 amisit3
698 2244 739 2280 et
761 2240 830 2293 qui
860 2240 1011 2281 mentis
1042 2241 1234 2281 tenebras
1256 2255 1307 2280 ex
1333 2241 1654 2296 praesumptione

129 2305 296 2360 spiritus
326 2306 510 2361 pertulit,
544 2306 783 2360 praeambuli
816 2305 985 2346 rectoris
1018 2321 1191 2346 acumen
1226 2306 1374 2347 merito
1409 2307 1452 2348 in
1485 2322 1653 2362 corpore

127 2372 321 2426 perdidit.
386 2373 488 2414 Post
510 2372 667 2425 aliquot
693 2372 843 2412 exinde
875 2387 1078 2412 annorum
1110 2372 1314 2413 curricula
1336 2372 1479 2415 diebus
1510 2373 1653 2415 multis

128 2438 272 2492 gravia
294 2438 556 2480 desolationis
577 2452 792 2494 perpessus
814 2437 1030 2492 dispendia
1050 2438 1104 2479 ad
1127 2437 1248 2479 Beati
1278 2438 1447 2479 Godrici
1469 2439 1653 2493 confugit

128 2504 312 2553 auxilia;
348 2510 389 2545 et
420 2505 553 2546 turbis
584 2504 829 2559 populorum
860 2504 911 2544 de
942 2504 1087 2546 vicinis
1113 2505 1264 2546 villulis
1301 2505 1355 2545 ad
1390 2505 1651 2559 sepulchrum

128 2570 256 2624 ipsius
292 2570 639 2625 proficiscentium
676 2585 718 2612 se
759 2569 944 2619 inseruit,
983 2575 1024 2611 et
1059 2570 1152 2611 duci
1188 2586 1314 2611 manu
1351 2570 1450 2611 data
1479 2569 1569 2626 jam
1608 2571 1650 2611 in

128 2651 294 2677 nemore
315 2638 474 2691 positus
503 2642 543 2677 et
565 2637 607 2677 in
632 2636 745 2677 collis
769 2636 919 2677 vertice
951 2636 1053 2678 situs
1075 2637 1143 2691 qui
1176 2636 1331 2677 cellulee
1359 2636 1469 2677 illius
1500 2636 1650 2691 promi-

127 2703 231 2753 nuit,
255 2703 391 2744 subito
413 2703 513 2744 dum
533 2717 659 2743 manu
680 2703 842 2743 oculum
866 2702 1073 2743 dolentem
1095 2703 1329 2756 abstergere
1354 2702 1495 2752 voluit,
1517 2703 1650 2744 visum

128 2784 169 2810 se
191 2769 419 2823 percepisse
440 2768 655 2823 persensit.
719 2768 836 2808 Tunc
863 2768 997 2808 indice
1020 2768 1150 2822 digito
1182 2768 1302 2817 elato,
1326 2767 1378 2808 ad
1400 2768 1531 2809 socios
1560 2783 1650 2822 pro-

129 2835 311 2875 clamans
341 2834 412 2884 ait,
441 2839 466 2857 “
485 2834 551 2875 En
584 2834 880 2875 monasterium
912 2834 1025 2875 beati
1051 2833 1219 2874 Godrici
1244 2833 1394 2881 vide03
1431 2849 1480 2874 en
1512 2834 1651 2875 omnia

127 2900 418 2955 circumposita
438 2900 621 2955 praeclari
647 2899 752 2940 oculi
775 2904 944 2954 aspectu
967 2899 1198 2954 conspici03
1234 2899 1329 2953 quia
1351 2900 1419 2953 qui
1442 2899 1513 2941 diu
1533 2915 1649 2941 mon-
