1839 3186
507 239 565 269 ET
602 236 869 270 MIRACULIS
907 239 941 269 s.
975 237 1193 269 conarer
1563 230 1617 271 93

76 443 164 468 cAP.
192 442 374 469 xxxviii.
418 442 622 470 QUALITER
655 442 834 468 SPIRITUS
865 442 1038 471 NEQUAM
1072 442 1117 466 lN
1153 441 1350 467 ORATORIO
1384 439 1475 466 mus
1510 442 1613 467 VAsA

133 509 256 534 SACRA
288 509 331 533 [N
354 509 441 533 EUM
471 508 692 543 nussam,
716 509 765 533 ET
787 509 918 535 NOCTU
943 509 1141 538 SEQUENTI
1165 508 1302 534 Pffloffl
1329 508 1403 533 PRO
1435 509 1615 534 CONSILIO

135 575 208 601 suo
230 575 451 601 ILLUSERIT.
471 559 484 580 ¹

137 674 249 729 §82
287 674 357 715 AT
382 673 585 716 nefandus
614 673 745 716 hostis
781 688 1042 728 nequaquam
1079 674 1137 714 sic
1171 671 1327 727 quievit
1362 687 1388 713 a
1420 677 1615 713 consueto

79 741 241 791 scelere,
264 740 337 782 sed
358 755 498 782 rursus
522 740 604 781 alia
624 739 823 795 figmenta
845 755 1107 796 componens,
1131 739 1219 780 viro
1242 738 1323 779 Dei
1345 754 1418 794 pro
1456 738 1615 780 cunctis

78 807 234 848 viribus
256 807 337 849 suis
359 822 520 862 semper
543 808 770 848 conabatur
795 807 979 848 illudere.
1054 806 1245 859 Quadam
1266 805 1393 861 igitur
1412 805 1491 856 die,
1515 805 1614 846 dum

80 873 314 928 vespertina
353 874 456 915 hora
498 873 563 914 die
597 872 688 928 jam
732 873 774 914 in
821 878 986 915 noctem
1028 873 1278 923 declinante,
1321 872 1527 922 Qaccedit,
1573 876 1615 913 et

78 945 244 994 tempus
263 940 392 981 divini
414 939 534 981 officii
561 939 869 994 percelebrandi
902 944 1188 990 succresceret,
1221 939 1285 980 vir
1321 939 1401 979 Dei
1434 938 1485 979 de
1515 954 1615 993 agro

79 1006 189 1047 horti
212 1007 275 1047 sui
296 1006 432 1056 rediit,
467 1011 508 1047 et
539 1006 746 1060 ingressus
770 1006 1021 1056 oratorium,
1047 1006 1268 1061 Vesperas,
1300 1010 1348 1046 ut
1379 1004 1506 1055 novit,
1545 1005 1614 1046 de-

80 1077 248 1113 cantare
273 1071 485 1113 ³D0min0
519 1072 655 1126 coepit.
719 1072 792 1113 Ad
829 1087 918 1126 quae
950 1072 1139 1114 diabolus
1171 1072 1269 1114 foris
1305 1071 1482 1112 illudens
1512 1087 1613 1113 voce

81 1139 191 1179 elata
233 1138 355 1193 coepit
389 1143 570 1189 cantare,
617 1139 769 1190 dicens,
814 1142 839 1160 ‘⁶
863 1137 900 1179 O
938 1139 1090 1180 rustice
1129 1138 1350 1193 decrepite,
1394 1137 1430 1178 Ο
1463 1139 1616 1179 rustice

80 1205 334 1255 stercorarie,
357 1210 445 1246 tam
469 1205 572 1246 bene
594 1205 690 1246 novi
713 1220 787 1260 ego
809 1204 983 1260 psallere
1020 1205 1127 1247 sicut
1149 1209 1190 1246 et
1212 1209 1258 1246 tu
1278 1204 1454 1246 stridula
1474 1203 1616 1260 lingua

82 1272 321 1313 01·0citare.”

142 1338 164 1392 ἓ
187 1341 257 1380 83.
291 1338 408 1379 Inter
428 1338 510 1379 alia
532 1354 628 1380 vero
650 1338 919 1380 afflictionum
950 1354 1102 1394 genera
1131 1338 1280 1394 saepius
1312 1338 1486 1394 genibus
1522 1336 1617 1379 fixis

82 1404 231 1455 oravit,
266 1410 307 1445 et
339 1405 472 1445 multa
510 1405 729 1447 devotione
762 1406 875 1460 operi
903 1405 1041 1447 divino
1075 1405 1270 1447 inservire
1309 1420 1391 1446 non
1425 1405 1614 1452 destitit-,3

83 1471 193 1525 quod
225 1471 356 1512 hostis
384 1472 642 1513 truculentus
672 1472 830 1522 videns,
867 1472 940 1513 sed
975 1472 1177 1522 invidens,
1205 1472 1444 1513 Oratorium
1479 1471 1615 1526 ipsum

83 1537 326 1592 ingreditur,
350 1543 392 1578 et
418 1538 545 1579 nimio
581 1538 623 1578 in
657 1553 821 1580 servum
855 1538 1025 1580 Domini
1055 1539 1192 1580 furore
1218 1539 1488 1580 debachatur.
1551 1537 1614 1578 At

82 1604 150 1645 ille
171 1604 228 1644 nil
249 1619 323 1659 pro
346 1620 392 1645 eo
413 1605 669 1659 perterritus,
695 1620 769 1660 pro
805 1605 926 1646 nullis
950 1605 1122 1647 fallacia}
1144 1606 1363 1660 praestigiis
1391 1619 1481 1659 quae
1506 1619 1613 1645 com-

84 1671 221 1725 posuit
245 1686 347 1725 opus
369 1671 626 1726 propositum
661 1671 938 1712 intermittere
960 1672 1090 1713 voluit
1109 1690 1119 1719 ;
1158 1687 1233 1713 nec
1255 1671 1381 1713 etiam
1404 1671 1543 1712 oculos
1572 1671 1611 1712 in

84 1737 282 1778 larvalem
313 1735 401 1791 ejus
425 1737 573 1778 faciem
597 1739 777 1779 retorsit.
840 1738 1000 1790 Quibus
1036 1738 1287 1793 indignatus,
1318 1753 1419 1778 mox
1448 1737 1503 1778 ad
1534 1737 1615 1778 alia

84 1802 283 1857 figmenta
302 1818 344 1844 se
364 1804 564 1852 contulit:,
601 1810 642 1844 et
663 1803 679 1825 4
692 1804 838 1858 pixidi,
863 1805 905 1845 in
927 1820 1008 1858 qua
1029 1805 1285 1846 oblationum
1306 1803 1475 1845 ⁵hostiae
1498 1810 1615 1844 erant

83 1870 285 1924 repositae,
310 1875 536 1924 assumpta,
573 1870 615 1910 in
637 1870 770 1911 virum
803 1871 1057 1912 orationibus
1087 1871 1428 1926 procumbentem
1461 1875 1617 1924 quanta

82 1935 219 1991 potuit
246 1936 399 1977 virtute
422 1935 640 1991 jaculavit.
707 1937 813 1978 Cum
837 1937 904 1978 ille
927 1952 1023 1978 vero
1047 1937 1244 1978 immotus
1265 1937 1515 1992 persisteret,
1539 1951 1614 1977 nec

83 2002 140 2043 sic
162 2002 362 2057 respicere
387 2003 595 2052 voluisset,
622 2003 781 2044 facinus
802 2019 922 2045 suum
944 2004 1132 2045 diabolus
1150 2003 1350 2044 audacter
1371 2003 1550 2053 iteravit,
1574 2008 1615 2044 et

80 2064 230 2109 6cornu
263 2084 355 2109 cum
383 2069 478 2110 vino
514 2069 623 2110 elato
654 2085 794 2111 rursus
829 2086 923 2111 eum
955 2071 1143 2125 perculit,
1176 2075 1218 2111 et
1249 2069 1443 2125 quicquid
1483 2069 1616 2110 inerat

82 2174 158 2196 vero
184 2163 321 2196 flamma
346 2169 416 2196 tota
442 2163 496 2197 die
514 2163 564 2196 vel
592 2169 662 2197 tota
686 2170 784 2197 nocte
811 2163 963 2207 durabat,
989 2164 1061 2209 ipsc
1086 2164 1221 2198 interim
1247 2164 1359 2210 egredi
1384 2176 1452 2198 non
1470 2164 1616 2198 volebat.

81 2209 276 2254 Aliquando
290 2210 392 2243 etiam
411 2221 488 2242 cum
506 2222 573 2243 non
591 2216 823 2254 temptaretur,
841 2210 932 2254 illuc,
952 2216 989 2243 ut
1006 2210 1160 2245 devotius
1178 2218 1299 2253 oraret,
1318 2210 1492 2245 intravit.⁷’

130 2256 140 2276 ¹
168 2255 316 2300 Chapter
335 2256 515 2290 XXXIX.
535 2257 568 2289 in
586 2256 643 2289 the
664 2256 760 2289 Harl.
777 2257 853 2290 MS.

127 2302 141 2322 2
157 2301 323 2348 Accedit]
351 2302 549 2346 Accedeiet,
573 2303 619 2337 H.

130 2348 143 2368 ³
162 2348 295 2394 Capit]
324 2349 471 2382 Domino
489 2349 603 2394 coepit.
652 2349 746 2382 Inter
770 2349 837 2383 alia
863 2362 940 2384 vero
965 2351 1187 2385 afflictionum
1210 2364 1344 2397 genera,
1366 2352 1434 2394 H.;
1460 2352 1618 2396 omitting

82 2394 140 2427 the
157 2395 393 2428 intel-mediate
411 2401 582 2429 sentence.

126 2441 140 2461 4
159 2441 307 2487 Placidi]
335 2441 485 2474 Gervase
503 2441 537 2474 in
555 2441 607 2475 his
626 2441 831 2487 descriptiOn
850 2443 887 2476 of
899 2443 957 2477 the
977 2443 1113 2477 Church
1132 2444 1170 2477 of
1184 2444 1407 2490 Canterbury,
1426 2445 1492 2478 and
1507 2445 1618 2488 Roger

82 2486 249 2520 Hoveden
266 2487 429 2532 speaking
446 2488 484 2521 of
497 2487 554 2521 the
573 2487 709 2521 Church
728 2489 765 2521 of
778 2489 963 2535 Salisbury,
977 2490 1066 2523 cited
1080 2490 1126 2535 by
1144 2490 1316 2532 Pelliccia‚
1335 2491 1384 2525 iii.
1403 2493 1459 2534 49,
1474 2502 1565 2524 seem
1584 2497 1618 2523 to

81 2533 175 2612 Sllmw
192 2533 265 2567 that
282 2533 339 2567 the
357 2540 488 2567 custom
513 2534 684 2579 prevailed
709 2535 743 2567 in
770 2535 927 2580 England
953 2537 991 2569 of
1011 2536 1219 2581 suspending
1243 2537 1301 2570 the
1329 2537 1432 2582 pyxis
1459 2548 1537 2570 over
1562 2536 1620 2569 the

82 2591 101 2612 a
117 2586 176 2613 tar.

129 2626 142 2645 ⁵
163 2625 316 2673 Hostia]
345 2626 394 2659 As
412 2626 469 2659 the
487 2627 589 2671 pyxis
607 2639 675 2660 was
693 2627 777 2661 used
795 2628 845 2661 for
862 2628 920 2662 the
938 2629 1156 2663 consecrated
1173 2629 1277 2663 bread
1307 2629 1399 2675 only,
1426 2629 1521 2662 these
1550 2629 1618 2662 had

82 2671 219 2717 already
231 2672 316 2705 been
335 2673 563 2706 consecrated.

129 2719 142 2738 ⁶
163 2718 307 2764 Cornu]
334 2718 407 2751 The
422 2719 565 2752 Council
584 2720 621 2753 of
636 2719 794 2753 Calcuith
813 2721 902 2763 (A.D.
922 2721 1000 2764 787,
1018 2733 1092 2755 can.
1114 2723 1172 2766 10)
1191 2722 1318 2756 forbids
1344 2722 1401 2754 the
1427 2721 1557 2755 chalice
1582 2734 1619 2755 or

83 2771 185 2809 paten
202 2770 236 2797 to
254 2765 296 2798 be
313 2764 413 2798 made
430 2765 468 2798 of
480 2765 564 2798 horn
582 2778 590 2807 ;
614 2766 676 2799 but
694 2766 761 2799 this
779 2766 889 2799 which
909 2767 937 2800 is
960 2766 1040 2800 here
1057 2769 1253 2802 mentioned
1270 2780 1338 2801 was
1364 2767 1536 2801 doubtless
1559 2767 1618 2801 the

82 2810 190 2843 vessel
216 2810 251 2842 in
276 2810 386 2844 which
410 2823 478 2844 was
502 2812 678 2856 preserved
705 2812 762 2845 the
780 2812 866 2845 wine
884 2819 941 2858 yet
958 2815 1235 2849 unconsecrated.
1286 2814 1466 2847 Athelstan
1484 2826 1567 2858 gave
1585 2820 1620 2847 to

82 2856 140 2889 the
160 2856 295 2889 Church
313 2857 351 2889 of
365 2857 516 2890 Durham
535 2858 555 2875 ‘⁶
570 2858 632 2891 tria
651 2870 775 2891 cornua
793 2871 873 2892 auro
899 2864 931 2892 et
949 2866 1086 2904 argento
1109 2860 1308 2894 fabricata.”
1336 2860 1449 2905 Dugd.
1468 2860 1618 2894 Monast.

84 2902 106 2936 i.
125 2905 181 2935 40.
231 2902 304 2936 The
328 2904 416 2936 wine
440 2903 521 2936 here
546 2904 742 2937 mentioned
766 2905 833 2938 had
859 2911 917 2938 not
942 2905 1027 2940 been
1054 2906 1283 2950 consecrated,
1308 2906 1370 2940 but
1386 2918 1455 2940 was
1479 2906 1561 2952 kept
1586 2907 1621 2940 in

86 2948 259 2982 readiness
277 2949 311 2982 in
329 2949 387 2982 the
407 2949 543 2983 Church
561 2950 612 2983 for
629 2950 687 2984 the
704 2957 788 2984 next
808 2951 915 2986 Mass.
