1839 3186
196 174 279 215 168
717 185 949 219 LIBELLUS
985 187 1050 219 DE
1085 186 1200 220 VITA

194 289 315 330 bibus
339 304 410 331 seu
431 289 636 331 asseribus
661 290 979 343 semi-ustulata,
1000 297 1146 347 utpote
1167 293 1219 333 ab
1241 291 1726 347 ignibussemi-corrosa.

197 355 436 410 Mirumque
458 356 558 398 satis
574 361 615 397 et
639 356 958 413 obstupendum,
982 359 1187 412 quomodo
1208 359 1314 414 ignis
1334 360 1376 400 in
1397 375 1481 401 una
1500 365 1618 415 parte
1639 366 1728 401 tam

195 422 332 464 tenuis
364 428 406 464 et
434 422 606 464 ltenerae
636 424 824 465 maceriae
855 426 1070 475 exarserit,
1103 430 1143 466 et
1173 427 1422 480 pertransire
1451 426 1517 468 vel
1554 426 1729 467 exedere

197 488 381 539 domum,
409 504 483 544 pro
515 505 596 544 qua
617 490 678 532 vir
713 490 792 532 Dei
824 491 1120 546 postulaverat,
1142 507 1224 533 non
1246 492 1569 547 praesumpserit.
1640 492 1728 534 Nec

196 570 314 597 secus
334 556 437 597 illud
458 556 660 611 contingit
682 572 806 610 quam
828 557 861 599 si
883 557 1069 607 dixisset,
1095 562 1119 580 “
1139 558 1366 613 Hucusque
1382 559 1663 614 pertransibis,
1687 564 1729 601 et

196 622 412 664 saevientes
433 623 600 665 ardores
626 623 823 674 effundes,
847 628 888 664 et
905 624 1122 665 mediatim
1142 625 1236 666 haec
1255 625 1370 680 ligna
1390 631 1432 666 et
1454 626 1635 681 virgulas
1660 626 1729 666 de-

195 688 379 730 vorando
398 689 441 730 in
459 695 501 730 te
522 690 611 744 ipso
644 689 788 731 relisus
808 689 915 731 vires
952 691 1138 745 proprias
1171 692 1421 733 conterendo
1458 692 1729 748 confringes.''

198 754 355 796 Merito
378 756 506 810 igitur
541 755 780 810 2Scriptura
810 761 1066 811 protestatur
1089 757 1199 811 quod
1221 758 1517 799 elementorum
1541 759 1730 813 potentia

196 836 408 863 servorum
450 822 530 862 Dei
564 822 735 877 imperio
766 822 972 872 subditur,
1015 828 1057 864 et
1099 839 1240 865 eorum
1270 825 1554 867 voluntatibus
1595 825 1730 867 deser-

196 887 347 929 viendo
363 889 623 943 obtemperat
640 895 764 943 atque
786 894 1042 944 cooperatur.
1090 889 1132 930 N
1134 905 1179 931 ec
1197 891 1432 932 mirandum
1455 891 1565 945 quod
1586 897 1731 933 contra

196 954 312 1008 ignes
347 955 584 997 materiales
622 956 755 996 oratio
786 955 864 998 viri
896 955 976 997 Dei
1008 957 1242 1011 praevaluit,
1280 973 1369 1012 quae
1403 958 1555 1013 saepius
1597 959 1730 1013 ignita

197 1020 350 1062 diaboli
373 1019 516 1076 jacula
542 1022 810 1063 adnihilando
841 1023 1084 1070 restrinxit;
1120 1029 1161 1064 et
1189 1024 1258 1077 qui
1282 1024 1471 1065 ardorem
1493 1026 1628 1067 carnis
1657 1040 1730 1066 na-

195 1087 373 1128 turalem
394 1088 436 1128 in
453 1103 495 1129 se
516 1093 707 1143 potenter
724 1088 923 1146 edomuit,
943 1089 1041 1143 quid
1057 1090 1309 1145 stupendum
1331 1091 1363 1132 si
1385 1091 1491 1146 ignis
1512 1107 1730 1147 corporeus

195 1153 304 1196 illius
347 1154 537 1210 precibus
577 1155 766 1197 resistere
809 1170 891 1196 non
942 1157 1109 1210 potuit?
1191 1155 1307 1198 Dicit
1348 1158 1457 1198 enim
1499 1157 1729 1214 Scriptura,

197 1219 368 1263 “³Gum
389 1221 601 1263 transieris
637 1236 710 1277 per
744 1222 895 1276 ignem,
920 1220 1089 1264 flamma
1123 1238 1205 1263 non
1236 1223 1399 1265 nocebit
1430 1229 1485 1274 te,
1517 1240 1593 1266 nec
1629 1225 1732 1267 odor

196 1287 302 1341 ignis
330 1287 408 1328 erit
429 1287 472 1328 in
493 1288 575 1329 te.'’⁷
647 1288 741 1329 Hoc
768 1288 895 1343 igitur
916 1289 1026 1342 quod
1060 1289 1188 1331 Sacra
1220 1289 1436 1345 Scriptura
1456 1291 1664 1346 praefatur,
1686 1292 1730 1333 id

196 1353 276 1395 Dei
298 1354 517 1397 clementia
532 1355 683 1397 nostris
698 1355 954 1411 temporibus
975 1355 1192 1411 magnifice
1216 1352 1232 1374 4
1245 1362 1444 1412 operante
1462 1355 1729 1400 ⁵declaratur.

196 1649 282 1674 CAP.
302 1650 443 1675 LXXIV.
506 1649 697 1679 QUOMODO
728 1650 878 1675 ARBATI
908 1650 1087 1676 ROBERTO
1117 1650 1169 1674 DE
1203 1649 1321 1676 OBITU
1354 1648 1426 1674 SUO
1457 1648 1727 1682 PRAEDIXERrT,

370 1717 446 1742 NEC
476 1717 529 1741 AB
560 1716 608 1743 EO
639 1717 786 1742 POSTEA
822 1717 971 1742 VIVENs
1003 1717 1046 1741 IN
1078 1716 1252 1742 CORPORE
1284 1716 1397 1741 VISUS
1429 1694 1528 1740 SIT.6

256 1818 277 1872 ἓ
301 1819 397 1860 159.
430 1818 675 1859 REVELAVIT
696 1823 839 1873 postea
871 1817 1077 1858 Dominus
1107 1817 1246 1859 oeulos
1271 1817 1344 1859 viri
1367 1817 1448 1858 Dei
1478 1823 1525 1858 ut
1558 1817 1608 1859 de
1639 1818 1728 1873 lege

197 1889 447 1925 secretorum
471 1885 550 1926 Dei
578 1885 784 1926 mirabilia
815 1884 1105 1933 consideraret,
1129 1889 1170 1925 et
1191 1884 1442 1925 mirabilium
1463 1884 1591 1939 ipsius
1612 1884 1731 1926 testis

197 1951 401 1993 veridicus
428 1952 714 1993 indubitanter
735 1952 945 1993 assisteret
964 1968 974 1998 ;
1013 1965 1109 1990 nam
1138 1950 1171 1991 si
1207 1950 1342 1991 incola
1364 1956 1406 1992 et
1426 1951 1666 2006 peregrinus
1686 1951 1729 1991 in

198 2022 310 2058 terra
350 2018 526 2069 exstitit,
557 2034 638 2060 non
675 2018 711 2059 ei
747 2023 889 2059 tamen
930 2017 1110 2058 coelestia
1141 2022 1301 2058 secreta
1332 2017 1559 2059 abscondit.
1623 2016 1729 2059 Erat

246 2129 255 2149 ¹
280 2128 440 2176 Tenem]
467 2129 595 2174 Tenue,
622 2130 666 2163 H.

244 2175 257 2194 ²
274 2175 476 2222 Scriptura]
504 2177 582 2221 Sap.
601 2176 659 2211 vii.
678 2177 732 2211 17.

245 2222 258 2241 ³
279 2221 361 2256 Cum
381 2222 578 2269 transieris]
607 2223 654 2256 Is.
672 2222 759 2256 xliii.
777 2225 809 2255 2.

244 2269 256 2288 ‘¹
279 2267 446 2313 Operante
461 2268 679 2315 declaratura]
708 2269 749 2302 In
771 2269 813 2302 B.
832 2268 927 2302 these
945 2273 1011 2301 two
1030 2266 1138 2300 words
1159 2278 1214 2300 are
1232 2267 1366 2301 written
1392 2278 1482 2313 upon
1500 2278 1543 2300 an
1569 2278 1703 2300 erasure
1720 2279 1729 2309 ;

198 2313 255 2347 the
272 2314 396 2348 former
413 2316 441 2349 is
458 2316 607 2360 wanting
624 2316 658 2349 in
680 2316 726 2351 H.

241 2361 254 2380 ⁵
274 2361 509 2408 Declaratur]
538 2362 611 2396 The
624 2362 855 2406 abridgement
873 2361 907 2394 in
921 2360 979 2394 the
998 2359 1094 2393 Harl.
1114 2359 1190 2393 MS.
1204 2359 1282 2393 thus
1300 2366 1457 2393 recounts
1472 2360 1540 2394 this
1554 2360 1705 2394 incident
1720 2373 1726 2394 :

197 2408 385 2452 “Contigit
402 2420 460 2453 per
483 2408 647 2442 incuriam
672 2408 903 2442 ministrorum
930 2413 967 2440 ut
993 2406 1112 2439 domus
1131 2407 1241 2439 vicina
1266 2406 1404 2451 capellae
1430 2407 1543 2440 Sancti
1562 2406 1730 2440 Johannis

196 2454 353 2488 incendio
376 2455 606 2499 conflagraret.
657 2455 732 2488 Hoc
759 2454 860 2487 etiam
878 2453 1065 2499 periculum
1091 2452 1246 2496 adduxit,
1265 2452 1354 2497 quod
1372 2459 1452 2486 tunc
1478 2453 1512 2486 in
1537 2452 1727 2486 Ecclesiam

198 2502 288 2534 venti
307 2501 406 2534 flatus
431 2501 596 2535 incubuit.
646 2501 710 2533 Vir
735 2506 871 2533 sanctus
896 2500 960 2533 hoc
986 2499 1174 2542 advestens,
1194 2511 1270 2532 cum
1289 2505 1377 2532 esset
1397 2499 1430 2532 in
1449 2499 1617 2541 Oratorio,
1635 2505 1668 2532 et
1685 2499 1728 2532 ad

198 2548 388 2580 orationum
414 2548 573 2592 suffi'agia
597 2559 633 2580 se
659 2547 834 2581 convertit.
900 2546 963 2579 Illa
987 2546 1088 2589 igitur
1115 2545 1214 2578 domo
1240 2545 1317 2590 igne
1344 2552 1554 2590 consumpta,
1581 2545 1729 2579 restabat

198 2594 306 2638 paries
320 2594 453 2627 medius
470 2594 558 2627 inter
576 2593 754 2627 ecelesiam
773 2599 806 2626 et
820 2592 957 2625 domum
976 2592 1069 2625 illam
1094 2592 1223 2636 ignium
1250 2590 1530 2638 incumbebatffl}
1583 2591 1727 2635 Ventus,

200 2641 272 2686 ipso
287 2647 413 2683 orante,
433 2640 612 2684 detumuit,
631 2646 663 2672 et
676 2645 919 2683 consequenter
936 2638 1073 2671 flamma
1091 2637 1254 2671 subsedit.
1294 2637 1357 2670 Ille
1376 2650 1452 2670 vero
1470 2638 1579 2683 paries
1596 2637 1729 2671 medius

198 2688 383 2732 permansit
409 2687 546 2729 illaesus,
570 2686 634 2719 nisi
661 2685 749 2730 quod
776 2685 922 2718 exterior
947 2683 1142 2728 superficies
1175 2695 1325 2717 asserum
1352 2683 1527 2717 videbatur
1551 2684 1728 2729 paululum

199 2734 357 2777 ustulata,
376 2734 454 2778 quia
472 2740 560 2767 esset
577 2733 717 2777 fulIgine
744 2732 927 2776 denigrata.
978 2730 1078 2772 Quod
1096 2729 1207 2763 adhuc
1233 2730 1447 2763 cernentibus
1473 2731 1627 2764 mirabile
1645 2731 1728 2764 satis

198 2788 346 2826 apparet,
365 2781 443 2825 qnia
460 2787 529 2813 tam
547 2780 672 2813 siccam
690 2785 893 2822 tenuemque
919 2777 1094 2810 materiem
1121 2777 1207 2821 ignis
1226 2788 1269 2810 ex
1287 2788 1354 2809 una
1378 2782 1472 2822 parte
1497 2777 1650 2822 contigit,
1668 2776 1727 2810 sed

199 2828 348 2860 oratione
366 2827 531 2871 repulsus,
550 2826 690 2859 transire
709 2836 774 2857 non
793 2824 938 2869 potuit.''

247 2872 259 2891 ⁶
284 2874 322 2907 In
341 2873 398 2911 the
418 2872 512 2907 Harl.
531 2873 607 2907 MS.
621 2872 760 2917 chapter
778 2870 954 2904 LXXIII.
