1839 3186
501 235 560 265 ET
597 233 866 265 MIRACULIS
904 232 939 263 S.
974 230 1190 262 GODRICI.
1557 226 1611 266 95

72 346 325 397 protestatus
353 341 424 391 ait,
464 345 489 362 “
515 340 690 381 Hiccine
718 344 765 379 tu
800 353 851 379 ne
885 353 928 379 es
959 337 1028 392 qui
1061 337 1237 378 delirum
1271 337 1469 379 rusticum
1497 337 1613 378 illum

75 408 302 449 Godricum
326 422 424 462 erga
446 422 513 448 me
535 406 619 449 tuis
638 404 901 447 exsecrandis
923 403 1092 444 monitis
1116 404 1325 453 animasti,
1348 409 1390 445 et
1412 404 1615 445 maledica

74 475 215 529 lingua
232 489 298 515 me
319 474 539 529 praestigiis
577 472 640 514 uti
673 470 948 527 phantasticis
972 469 1200 511 edocuisti?
1262 469 1364 510 Tale
1395 471 1522 525 igitur
1554 470 1617 511 tui

75 540 258 594 obsequii
280 540 333 581 sit
355 555 428 595 pro
456 555 503 580 eo
528 538 833 588 commercium,
867 542 909 578 et
930 536 1099 578 virtutis
1133 551 1258 590 quam
1290 536 1490 578 edocuisti
1521 537 1618 578 talis

74 606 212 647 meriti
255 606 528 661 prostibulare
575 603 926 646 condimentum.''
1010 602 1117 643 Haec
1159 602 1312 654 dicens,
1359 603 1555 644 recedens
1593 618 1619 644 a

78 678 195 728 tergo
211 673 320 714 tanti
339 673 519 728 paedoris
534 672 721 713 foetorem
736 670 933 721 evomuit,
952 669 1062 724 quod
1080 668 1153 710 viX
1168 668 1285 709 illum
1302 669 1503 711 sustinere
1518 685 1620 724 prae-

77 739 221 781 valuit.
292 739 401 780 Tum
423 740 490 780 ille
516 739 659 781 statim
681 737 891 793 evigilans,
925 751 998 791 per
1032 735 1155 777 horas
1176 735 1335 789 aliquot
1369 736 1614 790 obstupuit3

79 810 120 846 et
139 804 377 847 collaudans
401 805 630 847 Dominum
650 805 738 846 viro
770 804 829 844 illi
851 808 892 844 et
913 801 1102 858 patribus
1134 802 1281 844 ceteris
1303 817 1392 856 quae
1414 803 1617 853 audierat,

77 872 234 914 retulit.
307 872 475 914 Exinde
515 888 612 914 vero
654 871 844 912 diabolus
885 869 943 912 sic
983 868 1216 910 manifestis
1256 868 1517 910 tunsionibus
1553 869 1618 910 vel

79 938 211 993 plagis
249 954 343 979 eum
379 954 641 994 nequaquam
676 951 893 993 aggressus
921 940 997 985 est,
1035 935 1108 977 sed
1141 940 1283 977 tamen
1321 940 1466 991 postea
1509 950 1619 977 com-

80 1005 231 1047 mentis
250 1004 437 1062 pluribus
460 1006 496 1047 ei
517 1004 689 1047 illudere
713 1004 724 1025 ¹
741 1007 914 1045 conatus
936 1007 1010 1044 est.

83 1296 172 1322 CAP.
194 1295 347 1324 XXXIX.
407 1297 609 1326 QUALITER
633 1295 900 1322 SILVESTRIUM
921 1295 1166 1321 ANIMALIUM
1190 1294 1348 1320 RABIEM
1373 1295 1622 1329 EDOMUERIT⁷

285 1364 334 1389 AC
365 1364 417 1389 DE
446 1364 578 1390 HORTO
609 1363 682 1390 SUO
720 1363 772 1388 EA
808 1362 977 1388 IMPERIO
1008 1362 1099 1388 SOLO
1131 1346 1423 1387 ΡῙΞίΟΡΠΒΕΒΙΤ.2

145 1462 259 1516 ξ85.
295 1461 359 1502 Er
379 1463 475 1517 quia
506 1463 639 1518 pietas
661 1478 821 1517 semper
852 1462 894 1503 in
924 1462 995 1503 illo
1026 1461 1172 1517 viguit,
1205 1476 1330 1516 opera
1365 1463 1534 1517 pietatis
1564 1462 1624 1504 in-

89 1527 323 1570 desinenter
343 1529 543 1571 exercuit.
606 1529 734 1571 Unde
755 1529 820 1584 pie
842 1543 1037 1584 operosus
1068 1534 1110 1569 et
1142 1543 1354 1582 nunquam
1386 1530 1626 1571 dominante

87 1594 212 1635 taedio
228 1595 396 1646 otiosus,
415 1602 651 1651 temporum
673 1596 784 1638 vices
805 1596 882 1638 sibi
913 1595 1124 1637 alleviavit
1146 1595 1246 1636 dum
1273 1598 1395 1639 rebus
1416 1597 1624 1638 alternan-

88 1660 199 1703 tibus
220 1662 406 1704 studium
430 1663 683 1706 diversitatis
704 1662 922 1718 impendit.
994 1662 1104 1703 Nam
1125 1661 1158 1704 si
1178 1661 1251 1703 uni
1283 1664 1449 1719 negotio
1472 1664 1628 1705 diutius

137 1783 144 1801 ¹
168 1782 315 1817 conatus
337 1782 416 1830 επ]
445 1783 529 1816 This
547 1784 661 1816 attack
679 1783 708 1816 is
725 1783 880 1816 narrated
900 1783 944 1827 by
961 1783 1019 1816 the
1037 1794 1248 1828 anonymous
1266 1783 1387 1816 author
1404 1783 1442 1816 of
1462 1783 1521 1816 the
1540 1782 1628 1815 Har-

89 1828 175 1862 leian
195 1829 317 1874 legend
334 1830 368 1863 in
387 1831 482 1863 these
500 1829 631 1864 words:
658 1831 679 1848 ‘⁶
695 1829 815 1863 Hostis
834 1836 999 1872 versutus,
1018 1841 1096 1862 cum
1115 1831 1164 1863 sie
1190 1842 1256 1863 non
1279 1830 1468 1875 proficeret,
1494 1829 1537 1862 ad
1559 1829 1626 1862 alia

87 1886 123 1907 sc
140 1876 303 1920 figmenta.
320 1877 496 1910 convertit.
546 1876 612 1909 Die
637 1876 782 1921 qnadam
807 1876 889 1908 hora
912 1876 1101 1920 vespertina
1126 1888 1204 1909 cum
1222 1877 1272 1909 vir
1297 1885 1434 1909 sanctus
1457 1887 1550 1908 more
1568 1887 1629 1909 suo

89 1921 258 1968 Vesperas
272 1923 306 1956 in
321 1923 475 1957 Oratorio
491 1923 695 1966 decantaret,
708 1922 873 1955 Diabolus
891 1922 972 1955 foris
987 1922 1132 1956 illudens
1147 1923 1189 1965 ei,
1208 1930 1343 1956 cantare
1358 1923 1463 1967 coepit
1477 1928 1510 1956 et
1523 1922 1626 1957 dixit:

92 1969 101 1985 ‘
116 1968 146 2001 O
165 1970 299 2011 rustice,
319 1976 389 2003 tam
406 1969 493 2003 bene
517 1970 594 2002 novi
614 1981 675 2014 ego
698 1969 853 2014 psallere,
872 1968 1031 2012 Godrice,
1050 1969 1138 2002 sicut
1156 1969 1217 2002 tu.'
1266 1970 1354 2003 Vicc
1372 1969 1515 2014 quadam
1537 1968 1628 2015 [qui-

91 2014 181 2059 dam,
200 2015 295 2062 Ms]
311 2028 388 2049 cum
412 2022 530 2060 oraret,
558 2016 704 2049 curvatis
729 2015 872 2060 genibus
897 2016 1134 2060 procumbens,
1154 2016 1324 2060 ingressus
1343 2016 1539 2049 Orator-ium
1565 2016 1629 2049 ini-

93 2062 214 2105 micus,
233 2064 417 2096 conabatur
434 2074 512 2096 eum
531 2074 550 2096 a
568 2062 738 2107 proposito
757 2062 932 2107 impedire.
984 2062 1062 2107 Ipse
1081 2074 1158 2095 vero
1183 2074 1250 2095 non
1276 2063 1412 2096 territus
1431 2062 1527 2096 illum
1545 2062 1630 2096 adeo

92 2108 330 2142 contemnebat
356 2109 446 2154 quod
471 2121 586 2142 versus
612 2120 690 2141 eum
713 2120 775 2142 nec
801 2108 916 2141 oculos
943 2108 1156 2143 deflectebat.
1206 2109 1407 2153 Indignatus
1424 2109 1527 2154 igitur
1543 2109 1633 2155 pixi-

93 2154 170 2187 dem
188 2167 263 2200 quae
280 2155 409 2189 hostias
427 2155 622 2189 continebat
639 2155 782 2200 projecit
799 2155 833 2188 in
860 2166 950 2199 eum,
976 2161 1009 2189 et
1035 2167 1113 2189 cum
1139 2155 1250 2189 adhuc
1276 2156 1437 2189 immotus
1464 2168 1541 2189 eum
1565 2168 1631 2189 non

95 2202 286 2246 respiceret,
313 2214 418 2235 cornu
443 2214 520 2235 cum
539 2202 617 2235 vino
637 2202 791 2246 jactavit,
819 2208 852 2235 et
876 2214 978 2247 super
1003 2214 1080 2235 eum
1099 2202 1261 2247 quicquid
1287 2202 1482 2236 continebat
1500 2202 1632 2236 effudit.

96 2247 260 2282 Similiter
286 2254 319 2282 et
344 2249 516 2282 urceolum
542 2260 619 2282 curn
646 2260 743 2293 aqua,
768 2254 801 2281 et
831 2249 944 2282 onmia
973 2260 1049 2293 quae
1077 2260 1177 2294 super
1206 2249 1334 2282 trabem
1365 2249 1458 2282 illam
1487 2249 1633 2293 stabant,

97 2294 270 2338 sigillatim
294 2296 381 2338 jecit
407 2295 441 2328 in
470 2307 558 2329 eum.
611 2295 766 2339 Cumque
796 2295 845 2328 vir
872 2294 937 2328 Dei
967 2307 1026 2340 pro
1054 2295 1212 2328 omnibus
1239 2295 1292 2328 his
1316 2295 1359 2329 ab
1388 2296 1539 2329 oratione
1565 2308 1634 2329 non

98 2347 259 2385 surgeret,
284 2341 415 2386 lignum
433 2343 468 2375 in
486 2353 552 2386 quo
572 2341 665 2374 Crux
691 2341 799 2374 infixa
816 2347 886 2374 erat
904 2353 982 2375 cum
1001 2342 1158 2375 omnibus
1176 2354 1251 2387 quee
1269 2342 1476 2385 continebat,
1494 2342 1631 2386 adjecit.

98 2387 146 2419 At
163 2387 220 2420 ille
238 2399 300 2420 nec
318 2388 366 2421 sic
383 2389 494 2433 potuit
512 2388 729 2422 commoveri.
790 2388 877 2421 Cum
896 2394 967 2421 tota
984 2394 1083 2421 nocte
1101 2388 1159 2421 illa
1177 2389 1328 2422 saevisset
1346 2389 1380 2422 in
1399 2400 1476 2421 eum
1494 2400 1557 2422 nec
1574 2389 1635 2422 ali-

98 2433 179 2477 quid
196 2434 405 2478 profecisset,
422 2434 560 2467 tandem
578 2434 738 2468 confusus
756 2434 953 2478 abscedens,
972 2441 1105 2467 tantum
1131 2435 1285 2468 foetorem
1309 2435 1356 2468 ibi
1382 2435 1518 2479 reliquit
1545 2436 1635 2480 quod

97 2479 154 2513 vix
172 2486 286 2524 posset
299 2481 341 2514 ab
358 2481 496 2514 homine
514 2481 684 2514 sustineri.
716 2480 852 2525 Integra
868 2487 983 2514 tamen
1000 2481 1137 2514 fuerunt
1154 2482 1268 2514 omnia
1285 2493 1360 2526 quae
1377 2482 1574 2526 projecerat,
1590 2482 1637 2515 ita

101 2526 190 2570 quod
216 2527 318 2560 etiam
344 2527 455 2572 imago
480 2533 596 2560 tenera
623 2527 787 2560 Crucifixi
813 2528 949 2573 penitus
975 2527 1039 2560 fuit
1065 2527 1183 2561 illaesa.
1232 2528 1295 2561 Vir
1313 2527 1390 2569 Dei,
1409 2528 1498 2572 quod
1528 2527 1635 2562 laicus

98 2578 179 2616 erat,
198 2572 256 2605 illa
273 2574 466 2618 contingere
483 2585 550 2606 non
568 2575 797 2618 praesnmpsit,
816 2573 875 2607 sed
893 2580 1011 2607 vocato
1027 2574 1136 2619 priore
1154 2574 1299 2619 Rogero,
1318 2574 1367 2608 illi
1386 2580 1507 2607 cuncta
1525 2586 1638 2608 narra-

100 2618 158 2662 vit,
177 2625 210 2652 et
227 2631 286 2664 per
303 2631 381 2653 eum
399 2620 513 2653 omnia
531 2621 601 2653 suis
619 2620 775 2653 restituta
793 2627 872 2653 sunt
888 2620 983 2654 locis.
1034 2620 1149 2653 Nocte
1167 2621 1333 2665 sequenti,
1361 2632 1438 2653 cum
1464 2620 1554 2665 prior
1579 2621 1637 2655 ille

102 2664 273 2709 dormiret,
292 2666 399 2699 astitit
418 2666 447 2699 ei
475 2666 629 2699 diabolus
656 2666 795 2700 dicens:
823 2666 899 2699 ‘Tu
918 2667 1082 2700 rusticum
1106 2667 1305 2700 delirantem
1330 2666 1517 2700 Godricum
1546 2668 1635 2711 quod

101 2722 162 2755 ego
180 2718 255 2745 utar
271 2712 424 2745 fantasiis
450 2719 552 2757 atque
576 2713 757 2758 praestigiis
776 2713 933 2754 docuisti,
953 2720 986 2746 et
1009 2714 1077 2746 tuis
1100 2720 1215 2746 contra
1232 2725 1287 2746 me
1304 2713 1443 2746 monitis
1467 2713 1637 2758 animasti,

99 2758 214 2802 accipe
231 2770 290 2803 pro
307 2765 365 2792 tuo
383 2758 496 2792 labore
513 2759 730 2792 mercedem.⁷
781 2759 857 2792 Hoc
876 2759 992 2792 dicens
1010 2768 1043 2792 et
1062 2759 1251 2803 discedens,
1271 2760 1375 2792 nimio
1401 2758 1498 2791 illum
1516 2759 1636 2794 foetore

103 2804 296 2848 complevit,
315 2816 414 2849 quem
440 2805 595 2838 tollerare
614 2805 671 2838 vix
688 2805 810 2850 potuit.
861 2805 957 2838 Prior
974 2806 1148 2850 evigilans,
1168 2806 1237 2838 viro
1255 2806 1319 2838 Dei
1339 2811 1372 2838 et
1390 2805 1522 2838 caeteris
1548 2808 1637 2850 quod

103 2850 282 2893 acciderat,
301 2851 477 2884 enarravit.
526 2851 608 2884 Post
624 2851 689 2884 hoc
707 2852 861 2885 diabolus
887 2851 929 2885 ab
952 2851 1148 2895 hujusmodi
1174 2852 1364 2885 manifestis
1389 2851 1637 2896 pulsationibus

103 2897 246 2928 cessavit
264 2903 297 2929 ct
314 2897 432 2941 plagis,
450 2897 603 2941 quamvis
622 2898 655 2930 ei·
670 2898 853 2931 multifaric
871 2909 1003 2943 semper
1021 2898 1216 2931 illuderet.’⁷

150 2943 162 2960 ²
180 2942 328 2987 Chapter
346 2943 422 2976 XL.
441 2943 475 2976 in
493 2943 550 2976 the
570 2943 664 2977 Harl.
684 2944 761 2977 MS.
