1839 3186
202 151 286 190 280
727 158 959 191 LIBELLUS
994 160 1057 191 DE
1093 160 1207 192 VITA

203 268 265 304 est
286 262 413 318 igitur
436 263 490 304 ad
520 263 630 305 illius
663 263 895 305 custodiam
931 263 1098 318 quidam
1127 263 1255 305 frater
1290 264 1340 305 de
1373 265 1634 318 monasterio,
1660 265 1730 321 qui

202 328 289 384 ejus
327 329 587 385 singulariter
620 330 898 385 deputabatur
933 345 1040 371 curae
1085 335 1126 371 et
1167 330 1452 374 sollicitudinis
1487 332 1727 375 ministerio.

204 395 354 436 Totam
378 397 544 438 interim
569 396 673 438 cutis
698 402 738 438 et
761 397 939 451 corporis
968 395 1225 452 superficiem
1245 398 1396 440 lividus
1425 404 1564 441 tumor
1585 405 1729 441 exten-

204 461 334 513 derat,
360 467 401 504 et
420 478 542 518 super
562 463 640 504 hoc
664 468 804 504 tamen
825 464 1081 505 interraneus
1111 464 1227 505 dolor
1247 464 1451 506 viseerum
1473 471 1515 507 et
1537 466 1727 508 edacissi-

203 543 296 569 mus
316 528 490 584 languor
510 544 728 571 nervorum
750 534 874 583 atque
897 544 1108 579 venarum,
1142 531 1257 584 quasi
1289 530 1513 573 ¹vermium
1534 533 1731 574 interiora

204 594 530 649 depascentium,
574 611 645 650 per
684 596 962 636 membrorum
1006 594 1187 637 officinas
1234 596 1414 652 singulas
1460 598 1730 640 discurrebat.

203 660 331 701 Unde
365 661 581 715 aliquoties
612 661 920 703 considentibus
952 661 1027 702 sibi
1061 676 1160 703 voce
1195 662 1310 704 tenui
1346 679 1426 717 qua
1461 669 1637 719 poterat,
1673 665 1731 706 sic

204 726 381 777 dicebat,
419 732 444 750 ‘⁶
463 727 640 769 Vermes
674 728 775 769 istos
804 728 1004 778 viventes,
1043 743 1182 782 queso,
1211 743 1284 771 vos
1315 730 1551 779 extrahite3
1595 731 1673 781 vel,
1697 732 1731 773 si

203 793 324 834 aliter
344 808 425 834 non
446 795 634 848 potestis,
650 794 887 835 vulneribus
903 794 945 834 in
964 808 1084 835 earne
1106 795 1188 836 ista
1207 795 1356 846 incisis,
1382 796 1439 837 sic
1456 797 1602 838 saltem
1618 812 1731 839 meos

204 859 469 901 devoratores
490 860 721 915 corripite.’'
793 860 925 901 Nocte
946 860 1069 911 faeta,
1103 865 1217 903 totus
1248 862 1425 917 explosis
1452 864 1625 905 artubus
1657 878 1728 905 ex-

204 926 352 966 animis
372 927 612 980 putabatur,
643 931 683 967 et
714 927 829 981 quasi
862 927 904 968 in
940 927 1088 982 agonia
1120 927 1267 978 faetus,
1302 928 1389 970 sola
1419 944 1529 971 mors
1549 929 1684 971 vicina
1705 945 1730 971 a

202 991 401 1033 ministris
438 992 705 1047 vigilantibus
738 994 1030 1048 spectabatur3
1075 999 1115 1034 et
1155 1009 1260 1043 ecce,
1298 999 1419 1036 nocte
1454 996 1592 1037 media
1629 1011 1729 1038 voce

203 1058 313 1099 elata
334 1059 544 1109 altissime,
569 1060 728 1101 cunetis
754 1049 1012 1111 mirantibus,
1028 1058 1249 1115 jubilabat,
1284 1065 1326 1101 et
1357 1067 1579 1104 concentus
1610 1077 1730 1116 quos-

204 1124 301 1165 dam
339 1125 453 1166 velut
493 1127 671 1168 musicos
709 1126 937 1167 diutissime
974 1126 1222 1181 proferebat.
1306 1127 1408 1169 Post
1443 1128 1531 1170 haec
1564 1143 1731 1184 corpore

203 1190 324 1232 simul
356 1197 397 1232 et
427 1200 565 1234 mente
595 1192 730 1233 factus
760 1192 939 1242 hilarior,
968 1193 1078 1234 visus
1103 1198 1165 1234 est
1192 1193 1308 1247 quasi
1342 1194 1453 1235 omni
1486 1195 1728 1250 aegritudine

202 1257 407 1312 propulsa,
429 1258 624 1299 restituta
645 1259 822 1300 sanitate
843 1260 1040 1314 vegetior.

262 1324 284 1378 ἓ
302 1325 398 1365 266.
422 1324 484 1365 At
501 1340 621 1366 mane
638 1325 761 1376 facto,
779 1324 906 1366 frater
919 1326 999 1375 ille,
1015 1325 1084 1380 qui
1097 1325 1299 1367 attentius
1314 1326 1404 1368 istis
1417 1324 1597 1369 sschordis
1610 1343 1729 1370 aures

201 1389 404 1441 adhibuit,
427 1396 468 1431 et
491 1392 606 1445 quasi
630 1406 797 1433 causam
818 1397 964 1433 cantus
984 1392 1111 1447 ipsius
1132 1397 1285 1443 nosset,
1306 1392 1447 1434 volens
1469 1392 1554 1448 ejus
1576 1394 1729 1449 simpli-

201 1455 373 1497 citatem
392 1457 588 1499 latentius
610 1457 847 1512 praevenire,
871 1458 991 1509 dixit,
1017 1462 1043 1482 ‘⁶
1062 1458 1238 1509 Domne,
1273 1474 1395 1513 quam
1428 1459 1564 1501 dulcia
1595 1465 1636 1501 et
1667 1461 1728 1501 lu-

201 1522 295 1563 cida
314 1523 481 1564 fuerunt
501 1539 589 1577 quae
610 1529 730 1565 nocte
754 1524 904 1574 vidisti,
937 1539 1140 1578 quamque
1172 1525 1405 1566 dulcimode
1440 1540 1534 1566 cum
1564 1527 1730 1568 musicis

200 1588 380 1630 modulis
401 1589 630 1631 decantasti
652 1590 694 1631 Π
755 1590 813 1630 Et
835 1590 916 1641 ille,
943 1595 967 1612 ⁴⁶
986 1590 1110 1641 Vere,
1135 1589 1205 1640 fili,
1231 1591 1367 1632 dulcia
1388 1596 1429 1632 et
1450 1592 1588 1633 lucida
1611 1593 1725 1642 vidi;

200 1655 310 1695 unde
335 1660 375 1695 et
395 1655 586 1710 spiritum
623 1671 648 1697 a
671 1656 885 1698 cantilenis
919 1657 1075 1697 laetitiae
1111 1657 1300 1699 cohibere
1332 1672 1414 1698 non
1448 1658 1605 1712 potui?
1666 1659 1729 1700 At

201 1720 340 1771 frater,
367 1726 391 1743 ‘⁴
407 1722 633 1776 Numquid,
661 1723 822 1773 domne,
853 1723 953 1763 talia
973 1723 1127 1773 vidisti,
1160 1724 1296 1777 qualia
1324 1730 1364 1765 et
1386 1739 1506 1778 quam
1539 1725 1729 1766 miranda

203 1802 278 1841 ego
304 1787 557 1842 conspexi3’'
619 1789 691 1829 Ad
727 1804 816 1843 quae
848 1789 1072 1844 respondit,
1113 1794 1137 1811 ‘⁶
1157 1789 1294 1831 Tanta
1325 1790 1426 1831 lucis
1459 1791 1625 1833 claritas
1655 1807 1728 1846 per

201 1853 442 1895 orientalem
462 1854 563 1895 mihi
585 1854 705 1909 hujus
729 1856 897 1909 parietis
916 1861 1037 1896 noete
1068 1855 1149 1897 ista
1179 1856 1401 1897 fenestram
1433 1856 1583 1909 illuxit,
1620 1857 1730 1912 quod

204 1920 330 1960 etiam
352 1935 449 1961 acus
472 1936 590 1970 unus,
614 1921 647 1962 si
668 1922 777 1962 inter
797 1922 997 1962 stramina
1020 1920 1142 1977 hujus
1165 1937 1281 1972 areae,
1305 1922 1370 1964 vel
1392 1923 1517 1964 etiam
1538 1924 1580 1965 in
1611 1924 1729 1965 abdi-

202 1985 360 2027 tissimo
384 1987 551 2041 pulvere
572 1986 693 2042 hujus
714 1992 836 2028 terrae
860 1988 901 2027 in
924 1987 1187 2029 3abscondito
1210 1989 1450 2039 delituisset,
1474 1988 1728 2045 4perspiceue

203 2051 289 2092 sine
311 2053 421 2092 omni
442 2053 725 2107 integumento
746 2053 889 2103 videri,
916 2068 964 2093 ea
983 2053 1085 2094 hora
1114 2069 1194 2107 qua
1221 2055 1361 2104 cecini,
1394 2056 1608 2109 potuisset.
1671 2056 1730 2098 Et

205 2132 299 2158 cum
320 2118 410 2158 luce
434 2119 535 2159 odor
555 2124 697 2160 tantus
719 2119 945 2160 dulcedinis
971 2120 1051 2160 mei
1081 2120 1263 2174 perfudit
1295 2136 1444 2162 areana
1465 2123 1653 2176 pectoris,
1682 2128 1730 2164 ut

195 2182 286 2238 jam
310 2184 509 2239 recepisse
533 2185 634 2225 mihi
659 2184 800 2226 videar
821 2200 984 2225 omnem
1006 2186 1186 2239 pristinae
1208 2186 1382 2227 formam
1406 2188 1536 2228 solitae
1558 2189 1730 2243 sospita-

204 2249 296 2290 tis.’'
360 2250 476 2290 Tunc
497 2250 637 2300 frater,
672 2255 698 2275 ⁶⁶
718 2251 776 2291 Et
804 2251 902 2291 dum
936 2252 1131 2301 cecinisti,
1167 2267 1257 2306 quae
1283 2253 1408 2293 verba
1435 2253 1665 2296 decantasti
1682 2253 1729 2296 ἓ”

207 2315 365 2367 Quibus
401 2317 483 2364 ille,
522 2321 546 2338 ‘⁶
570 2317 860 2372 Kyrieleyson,
899 2316 1219 2373 Ohristeleyson.
1282 2319 1391 2360 Haec
1422 2319 1531 2361 enim
1552 2321 1678 2362 verba
1705 2337 1731 2362 a

206 2382 362 2436 superis
385 2382 552 2424 Civibus
574 2383 782 2424 decantari
805 2384 997 2438 comperi,
1021 2389 1062 2424 et
1084 2384 1176 2424 ideo
1201 2384 1345 2425 eadem
1374 2386 1460 2440 ipse
1482 2386 1727 2441 deprompsi.

207 2447 265 2488 Et
287 2453 345 2498 tu,
370 2464 457 2502 quae
478 2447 660 2503 jocunda
681 2449 879 2490 vidisti?
943 2450 1023 2501 Qui
1054 2466 1095 2491 se
1127 2451 1255 2491 solam
1287 2449 1517 2493 ⁵lueernam
1549 2453 1730 2495 lucidam

207 2514 357 2555 vidisse
390 2514 613 2569 respondit,
647 2516 742 2568 quia
766 2515 892 2556 frater
922 2516 989 2556 ille
1021 2517 1121 2556 nihil
1143 2516 1256 2557 aliud
1281 2518 1555 2571 spiritualium
1579 2519 1729 2561 vidisse

249 2609 259 2628 ¹
286 2609 318 2642 V
315 2609 479 2655 ermc'um]
508 2609 580 2643 The
598 2620 689 2642 same
701 2614 888 2654 symptoms
902 2609 1059 2642 returned
1076 2610 1268 2644 afterwards
1282 2611 1363 2643 with
1381 2611 1554 2645 increased
1568 2612 1729 2656 violence,

206 2666 262 2688 see
282 2652 299 2699 ξ
320 2657 396 2688 291.
1099 2656 1111 2674 ²
1132 2656 1297 2703 Chordis]
1327 2657 1457 2701 cordis,
1476 2658 1551 2691 MS.

255 2701 267 2720 ³
281 2700 510 2748 Abscondito]
539 2702 677 2745 Abdito,
700 2702 745 2735 H.
1098 2702 1110 2721 ⁴
1130 2703 1351 2748 Perspice-ue]
1381 2703 1586 2749 Perspieere,
1605 2704 1680 2738 MS.

250 2748 262 2767 ⁵
283 2747 495 2793 Lucernam]
524 2749 554 2782 A
582 2748 673 2792 lamp
697 2760 764 2780 was
787 2748 867 2792 kept
893 2747 1084 2792 eonstantly
1110 2748 1254 2793 burning
1280 2750 1313 2782 in
1342 2749 1397 2782 the
1427 2750 1639 2795 Dormitory;
1672 2762 1728 2784 see

205 2793 368 2826 Concord.
386 2794 481 2837 Rog„
500 2807 554 2840 pp.
567 2795 644 2838 757,
664 2796 753 2836 7593
780 2794 846 2827 and
866 2794 936 2828 als-0
959 2794 1178 2828 Sanderson’s
1197 2795 1323 2829 edition
1342 2796 1379 2829 of
1394 2796 1450 2829 the
1470 2797 1677 2841 Antiquities
1694 2797 1732 2830 of

203 2839 365 2884 Durham,
383 2852 415 2885 p.
436 2841 488 2875 78.
