1839 3186
497 665 728 709 INCIPIT
766 663 1235 707 ARGUMENTUM.

165 799 184 853 ᾗ
206 802 245 843 3.
282 800 443 842 AULAM
466 799 661 842 Ecclesiae
697 799 766 855 qui
800 798 1016 840 incolimus
1038 796 1049 818 ¹
1067 797 1206 839 auleas
1233 797 1274 838 in
1306 811 1354 838 ea
1383 795 1536 838 ansulis
1563 810 1633 837 an-

106 881 234 909 nexas
261 867 570 923 suspendamus,
593 867 887 921 fasciculosque
921 865 1137 920 alligemus
1168 863 1210 905 in
1234 863 1388 905 ansulis
1417 878 1517 917 quos
1543 878 1633 917 per-

106 934 355 990 stringamus
376 934 492 976 vittis
525 949 620 975 cum
649 933 811 975 annulis
846 948 945 973 auro
978 931 1151 986 liquenti
1182 930 1390 972 confectis.
1462 929 1634 970 Ausulae

106 1001 234 1042 auleae
269 1001 516 1051 inseruntur,
542 1000 642 1042 dum
673 1000 850 1043 virtutes
874 999 1024 1040 animae
1061 998 1186 1040 sacris
1220 997 1413 1053 operibus
1448 1011 1634 1051 compro-

105 1067 270 1119 bantur,
295 1083 384 1122 quae
406 1082 609 1123 suspensae
630 1071 776 1123 patent
803 1066 846 1107 in
872 1065 1041 1121 pariete,
1066 1064 1229 1119 quando
1251 1078 1376 1119 opera
1396 1068 1634 1105 sanctorum

105 1133 148 1176 in
169 1134 273 1176 facie
293 1134 474 1190 patendo
494 1134 674 1176 renitent
696 1132 911 1175 Ecclesiae.
983 1131 1068 1173 Sed
1087 1130 1272 1173 fasciculi
1301 1130 1343 1171 in
1373 1129 1526 1171 ansulis
1548 1129 1635 1170 alli-

105 1206 270 1257 gantur,
303 1201 403 1243 dum
423 1201 715 1243 miraculorum
741 1214 1052 1241 numerosorum
1080 1198 1203 1240 series
1226 1202 1268 1238 et
1289 1201 1408 1238 tenor
1431 1196 1635 1238 virtutum

106 1268 231 1311 radiis
261 1269 575 1324 perlustrantur,
605 1282 706 1322 quos
729 1266 845 1309 vittis
872 1265 1186 1321 perstringimus
1217 1279 1311 1305 cum
1346 1263 1500 1305 ansulis
1535 1278 1635 1304 auro

108 1335 280 1390 liquenti
308 1334 504 1377 confectis
540 1334 640 1375 dum
667 1333 845 1389 scriptis,
874 1332 1039 1382 litteris,
1068 1337 1110 1373 et
1147 1330 1362 1374 sententiis
1396 1335 1635 1372 sanctorum

107 1402 305 1444 miracula
336 1400 596 1458 permirifica,
634 1405 780 1443 sancta
814 1405 856 1441 et
893 1399 1052 1454 sapida,
1091 1398 1227 1440 Sacrae
1262 1397 1487 1452 Scripturae
1520 1396 1635 1438 testi-

106 1469 254 1511 moniis
275 1468 502 1518 innitendo,
525 1467 809 1523 prosequimur
825 1471 866 1508 et
884 1467 1137 1507 roboramus.
1175 1464 1356 1506 Proinde
1372 1463 1387 1485 2
1402 1463 1635 1519 catalogum

108 1535 445 1592 compendiosum
478 1534 731 1590 praemittere
763 1532 958 1589 opusculo
998 1532 1187 1587 sequenti
1220 1531 1543 1587 procuravimus,
1586 1536 1634 1571 ut

106 1603 259 1645 multos
280 1601 554 1657 capitulorum
575 1600 807 1656 manipulos
830 1600 905 1642 sub
927 1615 1009 1641 uno
1034 1599 1227 1641 fasciculo
1251 1597 1434 1640 strictius
1458 1602 1636 1639 arctare-

106 1684 211 1711 111115.
283 1668 333 1710 Ι11
365 1683 445 1723 quo
465 1669 594 1709 lector
616 1683 664 1709 ea
684 1682 776 1722 quae
798 1667 837 1708 in
865 1666 929 1708 his
950 1666 1215 1708 continentur
1235 1664 1418 1707 ³facilius
1437 1664 1634 1714 inveniat,

107 1736 208 1777 dum
227 1751 326 1777 mox
357 1735 399 1776 in
420 1734 646 1775 continenti
677 1733 880 1776 invenerit
903 1733 1097 1787 quicquid
1125 1732 1167 1774 in
1188 1731 1425 1774 continente
1446 1746 1519 1787 pro
1542 1746 1636 1772 con-

108 1807 225 1844 tento
246 1801 515 1857 quaerendum
536 1800 629 1842 fuit.

1438 1886 1634 1910 CAPITULUM

110 1932 152 1974 A
180 1932 327 1987 quibus
351 1930 592 1988 parentibus
619 1931 818 1986 originem
854 1929 1035 1979 duxerit,
1073 1934 1114 1971 et
1149 1934 1305 1984 quanta
1340 1927 1435 1969 fidei
1591 1982 1594 1984 -

165 1999 400 2041 sinceritate
420 1998 509 2041 vita
531 1998 712 2053 ipsorum
734 2012 872 2039 coram
895 1996 1075 2038 Domino
1095 1996 1289 2038 instituta
1309 1995 1432 2037 fuerit
1597 1991 1633 2048 j.

109 2066 196 2108 Ubi
223 2070 415 2122 parentes
444 2064 571 2120 ipsius
595 2064 825 2107 conversati
861 2068 972 2113 sunt,
997 2063 1081 2106 sive
1110 2067 1309 2118 quantam
1344 2077 1434 2118 pro-

165 2133 245 2174 lem
265 2131 541 2188 generationis
562 2131 771 2173 effecerint
995 2163 1005 2173 .
1212 2162 1220 2170 .
1424 2161 1434 2170 .
1590 2125 1633 2182 ij.

105 2199 121 2221 ⁴
138 2197 353 2255 [Qualiter
373 2199 416 2240 in
437 2198 714 2240 adolescentia
736 2197 899 2248 vixerit,
924 2197 989 2239 vel
1009 2195 1125 2252 cujus
1146 2196 1247 2238 artis
1267 2195 1433 2251 negotia

162 2265 431 2322 exercuerit]

107 2332 324 2386 Quomodo
344 2332 386 2373 in
406 2330 575 2373 ⁵arenas
595 2332 722 2373 maris
743 2331 943 2373 siccantes
964 2330 1073 2372 solus
1093 2344 1330 2385 progressus
1351 2334 1434 2371 tres

166 2398 379 2454 delphines
405 2398 642 2453 reppererit,
668 2403 709 2439 et
731 2397 873 2440 frustis
905 2397 956 2438 de
984 2412 1066 2438 uno
1093 2396 1295 2445 descissis,
1327 2395 1433 2437 redi-

166 2470 283 2507 turus
318 2465 439 2506 undis
482 2464 639 2506 obsitus
679 2464 828 2510 fuerit;
878 2463 951 2505 sed
983 2469 1125 2505 tamen
1165 2463 1282 2516 aquis
1317 2463 1432 2504 illum

166 2531 456 2605 operientibus,
479 2531 629 2572 illaesus
648 2530 822 2572 evaserit
994 2563 1001 2571 .
1425 2561 1435 2569 .
1576 2525 1632 2582 iij.

111 2598 258 2651 Qualia
281 2598 415 2653 operis
441 2596 580 2639 studia
604 2596 938 2651 frequentaverit,
969 2601 1010 2637 et
1038 2562 1243 2649 quomodo
1268 2595 1433 2636 divitias

166 2664 290 2706 seculi
312 2662 569 2719 perquisierit
786 2696 794 2704 .
999 2695 1008 2704 .
1215 2695 1222 2704 ,
1429 2693 1436 2702 .
1578 2660 1631 2701 iv.

157 2763 164 2782 ¹
192 2762 325 2796 Auleas.
330 2761 343 2808 ]
372 2762 455 2795 This
472 2761 588 2795 w'01d
581 2774 609 2795 ls
626 2773 719 2795 111010
737 2761 901 2806 conectly
919 2761 956 2794 of
970 2761 1027 2794 the
1045 2766 1196 2793 neutero
1179 2760 1315 2804 gendei.

154 2810 167 2830 ²
195 2808 421 2854 Catalogum]
449 2808 524 2842 MS.
544 2808 770 2853 cathalogum.
944 2808 957 2826 ³
984 2807 1018 2840 Γ
1017 2805 1160 2852 αειίιῑιε]
1188 2806 1263 2840 MS.
1282 2805 1444 2839 fascilius.

155 2857 166 2875 ⁴¹
194 2855 276 2888 This
295 2855 443 2900 chaptei,
463 2855 610 2888 inserted
627 2855 714 2888 from
731 2855 788 2888 the
808 2854 970 2888 Halleian
988 2854 1065 2887 MS.
1085 2854 1112 2887 is
1130 2859 1188 2886 not
1206 2852 1310 2886 found
1334 2852 1368 2885 in
1391 2852 1448 2886 the
1468 2852 1633 2887 Bodleian

107 2913 204 2947 copy.

156 2950 168 2967 ⁵
192 2946 350 2992 sirenas]
379 2946 454 2980 MS.
471 2947 623 2979 harenas.

1428 3003 1448 3025 Β
1474 2994 1494 3025 2
