1839 3186
229 164 313 207 282
744 173 978 207 LIBELLUS
1015 175 1079 207 DE
1115 175 1233 207 VITA

233 295 401 335 corpore
422 280 487 322 vel
525 285 646 322 extra
681 295 829 336 corpus
863 280 1060 331 nesciens,
1093 295 1175 321 non
1210 280 1252 321 in
1286 279 1505 336 aenigmate
1535 295 1608 336 per
1632 281 1761 337 opini-

231 362 364 397 onem,
397 347 470 389 sed
502 347 606 389 facie
641 347 695 389 ad
730 347 876 388 faciem
897 347 1040 389 videns
1076 352 1338 389 sacrosancta
1371 347 1582 403 signacula
1616 347 1761 389 Domi-

230 413 332 455 nicae
365 414 588 456 Passionis.
649 413 895 469 Aspiciebat
924 414 967 454 in
995 413 1086 455 visu
1113 413 1259 464 noctis,
1294 418 1336 455 et
1366 415 1480 456 venit
1510 414 1553 455 in
1584 414 1761 456 nubibus

232 480 320 521 coeli
344 479 476 522 Filius
501 480 708 534 Hominis,
730 480 950 535 praeferens
971 494 1065 521 cum
1085 480 1271 534 patibulo
1294 480 1436 522 Crucis
1464 480 1603 521 omnia
1622 496 1760 522 recen-

230 547 292 588 tia
321 547 538 588 vulnerum
575 547 773 602 stigmata
807 561 890 588 suae
924 546 1144 588 salutiferae
1176 546 1485 601 redemptionis.
1555 545 1614 588 Et
1638 549 1758 588 ecce!

232 613 401 667 quidam
432 613 494 655 vir
529 618 762 663 veteranus,
800 617 962 654 statura
992 612 1179 653 modicus
1215 617 1256 653 et
1290 613 1388 654 setis
1419 613 1654 654 albentibus
1685 628 1760 668 pro

230 679 408 721 caesariei
430 679 586 721 amictu
606 680 725 734 plene
746 678 948 734 perfusus,
980 678 1031 719 de
1057 678 1317 720 inferioribus
1338 679 1638 734 terrigenarum
1667 694 1758 734 par-

229 745 341 787 tibus
360 746 561 796 ascendit,
583 760 632 787 ac
646 744 830 800 jocundo
854 759 1068 799 gressuum
1091 744 1263 800 remigio
1292 744 1546 787 Crucifixum
1566 745 1759 786 adoratu-

227 827 298 854 rus
325 812 600 867 appropiavit.
663 811 744 864 Qui
764 816 812 852 ut
833 811 887 852 ad
916 811 1172 853 demissiores
1199 811 1352 866 pedum
1373 816 1512 866 partes
1533 816 1575 852 et
1592 810 1759 854 1Crucis

227 878 466 929 advenerat,
492 893 614 933 super
633 878 766 933 ipsam
789 878 963 920 Crucem
984 878 1026 919 in
1051 878 1224 920 sublime
1254 883 1500 933 porrectam,
1531 878 1757 919 moderatis

225 959 439 999 gressuum
461 944 676 986 conatibus
697 960 770 999 per
789 944 879 999 ipsa
901 944 1068 999 fastigia
1088 944 1416 993 conscendebat;
1441 960 1489 985 ac
1511 944 1562 986 de
1583 944 1757 999 vestigio

227 1011 381 1065 pedum
422 1011 548 1053 clavis
589 1010 843 1052 confixorum
884 1026 1012 1065 usque
1048 1010 1103 1051 ad
1143 1026 1335 1066 suprema
1369 1026 1551 1066 genuum
1588 1011 1754 1065 prodiit,

231 1077 379 1118 deinde
400 1082 494 1132 post
518 1077 727 1118 modicum
755 1093 883 1131 usque
913 1077 967 1118 ad
998 1077 1270 1119 succinctoria
1296 1077 1500 1119 viscerum
1531 1077 1757 1118 maturavit

230 1149 272 1185 et
293 1143 448 1199 attigit.
491 1144 612 1185 Tunc
635 1144 716 1196 Qui
737 1143 779 1184 in
803 1143 934 1186 Cruce
956 1142 1141 1185 confixus
1163 1144 1393 1194 exstiterat,
1416 1144 1524 1185 acies
1545 1143 1756 1185 oculorum

229 1216 386 1252 erectas
408 1209 601 1251 dulcifluo
629 1210 789 1252 visendi
818 1225 967 1264 genere
990 1225 1087 1265 erga
1108 1210 1342 1252 venientem
1375 1210 1592 1265 dirigebat,
1631 1225 1756 1264 osque

227 1291 347 1319 suum
368 1276 574 1318 mellifluis
594 1277 950 1318 benedictionibus
970 1277 1138 1332 plenum
1162 1277 1324 1332 aperuit
1348 1291 1395 1317 ac
1419 1276 1620 1318 labiorum
1636 1281 1754 1317 motu

226 1343 409 1385 nectario
441 1344 567 1385 verba
598 1358 741 1385 serena
772 1343 969 1398 profudit,
1003 1348 1044 1384 et
1078 1343 1152 1394 ait,
1186 1346 1210 1364 ‘⁶
1232 1343 1353 1384 Salve
1384 1342 1575 1391 Godrice,
1613 1346 1753 1384 noster

227 1410 370 1451 amice.
433 1410 555 1463 Quod
575 1410 698 1451 modo
720 1410 892 1459 conaris,
915 1414 1037 1464 prout
1058 1409 1243 1464 postulas
1264 1409 1572 1464 consequeres.''
1628 1408 1753 1450 Blan-

229 1476 361 1531 doque
382 1477 501 1518 vultu
526 1491 574 1517 ac
602 1491 743 1518 sereno
757 1474 1034 1532 jocunditatis
1063 1475 1228 1525 affectu,
1255 1490 1380 1530 supra
1403 1490 1526 1530 quam
1558 1475 1755 1531 explicari

225 1543 393 1598 poterit,
416 1548 589 1597 uterque
612 1557 705 1584 cum
729 1543 858 1583 altero
875 1542 930 1583 ad
950 1542 1126 1584 invicem
1145 1542 1374 1583 diutissime
1392 1541 1584 1583 dulcioris
1605 1541 1754 1595 eloquii

227 1610 354 1651 verba
375 1614 609 1651 conserunt.
683 1608 960 1650 Postmodum
982 1623 1078 1650 vero
1099 1608 1162 1650 vir
1183 1608 1250 1649 ille
1273 1623 1396 1664 supra
1416 1608 1574 1663 lignum
1597 1607 1751 1657 Crucis,

227 1676 336 1729 quod
357 1691 382 1717 a
402 1681 520 1731 parte
541 1675 699 1717 brachii
721 1675 882 1716 dexteri
903 1674 1141 1729 prominuit,
1169 1674 1290 1716 hilari
1314 1674 1460 1716 annisu
1480 1674 1639 1716 volatili
1660 1689 1753 1715 con-

227 1742 402 1784 scendit.
464 1742 537 1782 Ad
567 1757 689 1796 quem
724 1742 876 1782 iterum
897 1740 1018 1783 Cruci
1040 1739 1225 1783 confixus
1247 1742 1387 1783 vultus
1407 1740 1594 1782 inclinati
1629 1745 1754 1781 antea

227 1809 374 1863 capitis
395 1808 672 1850 convertendo
701 1806 877 1858 reflexit,
911 1812 952 1849 et
982 1812 1175 1863 protenso
1207 1808 1300 1849 colli
1330 1806 1550 1849 flexamine
1567 1805 1752 1863 jocundo

225 1889 459 1916 sermonum
480 1875 759 1915 modulamine
782 1874 994 1929 prolixius,
1013 1879 1061 1915 ut
1078 1873 1235 1916 amicus
1254 1889 1347 1915 cum
1366 1874 1511 1924 amico,
1534 1873 1751 1914 consuluit.

226 1940 290 1982 At
325 1941 403 1983 iste
436 1941 504 1995 qui
540 1941 583 1982 in
624 1941 759 1982 extasi
791 1940 942 1982 mentis
968 1940 1049 1982 ista
1073 1940 1248 1991 viderat,
1282 1940 1448 1981 interim
1476 1954 1636 1994 semper
1665 1939 1750 1980 Do-

224 2007 325 2048 mini
357 2008 388 2048 J
392 2024 463 2050 esu
493 2007 754 2048 clementiam
786 2007 1026 2048 medullitus
1058 2006 1336 2061 implorabat3
1370 2006 1424 2048 ad
1448 2021 1570 2060 quem
1602 2006 1750 2059 aliquis

226 2089 278 2114 ex
300 2074 657 2115 circumstantium
688 2073 851 2127 agmine
882 2072 1068 2122 accessit,
1097 2077 1139 2113 et
1163 2073 1236 2124 ait,
1270 2076 1294 2094 “
1311 2072 1355 2113 Si
1378 2087 1426 2113 ea
1446 2072 1590 2113 feceris
1611 2087 1699 2126 quae
1724 2087 1749 2112 a

226 2139 405 2180 Crodrico
427 2141 509 2190 illo,
533 2155 654 2193 quem
675 2139 829 2189 vidisti,
857 2139 1048 2188 audieris,
1081 2139 1257 2180 salutem
1291 2143 1479 2193 optatam
1502 2153 1624 2192 quam
1657 2152 1748 2193 pos-

223 2206 333 2247 tulas
354 2206 611 2260 consequeris
629 2223 640 2253 3
664 2220 762 2246 nam
783 2210 824 2246 et
845 2205 931 2260 ipse
955 2205 1016 2246 tui
1037 2205 1239 2255 meminit,
1263 2204 1427 2259 quando
1448 2209 1542 2246 tuas
1562 2204 1747 2246 miserias

225 2288 363 2314 coram
386 2272 608 2327 praesentia
630 2271 799 2313 Domini
822 2271 895 2312 Sui
916 2270 946 2311 J
951 2286 1021 2313 esu
1043 2271 1197 2313 Christi
1217 2271 1404 2312 horridas
1427 2286 1475 2312 ac
1495 2270 1748 2312 miserandas

224 2338 452 2394 conspexit.
519 2338 682 2379 Videns
702 2337 807 2379 vidit
828 2336 1093 2378 afflictionem
1117 2343 1248 2390 tuam,
1269 2342 1311 2378 et
1336 2337 1369 2378 si
1390 2335 1478 2392 ejus
1499 2337 1747 2377 documenta

224 2410 405 2447 sectatus
426 2405 564 2456 fueris,
587 2409 628 2445 et
650 2403 982 2459 apprehenderis,
1008 2404 1138 2445 salute
1159 2404 1338 2459 gloriosa
1358 2402 1615 2444 donaberis.”
1677 2402 1745 2443 In-

222 2477 286 2513 ter
307 2472 394 2513 haeo
415 2472 541 2514 verba
568 2485 707 2512 secum
742 2470 987 2524 colloquens,
1014 2471 1150 2511 subito
1171 2470 1276 2512 vidit
1299 2468 1496 2511 Crucifixi
1516 2469 1678 2511 vultum
1703 2468 1746 2508 in

221 2539 356 2593 ipsum
377 2538 587 2580 radiantes
607 2538 745 2578 oculos
763 2536 990 2591 dirigentis.
1052 2537 1160 2578 Tum
1192 2537 1260 2577 ille
1288 2537 1446 2591 palmas
1477 2540 1672 2589 utrasque
1704 2534 1746 2575 in

223 2605 399 2646 sublime
438 2604 682 2659 protendere
716 2608 757 2644 et
790 2602 962 2643 Domini
1001 2602 1058 2644 sic
1091 2602 1353 2644 clementiam
1386 2602 1508 2656 coepit
1540 2602 1743 2642 invocare.

224 2675 248 2693 “
269 2671 447 2712 Domine
468 2671 499 2711 J
503 2687 586 2721 esu,
611 2671 815 2719 miserere,
837 2668 1036 2709 auxiliare
1064 2674 1106 2709 et
1128 2670 1291 2710 consule
1306 2668 1346 2717 ;”
1373 2667 1561 2722 tantique
1595 2668 1745 2708 clamo-

222 2737 278 2778 ris
319 2738 475 2779 sonitus
515 2738 556 2778 in
597 2736 751 2792 soporis
795 2735 1061 2777 similitudine
1103 2735 1245 2786 edidit,
1284 2734 1393 2790 quod
1428 2738 1745 2789 consoporantes

788 2845 797 2865 ¹
820 2842 963 2889 Crucis]
992 2843 1119 2885 Cruris,
1141 2843 1188 2877 II.
