1839 3186
166 157 251 195 454⁴
688 162 924 194 LIBELLUS
961 162 1024 192 DE
1061 162 1178 193 VITA

168 270 406 313 memoriale
428 268 644 323 persensit.
707 267 926 308 Postremo
949 266 1119 307 domum
1140 266 1276 317 rediit,
1296 271 1337 307 et
1359 267 1471 322 apud
1497 267 1706 323 Grysebur—

168 353 267 379 nam
301 336 524 391 profectus,
557 333 797 388 aliquandiu
825 333 882 374 ibi
910 337 977 374 'est
1013 333 1355 387 perhendinatus3
1405 339 1446 374 et
1483 333 1588 374 sicut
1620 334 1708 388 ipse

171 404 184 425 1
205 405 356 445 domno
379 402 409 442 J
413 400 565 442 ohanni
597 400 800 455 subpriori
831 399 1102 440 Dunelmensi
1133 415 1205 454 per
1234 401 1405 441 nuncios
1437 400 1538 441 satis
1567 398 1708 442 fideles

170 469 438 526 postmodum
458 467 688 517 mandavit,
713 481 765 507 eX
788 466 853 507 die
874 465 945 506 illa
968 481 1016 506 ac
1039 466 1231 521 deinceps
1257 481 1469 520 nunquam
1490 471 1636 521 postea
1656 482 1708 507 ex

172 537 243 578 illa
265 535 507 577 infirmitate
530 533 758 575 contabuit.
810 531 950 586 Magis
971 532 1111 586 itaque
1132 532 1192 574 illi
1216 533 1345 573 virtus
1367 538 1409 573 et
1426 532 1709 574 misericordia

173 603 343 645 Godrici
366 601 562 656 simplicis
575 600 809 654 Anglorum
831 598 970 639 idiotae
992 599 1070 640 sub
1091 598 1356 640 festinatione
1370 599 1568 653 praestitit
1585 614 1709 653 quam

173 670 305 711 omnis
340 668 489 724 peritia
520 671 561 708 et
596 664 818 721 prudentia
849 664 1035 705 omnium
1065 665 1320 706 medicorum
1354 664 1612 706 Francorum
1643 666 1709 707 vel

172 736 423 791 sapientium
456 749 544 788 quae
578 732 807 774 diutissime
829 732 938 772 eirca
967 732 1095 787 ipsius
1126 747 1268 773 curam
1300 731 1523 774 studiosius
1545 731 1709 773 2elab0-

172 803 293 845 ravit.

377 962 466 988 CCII.
507 962 558 986 DE
589 961 732 986 MILITE
762 960 918 986 CURATO
949 961 976 985 A
1008 961 1174 987 LATERIS
1205 962 1532 989 CONSTIPATIONE.

233 1063 250 1114 ξ
274 1065 371 1104 581.
411 1062 547 1103 Minus
570 1061 738 1115 quidam
768 1061 996 1116 pleuretiea
1019 1062 1207 1116 passione
1230 1062 1461 1104 diutissime
1489 1063 1710 1112 laboravit,

176 1144 298 1183 quam
330 1129 472 1170 lateris
495 1128 678 1169 dolorem
701 1143 795 1168 cum
827 1127 1090 1169 obturatione
1114 1133 1351 1183 turgentem
1381 1130 1576 1171 usitatius
1608 1130 1713 1186 phy-

176 1197 260 1237 sica
281 1195 453 1236 traditio
475 1195 689 1235 nominare
711 1194 937 1235 consuevit.
992 1195 1072 1247 Qui
1095 1195 1283 1236 similiter
1305 1200 1346 1236 et
1368 1196 1713 1251 constipationem

175 1262 318 1303 lateris
339 1263 499 1312 habuit,
522 1261 632 1302 unde
656 1266 696 1301 et
719 1260 979 1302 decoctiones
1001 1262 1186 1302 ciborum
1211 1277 1303 1316 quae
1327 1262 1367 1303 in
1401 1263 1615 1304 stomacho
1644 1261 1712 1304 fie-

177 1330 280 1370 bant
306 1329 490 1383 digerere
513 1328 585 1369 diu
606 1343 689 1368 non
710 1328 859 1381 potuit.
923 1327 1057 1382 Super
1076 1328 1140 1369 his
1162 1343 1259 1384 ergo
1282 1328 1438 1371 diutius
1458 1330 1714 1370 medicorum

180 1395 350 1436 consilia
374 1399 557 1436 sectatus
578 1394 680 1434 nihil
701 1394 867 1434 omnino
890 1394 966 1435 sibi
988 1395 1180 1449 prodesse
1202 1396 1424 1449 comperit3
1452 1396 1562 1437 unde
1584 1396 1713 1437 omni-

179 1463 256 1504 bus
286 1461 366 1503 illis
394 1461 646 1516 postpositis,
673 1460 726 1501 ad
752 1460 883 1501 sancti
907 1460 1076 1502 Godrici
1099 1461 1249 1502 moenia
1276 1462 1403 1515 ipsius
1433 1463 1718 1517 postulaturus

180 1528 376 1583 suffragia
397 1527 645 1569 convolavit.
710 1526 872 1567 Eadem
907 1527 1047 1581 itaque
1081 1532 1204 1569 noete
1236 1543 1316 1582 qua
1346 1528 1443 1569 illuc
1473 1528 1713 1579 advenerat,

179 1600 343 1637 tantam
375 1594 617 1649 digestionis
647 1593 868 1634 molliciem
899 1593 1092 1645 habebat,
1117 1595 1226 1647 quod
1257 1595 1364 1635 infra
1395 1595 1587 1651 synaxim
1622 1611 1717 1636 noc-

182 1668 361 1712 turnam,
385 1676 509 1715 quam
531 1660 680 1701 fratres
713 1660 1016 1714 persolvebant,
1040 1660 1182 1702 novies
1215 1662 1269 1702 ad
1300 1662 1530 1703 necessaria
1556 1666 1716 1703 naturae

182 1728 438 1784 processerit,
456 1727 552 1781 quia
571 1727 748 1768 facilitas
769 1726 952 1781 gratuito
968 1727 1168 1768 dissoluta
1186 1728 1302 1769 illum
1320 1728 1375 1768 ad
1391 1727 1573 1769 ³exitum
1593 1729 1718 1770 toties

184 1795 397 1850 compulit.
462 1794 590 1834 Mane
612 1809 709 1835 vero
731 1793 842 1833 facto
868 1808 909 1833 se
932 1793 1192 1834 sanissimum
1217 1794 1365 1842 sensit3
1391 1800 1433 1835 et
1454 1795 1610 1849 gratias
1627 1795 1718 1836 Deo

185 1862 227 1902 in
254 1862 408 1902 Sancto
434 1860 614 1901 Godrico
637 1860 828 1910 referens,
852 1874 1016 1901 omnem
1039 1860 1191 1902 doloris
1219 1861 1280 1902 sui
1301 1861 1472 1902 modum
1491 1866 1532 1902 et
1554 1861 1716 1916 adeptae

187 1928 332 1970 salutis
364 1943 447 1968 suae
483 1926 728 1967 miraculum
762 1926 958 1968 fratribus
988 1927 1070 1968 illic
1106 1927 1444 1969 conversantibus
1485 1928 1716 1980 enarravit;

188 1995 325 2049 sicque
348 1994 517 2034 domum
542 2008 666 2034 sanus
688 1998 729 2034 et
750 1992 935 2048 gaudens
956 1993 1091 2044 rediit,
1111 1995 1180 2048 qui
1203 1995 1272 2036 illo
1292 1994 1406 2049 prius
1427 1995 1647 2049 languidus
1678 2000 1719 2035 et

188 2061 329 2102 dolens
349 2060 531 2102 advenit.

238 2172 246 2190 ¹
270 2171 432 2218 Domum]
463 2171 546 2204 This
569 2172 597 2204 is
626 2182 690 2203 one
720 2171 757 2203 of
779 2170 836 2203 the
864 2171 1032 2203 instanees
1059 2169 1093 2202 in
1110 2169 1219 2202 which
1244 2169 1312 2202 this
1335 2170 1484 2215 peculial·
1508 2170 1594 2204 form
1613 2172 1651 2205 of
1663 2171 1720 2205 the

191 2218 281 2251 word
300 2229 418 2251 occurs
435 2224 469 2250 at
486 2217 549 2250 full
565 2216 682 2261 length
701 2217 735 2249 in
754 2216 810 2249 the
829 2216 994 2249 Bodleian
1012 2216 1232 2261 manuscript.

236 2264 250 2284 2
269 2262 494 2309 Elaboravc't]
523 2263 596 2297 The
615 2263 648 2296 H
652 2263 777 2296 arleian
795 2263 1008 2307 Manuscript
1033 2262 1112 2295 thus
1130 2269 1287 2296 reeounts
1304 2263 1371 2297 this
1390 2275 1468 2297 eure
1485 2276 1491 2298 :
1535 2264 1721 2297 “Clericus

191 2311 328 2344 nomine
354 2311 548 2353 Gervasius,
574 2311 710 2342 natione
734 2309 985 2351 Dunelmensis,
1008 2321 1166 2353 magnam
1193 2309 1331 2343 Parisiis
1357 2322 1485 2343 moram
1510 2310 1603 2344 fecit.
1654 2310 1721 2344 Hie

191 2357 319 2390 ibidem
338 2369 395 2401 per
408 2356 582 2389 biennium
602 2362 774 2400 quartanae
790 2355 964 2399 laboravit,
979 2367 1041 2388 nee
1059 2355 1088 2388 ei
1107 2355 1315 2388 medicorum
1333 2357 1444 2401 potuit
1461 2357 1626 2390 industria
1643 2357 1721 2390 sub—

193 2404 318 2437 venire.
369 2403 524 2448 Denique
554 2402 695 2435 consilio
720 2403 925 2447 sapientium
954 2402 1018 2435 iter
1044 2402 1184 2447 arripuit
1209 2402 1251 2435 ad
1276 2402 1387 2436 natale
1417 2403 1536 2445 solum,
1564 2403 1722 2448 venitque

193 2449 414 2483 Dunelmum.
465 2448 603 2482 Auditis
621 2460 697 2481 vero
714 2448 888 2481 miraculis
905 2454 1006 2492 atque
1026 2448 1204 2481 virtutibus
1222 2448 1310 2481 beati
1331 2449 1480 2492 Godriei,
1508 2449 1722 2483 Finchaliam

192 2497 240 2529 ire
258 2496 441 2541 proposuit.
493 2495 583 2537 Quia
600 2506 676 2527 vero
701 2494 803 2528 febris
828 2506 984 2527 accessus
1010 2494 1127 2527 debuit
1145 2495 1234 2527 cirea
1250 2495 1425 2528 meridiem
1444 2496 1628 2540 provenire,
1647 2508 1723 2540 pro-

193 2543 302 2576 fectus
329 2548 379 2575 est
402 2553 513 2585 mane,
536 2541 653 2574 horam
676 2553 832 2574 accessus
855 2541 994 2585 cupiens
1015 2541 1211 2585 praevenire.
1263 2541 1417 2586 Cumque
1436 2542 1584 2575 venisset
1606 2542 1648 2575 ad
1666 2542 1723 2576 sil—

195 2601 282 2632 vam,
300 2595 395 2622 tanta
412 2589 518 2633 ipsius
538 2587 751 2620 vehementia
767 2587 899 2631 frigoris
917 2587 1104 2632 occupavit,
1123 2594 1159 2620 ut
1177 2587 1241 2620 nisi
1261 2587 1443 2621 calefactus
1459 2588 1639 2633 procedere
1656 2600 1722 2622 non

196 2636 330 2669 valeret.
379 2635 565 2668 Descendit
582 2634 683 2678 igitur
701 2646 742 2667 ex
762 2645 858 2678 equo,
878 2639 910 2666 et
927 2633 1004 2678 igne
1021 2633 1120 2675 facto,
1140 2645 1175 2666 se
1194 2635 1357 2668 tremulus
1375 2635 1539 2678 calefecit,
1558 2640 1591 2668 et
1607 2640 1725 2680 postea

195 2683 378 2715 calefactus
401 2681 562 2724 ascendlt‚
591 2680 870 2724 Finchaliamque
887 2679 1050 2724 pervenit.
1100 2679 1266 2713 Residens
1284 2681 1325 2713 ad
1343 2681 1558 2726 sepulchrum
1585 2681 1721 2715 solitum

194 2728 296 2762 febris
314 2728 517 2772 expectabat
539 2738 725 2770 accessum,
750 2732 781 2759 et
805 2726 935 2759 nullum
957 2738 996 2758 eo
1015 2725 1068 2759 die
1086 2726 1191 2759 sensit
1217 2733 1386 2761 consuetae
1411 2727 1619 2761 infirmitatis
1637 2727 1721 2760 indi-

194 2775 297 2809 cium.
340 2775 463 2807 Postea
474 2774 581 2815 rediit,
601 2780 634 2806 et
651 2773 741 2819 apud
753 2772 992 2806 Giseburniam
1011 2772 1207 2817 aliquandiu
1233 2785 1359 2807 moram
1379 2774 1470 2818 fecit,
1489 2785 1551 2807 nee
1568 2774 1721 2807 morbum

195 2821 353 2865 deinceps
371 2820 477 2853 ullum
496 2820 638 2853 sensit.'’

240 2868 253 2888 ³
273 2867 439 2912 Erizam]
465 2871 482 2885 ‘⁶
499 2866 565 2899 Vel
584 2866 769 2908 eundum,⁷’
789 2865 863 2900 MS.
884 2865 982 2899 Bodl.
