1839 3186
542 224 600 255 ET
636 223 898 255 MIRACULIS
935 223 970 254 s.
996 223 1212 255 Gomucr.
1567 214 1648 254 209

114 327 305 384 cognovit
327 341 423 381 ergo
449 326 577 367 frater
607 326 676 380 qui
711 326 807 367 illuc
837 325 1062 368 advenerat
1097 327 1193 381 quia
1223 327 1500 382 portendissct
1537 327 1648 383 quod

116 394 201 449 ipse
220 398 342 435 nocte
363 393 433 434 illa
458 392 697 433 ¹cecinerat.

112 682 200 709 OAP.
224 682 367 708 xcvm.
429 682 481 708 UT
511 683 666 708 FRATER
706 683 869 712 QUIDAM
906 682 985 708 1LL1
1028 683 1165 708 MlSSAs
1210 683 1440 709 CELEBRANS
1486 684 1644 709 CAMPA-

172 750 318 774 NARUM
350 748 513 775 somrus
544 750 728 784 Aumvrr,
761 748 936 779 QUARUM
974 749 1121 775 DULCEs
1167 750 1353 775 MoDULos
1384 751 1459 776 PRO
1490 751 1647 776 spnzrru

171 815 382 841 anusnAM
415 816 525 841 susm
555 816 748 841 OBEUNTIS
771 815 904 842 Fuissn
926 816 998 841 vm
1021 816 1089 841 Dm
1120 816 1247 851 Drxrr,
1281 816 1395 846 QUEM
1427 817 1484 842 IBI
1507 817 1644 842 CORAM

172 882 383 907 TRANSISSE
413 866 668 908 σοΝεΡΕΧΙΤ.2

173 981 192 1033 §
218 983 312 1024 198.
345 980 500 1022 3INTER
535 980 617 1022 alia
646 981 836 1035 quaedarn
864 981 930 1022 die
961 981 1182 1023 Dominica
1213 982 1311 1023 illuc
1354 982 1508 1024 Missas
1544 983 1646 1024 cele-

115 1047 309 1089 braturus
338 1047 499 1097 adveni,
522 1052 563 1088 et
590 1053 684 1102 post
714 1046 895 1088 4secreta
919 1046 1051 1096 finita,
1087 1048 1329 1089 canonicum
1368 1064 1567 1090 canonem
1602 1049 1645 1089 in

115 1113 214 1168 ipsis
243 1114 449 1156 solemniis
473 1111 565 1169 jam
598 1114 744 1168 incepi,
771 1118 812 1154 et
834 1129 940 1163 ecce,
973 1114 1131 1155 sonitus
1161 1115 1496 1168 praeclarissimus
1527 1115 1644 1169 quasi

113 1195 407 1235 campanarum
448 1179 615 1221 auribus
657 1179 864 1221 cantantis
903 1180 1084 1221 insonuit
1128 1180 1232 1221 adeo
1276 1179 1495 1222 dulcifluus
1534 1181 1645 1235 quod

112 1246 296 1288 canentis
316 1246 501 1287 animum
521 1261 547 1287 a
562 1246 624 1288 sui
644 1246 777 1301 rigore
798 1247 996 1301 propositi
1020 1246 1244 1301 plurimum
1264 1246 1514 1288 retardando
1538 1263 1645 1302 prae-

111 1312 287 1367 pedierit
305 1329 316 1360 ς
350 1313 534 1354 intentus
555 1313 664 1353 enim
685 1313 846 1354 animus
862 1313 916 1354 ad
937 1318 1158 1367 utrumque
1180 1314 1316 1354 minus
1337 1312 1565 1355 sufficiebat
1590 1314 1645 1355 ad

112 1393 156 1420 se
176 1384 350 1434 utraque
377 1379 662 1434 prosequenda
689 1379 938 1421 distendere.
1010 1379 1203 1421 Tinnitus
1224 1380 1292 1420 ille
1314 1394 1356 1421 se
1380 1380 1548 1422 auribus
1582 1380 1643 1421 in-

111 1445 328 1496 fundebat,
372 1450 413 1487 et
455 1461 499 1487 os
537 1445 617 1487 Dei
658 1447 827 1500 loquens
866 1446 1077 1500 magnalia
1118 1446 1245 1487 animi
1285 1447 1543 1501 propositum
1588 1447 1643 1488 ad

111 1512 292 1554 eoelestia
326 1512 578 1567 subrigebat.
649 1512 954 1554 Oonsternabai·
984 1511 1124 1566 itaque
1154 1513 1377 1567 plurimum
1401 1513 1511 1554 unde
1550 1513 1646 1555 talis

111 1578 168 1620 ibi
208 1579 384 1621 tinnitus
421 1577 550 1630 fieret,
590 1594 684 1620 cum
727 1579 784 1620 ibi
827 1579 1145 1633 circumquaque
1178 1579 1256 1621 nisi
1293 1579 1475 1621 solitaria
1519 1579 1643 1621 eremi

160 1687 170 1708 ¹
193 1687 395 1735 cecinerat]
425 1689 498 1723 The
516 1689 611 1723 Harl.
629 1688 751 1733 legend
768 1688 847 1722 thus
864 1688 1026 1734 proceeds
1041 1700 1047 1723 :
1075 1690 1096 1707 “
1113 1689 1152 1722 In
1170 1695 1268 1722 nocte
1283 1689 1527 1723 Decollationis
1546 1690 1644 1724 Beati

113 1733 290 1778 Johannis,
317 1736 454 1780 quidam
480 1736 581 1769 frater
607 1736 758 1769 divinum
788 1735 914 1768 ibidem
942 1735 1171 1769 celebraturus
1197 1736 1356 1779 officium,
1382 1737 1471 1770 circa
1496 1737 1645 1770 mediam

111 1787 245 1814 noctem
264 1781 451 1815 dormiebat
469 1783 504 1815 in
521 1782 616 1816 cella.
668 1781 841 1826 Evigilans
866 1788 981 1814 autem
1006 1781 1134 1815 audivit
1153 1782 1217 1815 Dei
1236 1782 1343 1815 virum
1362 1782 1450 1816 elata
1468 1795 1548 1816 voce
1566 1795 1644 1816 can-

112 1833 252 1870 tantem,
278 1833 311 1861 et
338 1828 557 1862 Praecursoris
586 1839 709 1861 nomen
739 1828 862 1872 saepius
888 1828 1090 1868 itcrantem;
1117 1834 1150 1861 et
1175 1828 1367 1873 intelligens
1394 1829 1483 1874 quod
1515 1829 1644 1874 aliquid

112 1873 286 1918 spirituale
304 1874 454 1918 vidisset,
473 1875 626 1908 obticuit.
677 1874 786 1907 Missa
804 1874 837 1906 in
856 1874 1001 1907 crastino
1027 1874 1205 1917 celebrata,
1224 1875 1273 1907 vir
1296 1875 1444 1919 quidem,
1463 1876 1517 1920 qui
1545 1882 1643 1909 nocte

111 1920 168 1953 illa
186 1921 220 1953 in
239 1921 446 1954 orationibus
472 1921 517 1954 ibi
544 1921 749 1965 vigilaverat,
776 1920 857 1953 ‘Me
883 1921 971 1954 circa
994 1920 1165 1964 mediam,’
1184 1921 1305 1965 inquit,
1325 1923 1479 1955 ‘noctem
1505 1922 1643 1956 decum-

110 1966 248 2000 bentem
273 1967 306 1999 in
326 1967 480 2001 Oratorio
506 1968 624 2001 Beatae
642 1967 805 2011 Virginis,
831 1972 924 1999 tanta
950 1967 995 2000 ibi
1024 1967 1215 2000 suavissimi
1245 1967 1356 2001 odoris
1385 1968 1567 2013 fragrantia
1592 1975 1643 2002 est

111 2013 239 2054 oborta,
259 2020 418 2058 quantam
437 2020 536 2048 antea
553 2025 620 2047 non
637 2013 798 2058 persensi.
847 2013 1129 2046 Tintinnabulun]
1144 2025 1277 2058 quoque
1294 2014 1379 2047 illud
1393 2015 1482 2059 quod
1497 2015 1542 2049 ibi
1560 2027 1642 2061 pen—

112 2058 182 2101 det,
201 2059 362 2103 insonuit,
388 2060 514 2094 nullius
540 2060 700 2105 impulsu.
751 2059 863 2093 Voces
889 2061 992 2093 etiam
1017 2059 1230 2093 dulcissimas
1256 2060 1380 2104 audivi,
1407 2068 1441 2094 et
1466 2062 1561 2106 quasi
1588 2074 1643 2095 cav-

109 2106 263 2139 nentium
281 2106 399 2140 choros
417 2107 458 2140 ab
478 2107 632 2141 Ecclesia
657 2106 771 2139 Sancti
789 2107 809 2140 J
814 2106 955 2140 ohannis
981 2106 1023 2139 ad
1042 2106 1235 2139 Oratorium
1261 2107 1380 2140 Beatae
1398 2108 1549 2153 Virginis
1567 2121 1643 2154 pro-

108 2152 277 2187 cedentes.
329 2153 367 2186 In
395 2165 536 2198 quorum
562 2153 709 2186 adventu
742 2159 774 2185 et
800 2164 934 2186 recessu
963 2152 1048 2185 illud
1074 2153 1339 2186 tintinnabulum
1370 2155 1581 2199 personabat,
1609 2161 1642 2188 et

108 2205 224 2243 postea
241 2211 359 2232 sonare
373 2200 539 2234 cessavit.'
581 2199 732 2232 Ministri
747 2199 848 2232 etiam
863 2199 920 2244 qui
933 2205 1014 2232 tunc
1032 2199 1067 2231 in
1086 2199 1185 2232 domo
1202 2200 1358 2244 proxima
1372 2200 1641 2248 quiesceba[n]t,

109 2256 231 2278 sonum
259 2245 396 2290 quidem
424 2246 613 2289 audierunt,
640 2246 699 2279 sed
727 2245 816 2279 unde
841 2246 982 2287 veniret,
1014 2246 1149 2290 penitus
1175 2246 1384 2290 ignorabant.
1453 2247 1640 2292 Inquisitus

110 2291 211 2336 igitur
236 2303 335 2337 super
360 2292 424 2326 hoc
450 2292 514 2326 Dei
541 2304 667 2336 servus,
693 2292 777 2325 flens
804 2298 837 2325 et
862 2292 978 2325 oculos
1003 2292 1037 2324 in
1064 2291 1188 2325 coelum
1216 2293 1361 2336 elevans,
1380 2294 1451 2328 ait:
1479 2294 1542 2327 ‘In
1561 2306 1642 2328 voce

109 2337 347 2371 exsultationis
381 2345 414 2372 et
439 2339 662 2382 jocunditatis
695 2344 828 2383 oportet
857 2338 1005 2371 Domino
1039 2338 1198 2382 jubilare,
1228 2339 1307 2383 quia
1338 2351 1398 2384 pro
1428 2341 1642 2374 veneratione

109 2383 224 2417 Sancti
241 2384 263 2417 J
266 2384 407 2418 ohannis
426 2385 497 2419 dies
514 2385 615 2418 hodie
632 2384 792 2418 solemnis
810 2384 936 2418 illuxit.
986 2385 1116 2418 Revera
1133 2385 1205 2429 ipse
1222 2385 1285 2419 hac
1303 2392 1401 2419 nocte
1415 2386 1470 2420 hic
1484 2387 1593 2430 affuit,
1608 2395 1640 2420 et

109 2436 273 2463 nocturna
298 2432 420 2476 synaxi
446 2432 624 2474 celebrata,
643 2443 721 2464 cum
747 2431 876 2464 coelesti
894 2437 985 2464 coetu
1010 2431 1089 2464 hinc
1113 2443 1219 2475 usque
1244 2431 1286 2465 ad
1306 2432 1498 2466 Orator-ium
1525 2433 1642 2467 Beatae

110 2476 261 2521 Virginis
280 2477 398 2511 choros
416 2478 514 2511 duxit
531 2477 757 2523 hymnidicos,
777 2483 810 2510 et
826 2477 892 2511 huc
917 2483 1034 2522 postea
1051 2478 1223 2511 remeavit.
1275 2478 1348 2523 Ego
1366 2479 1468 2512 etiam
1486 2486 1642 2525 peccator

109 2522 258 2566 interfui,
276 2530 310 2557 et
326 2524 378 2557 his
397 2524 503 2558 oculis
521 2530 643 2557 cuncta
668 2523 830 2568 conspexi
845 2536 854 2565 ;
880 2523 969 2557 unde
994 2535 1062 2568 prae
1086 2523 1209 2568 gaudio
1233 2535 1289 2557 me
1306 2536 1326 2557 a
1343 2532 1445 2558 cantu
1469 2526 1642 2559 continere

109 2580 175 2601 non
199 2570 316 2614 potui!
367 2570 432 2604 His
462 2571 573 2613 dictis,
601 2570 724 2603 iterum
754 2569 859 2613 flevit,
886 2576 920 2604 et
945 2570 1063 2614 tacuit,
1091 2576 1124 2603 et
1140 2569 1242 2604 frater
1271 2570 1329 2604 ille
1354 2583 1413 2605 cur
1438 2578 1641 2616 cantaverat,

110 2615 315 2650 intellexit.''

156 2661 169 2682 ²
195 2661 235 2695 In
253 2662 310 2695 the
329 2662 424 2697 Harl.
444 2663 518 2697 MS.
538 2663 675 2708 chapter
694 2662 790 2697 CVI.

156 2708 169 2727 ³
189 2707 284 2742 Inter
300 2709 367 2742 alia
385 2708 555 2755 quaedam]
585 2710 672 2742 Item
690 2709 777 2742 inter
795 2708 871 2752 alia,
890 2708 1047 2754 quadam,
1069 2708 1116 2743 H.

155 2754 168 2772 ⁴
187 2754 347 2801 Secreta]
377 2756 450 2789 The
474 2767 593 2801 prayer
611 2755 721 2788 which
748 2755 878 2788 follows
896 2755 954 2788 the
980 2755 1119 2788 Preface
1137 2755 1175 2788 of
1187 2755 1245 2788 the
1271 2756 1378 2799 Mass,
1397 2767 1433 2789 so
1452 2756 1559 2789 called
1584 2757 1643 2790 be-

110 2811 210 2833 cause
234 2801 306 2834 said
324 2803 440 2835 “voce
465 2802 671 2835 submissa.''
720 2802 782 2835 See
809 2802 952 2835 Durant.
972 2802 1012 2835 de
1038 2802 1174 2835 Ritibus
1202 2802 1365 2835 Ecclesiae
1396 2802 1590 2846 Catholieae,
1609 2816 1642 2849 p.

110 2848 189 2887 356,
204 2846 274 2879 edit
299 2847 407 2892 Lugd.
428 2850 529 2883 1597.
564 2850 585 2866 “
597 2848 733 2882 Secreta
750 2848 826 2881 ideo
844 2848 1048 2892 nominatur,
1067 2848 1146 2892 quia
1163 2855 1291 2881 secreto
1310 2848 1466 2882 dicitur.''
1492 2850 1643 2884 Amalar.

112 2890 152 2924 de
171 2891 249 2926 Div.
267 2893 408 2938 Officiis,
426 2894 447 2928 i.
466 2897 522 2929 20.

1422 2990 1445 3014 P
