<?xml version="1.0" encoding="UTF-8"?>
<!DOCTYPE html PUBLIC "-//W3C//DTD XHTML 1.0 Transitional//EN"
    "http://www.w3.org/TR/xhtml1/DTD/xhtml1-transitional.dtd">
<html xmlns="http://www.w3.org/1999/xhtml" xml:lang="en" lang="en">
 <head>
  <title>
</title>
<meta http-equiv="Content-Type" content="text/html;charset=utf-8" />
  <meta name='ocr-system' content='tesseract 3.04.00' />
  <meta name='ocr-capabilities' content='ocr_page ocr_carea ocr_par ocr_line ocrx_word'/>
</head>
<body>
  <div class='ocr_page' id='page_1' title='image "./libellusdevitaet00regi_0298.png"; bbox 0 0 1839 3186; ppageno 0'>
   <div class='ocr_carea' id='block_1_1' title="bbox 178 193 1184 233">
    <p class='ocr_par' dir='ltr' id='par_1_1' title="bbox 178 193 1184 233">
     <span class='ocr_line' id='line_1_1' title="bbox 178 193 1184 233; baseline -0.003 -1"><span class='ocrx_word' id='word_1_1' title='bbox 178 193 261 233; x_wconf 81' lang='lat'>252</span> <span class='ocrx_word' id='word_1_2' title='bbox 696 197 932 230; x_wconf 84' lang='lat' dir='ltr'>LIBELLUS</span> <span class='ocrx_word' id='word_1_3' title='bbox 967 198 1032 229; x_wconf 84' lang='lat' dir='ltr'>DE</span> <span class='ocrx_word' id='word_1_4' title='bbox 1067 198 1184 229; x_wconf 83' lang='lat' dir='ltr'><strong>VITA</strong></span> 
     </span>
    </p>
   </div>
   <div class='ocr_carea' id='block_1_2' title="bbox 177 398 1712 502">
    <p class='ocr_par' dir='ltr' id='par_1_2' title="bbox 177 398 1712 502">
     <span class='ocr_line' id='line_1_2' title="bbox 177 398 1712 430; baseline -0.001 -3"><span class='ocrx_word' id='word_1_5' title='bbox 177 402 265 428; x_wconf 88' lang='lat' dir='ltr'>CAP.</span> <span class='ocrx_word' id='word_1_6' title='bbox 290 401 449 428; x_wconf 89' lang='lat' dir='ltr'>CXXVII.</span> <span class='ocrx_word' id='word_1_7' title='bbox 510 399 712 430; x_wconf 77' lang='lat' dir='ltr'><strong>QUALITER</strong></span> <span class='ocrx_word' id='word_1_8' title='bbox 741 398 929 425; x_wconf 80' lang='lat' dir='ltr'><strong>TEMPORE</strong></span> <span class='ocrx_word' id='word_1_9' title='bbox 963 398 1219 425; x_wconf 76' lang='lat' dir='ltr'>REFECTIONIS</span> <span class='ocrx_word' id='word_1_10' title='bbox 1255 399 1308 424; x_wconf 90' lang='lat' dir='ltr'>AB</span> <span class='ocrx_word' id='word_1_11' title='bbox 1344 399 1470 426; x_wconf 82' lang='lat' dir='ltr'>HOSTE</span> <span class='ocrx_word' id='word_1_12' title='bbox 1504 400 1712 426; x_wconf 81' lang='lat' dir='ltr'>IMPUGNA-</span> 
     </span>
     <span class='ocr_line' id='line_1_3' title="bbox 379 451 1533 502; baseline -0.001 -9"><span class='ocrx_word' id='word_1_13' title='bbox 379 468 452 493; x_wconf 86' lang='lat' dir='ltr'>TUs</span> <span class='ocrx_word' id='word_1_14' title='bbox 483 467 556 502; x_wconf 85' lang='lat' dir='ltr'>SIT,</span> <span class='ocrx_word' id='word_1_15' title='bbox 593 467 664 493; x_wconf 84' lang='lat' dir='ltr'>SED</span> <span class='ocrx_word' id='word_1_16' title='bbox 694 465 838 491; x_wconf 83' lang='lat' dir='ltr'><strong>TAMEN</strong></span> <span class='ocrx_word' id='word_1_17' title='bbox 874 465 918 490; x_wconf 92' lang='lat' dir='ltr'>IN</span> <span class='ocrx_word' id='word_1_18' title='bbox 950 465 993 490; x_wconf 77' lang='lat' dir='ltr'>SE</span> <span class='ocrx_word' id='word_1_19' title='bbox 1023 465 1239 500; x_wconf 80' lang='lat' dir='ltr'>CONFUSUS,</span> <span class='ocrx_word' id='word_1_20' title='bbox 1274 451 1533 492; x_wconf 80' lang='lat' dir='ltr'>AUFUGERIT.¹</span> 
     </span>
    </p>
   </div>
   <div class='ocr_carea' id='block_1_3' title="bbox 181 563 1718 2202">
    <p class='ocr_par' dir='ltr' id='par_1_3' title="bbox 181 563 1718 2202">
     <span class='ocr_line' id='line_1_4' title="bbox 240 563 1713 623; baseline -0.001 -14"><span class='ocrx_word' id='word_1_21' title='bbox 240 566 383 623; x_wconf 73' lang='lat'>§237.</span> <span class='ocrx_word' id='word_1_22' title='bbox 422 567 663 608; x_wconf 79' lang='lat' dir='ltr'><strong>MEMORATO</strong></span> <span class='ocrx_word' id='word_1_23' title='bbox 692 563 846 621; x_wconf 86' lang='lat' dir='ltr'>juvene</span> <span class='ocrx_word' id='word_1_24' title='bbox 885 579 1024 606; x_wconf 87' lang='lat' dir='ltr'>coram</span> <span class='ocrx_word' id='word_1_25' title='bbox 1055 564 1142 606; x_wconf 89' lang='lat' dir='ltr'>viro</span> <span class='ocrx_word' id='word_1_26' title='bbox 1177 565 1258 606; x_wconf 92' lang='lat' dir='ltr'>Dei</span> <span class='ocrx_word' id='word_1_27' title='bbox 1294 565 1513 617; x_wconf 79' lang='lat' dir='ltr'>residente,</span> <span class='ocrx_word' id='word_1_28' title='bbox 1549 570 1713 621; x_wconf 89' lang='lat' dir='ltr'>tempus</span> 
     </span>
     <span class='ocr_line' id='line_1_5' title="bbox 182 631 1713 689; baseline -0.001 -14"><span class='ocrx_word' id='word_1_29' title='bbox 182 634 356 689; x_wconf 89' lang='lat' dir='ltr'>contigit</span> <span class='ocrx_word' id='word_1_30' title='bbox 392 633 628 675; x_wconf 88' lang='lat' dir='ltr'>refectionis</span> <span class='ocrx_word' id='word_1_31' title='bbox 664 631 866 682; x_wconf 78' lang='lat' dir='ltr'>insistere,</span> <span class='ocrx_word' id='word_1_32' title='bbox 910 631 1125 686; x_wconf 82' lang='lat' dir='ltr'>ipsumque</span> <span class='ocrx_word' id='word_1_33' title='bbox 1163 631 1322 673; x_wconf 86' lang='lat' dir='ltr'>discum</span> <span class='ocrx_word' id='word_1_34' title='bbox 1366 646 1460 673; x_wconf 91' lang='lat' dir='ltr'>cum</span> <span class='ocrx_word' id='word_1_35' title='bbox 1499 631 1713 687; x_wconf 83' lang='lat' dir='ltr'>grossioris</span> 
     </span>
     <span class='ocr_line' id='line_1_6' title="bbox 181 697 1713 756; baseline -0.002 -14"><span class='ocrx_word' id='word_1_36' title='bbox 181 700 287 742; x_wconf 86' lang='lat' dir='ltr'>fabae</span> <span class='ocrx_word' id='word_1_37' title='bbox 309 705 514 756; x_wconf 90' lang='lat' dir='ltr'>apparatu</span> <span class='ocrx_word' id='word_1_38' title='bbox 534 699 592 740; x_wconf 86' lang='lat' dir='ltr'>illi</span> <span class='ocrx_word' id='word_1_39' title='bbox 615 698 833 753; x_wconf 70' lang='lat' dir='ltr'>aegrotanti</span> <span class='ocrx_word' id='word_1_40' title='bbox 855 697 1070 753; x_wconf 87' lang='lat' dir='ltr'>epulaturo</span> <span class='ocrx_word' id='word_1_41' title='bbox 1093 697 1313 753; x_wconf 82' lang='lat' dir='ltr'>porrigere,</span> <span class='ocrx_word' id='word_1_42' title='bbox 1337 712 1413 739; x_wconf 91' lang='lat' dir='ltr'>nec</span> <span class='ocrx_word' id='word_1_43' title='bbox 1435 697 1534 739; x_wconf 89' lang='lat' dir='ltr'>dum</span> <span class='ocrx_word' id='word_1_44' title='bbox 1556 698 1713 753; x_wconf 90' lang='lat' dir='ltr'>aliquid</span> 
     </span>
     <span class='ocr_line' id='line_1_7' title="bbox 184 763 1713 819; baseline -0.003 -10"><span class='ocrx_word' id='word_1_45' title='bbox 184 767 244 809; x_wconf 89' lang='lat' dir='ltr'>vir</span> <span class='ocrx_word' id='word_1_46' title='bbox 266 767 344 808; x_wconf 90' lang='lat' dir='ltr'>Dei</span> <span class='ocrx_word' id='word_1_47' title='bbox 378 766 428 807; x_wconf 93' lang='lat' dir='ltr'>de</span> <span class='ocrx_word' id='word_1_48' title='bbox 453 781 523 808; x_wconf 91' lang='lat' dir='ltr'>esu</span> <span class='ocrx_word' id='word_1_49' title='bbox 555 765 707 806; x_wconf 90' lang='lat' dir='ltr'>insulso</span> <span class='ocrx_word' id='word_1_50' title='bbox 732 764 995 819; x_wconf 87' lang='lat' dir='ltr'>contigerat;</span> <span class='ocrx_word' id='word_1_51' title='bbox 1022 769 1064 805; x_wconf 92' lang='lat' dir='ltr'>et</span> <span class='ocrx_word' id='word_1_52' title='bbox 1095 779 1205 815; x_wconf 90' lang='lat' dir='ltr'>ecce,</span> <span class='ocrx_word' id='word_1_53' title='bbox 1237 763 1405 819; x_wconf 87' lang='lat' dir='ltr'>spiritus</span> <span class='ocrx_word' id='word_1_54' title='bbox 1436 764 1503 805; x_wconf 89' lang='lat' dir='ltr'>ille</span> <span class='ocrx_word' id='word_1_55' title='bbox 1534 779 1713 819; x_wconf 82' lang='lat' dir='ltr'>nequam</span> 
     </span>
     <span class='ocr_line' id='line_1_8' title="bbox 181 830 1713 888; baseline -0.002 -13"><span class='ocrx_word' id='word_1_56' title='bbox 181 833 488 888; x_wconf 70' lang='lat' dir='ltr'>praecipitanter</span> <span class='ocrx_word' id='word_1_57' title='bbox 507 833 763 887; x_wconf 88' lang='lat' dir='ltr'>impetuosus</span> <span class='ocrx_word' id='word_1_58' title='bbox 784 845 879 871; x_wconf 92' lang='lat' dir='ltr'>cum</span> <span class='ocrx_word' id='word_1_59' title='bbox 910 830 1047 871; x_wconf 84' lang='lat' dir='ltr'>furore</span> <span class='ocrx_word' id='word_1_60' title='bbox 1077 830 1204 871; x_wconf 88' lang='lat' dir='ltr'>nimio</span> <span class='ocrx_word' id='word_1_61' title='bbox 1225 846 1298 885; x_wconf 90' lang='lat' dir='ltr'>per</span> <span class='ocrx_word' id='word_1_62' title='bbox 1317 830 1501 872; x_wconf 89' lang='lat' dir='ltr'>medium</span> <span class='ocrx_word' id='word_1_63' title='bbox 1522 830 1713 872; x_wconf 85' lang='lat' dir='ltr'>fenestrae</span> 
     </span>
     <span class='ocr_line' id='line_1_9' title="bbox 181 896 1712 953; baseline -0.001 -13"><span class='ocrx_word' id='word_1_64' title='bbox 181 899 386 948; x_wconf 86' lang='lat' dir='ltr'>australis,</span> <span class='ocrx_word' id='word_1_65' title='bbox 408 899 523 941; x_wconf 90' lang='lat' dir='ltr'>velut</span> <span class='ocrx_word' id='word_1_66' title='bbox 544 897 683 953; x_wconf 90' lang='lat' dir='ltr'>praedo</span> <span class='ocrx_word' id='word_1_67' title='bbox 704 912 855 952; x_wconf 80' lang='lat' dir='ltr'>anceps</span> <span class='ocrx_word' id='word_1_68' title='bbox 873 896 1110 952; x_wconf 83' lang='lat' dir='ltr'>proruebat.</span> <span class='ocrx_word' id='word_1_69' title='bbox 1173 897 1254 950; x_wconf 74' lang='lat' dir='ltr'>Qui</span> <span class='ocrx_word' id='word_1_70' title='bbox 1274 897 1316 937; x_wconf 93' lang='lat' dir='ltr'>in</span> <span class='ocrx_word' id='word_1_71' title='bbox 1336 896 1473 938; x_wconf 88' lang='lat' dir='ltr'>medio</span> <span class='ocrx_word' id='word_1_72' title='bbox 1498 896 1712 946; x_wconf 70' lang='lat' dir='ltr'>Ecclesiae,</span> 
     </span>
     <span class='ocr_line' id='line_1_10' title="bbox 182 963 1714 1018; baseline -0.001 -11"><span class='ocrx_word' id='word_1_73' title='bbox 182 981 322 1007; x_wconf 89' lang='lat' dir='ltr'>coram</span> <span class='ocrx_word' id='word_1_74' title='bbox 356 965 507 1007; x_wconf 88' lang='lat' dir='ltr'>lectulo</span> <span class='ocrx_word' id='word_1_75' title='bbox 535 964 641 1006; x_wconf 87' lang='lat' dir='ltr'>servi</span> <span class='ocrx_word' id='word_1_76' title='bbox 671 963 752 1005; x_wconf 93' lang='lat' dir='ltr'>Dei</span> <span class='ocrx_word' id='word_1_77' title='bbox 783 963 986 1014; x_wconf 83' lang='lat' dir='ltr'>substitit,</span> <span class='ocrx_word' id='word_1_78' title='bbox 1014 963 1129 1017; x_wconf 83' lang='lat' dir='ltr'>quasi</span> <span class='ocrx_word' id='word_1_79' title='bbox 1160 963 1413 1018; x_wconf 81' lang='lat' dir='ltr'>explorando</span> <span class='ocrx_word' id='word_1_80' title='bbox 1444 963 1714 1006; x_wconf 84' lang='lat' dir='ltr'>insidiaturus</span> 
     </span>
     <span class='ocr_line' id='line_1_11' title="bbox 181 1030 1713 1086; baseline -0.001 -13"><span class='ocrx_word' id='word_1_81' title='bbox 181 1032 330 1086; x_wconf 90' lang='lat' dir='ltr'>quibus</span> <span class='ocrx_word' id='word_1_82' title='bbox 350 1032 417 1073; x_wconf 91' lang='lat' dir='ltr'>ille</span> <span class='ocrx_word' id='word_1_83' title='bbox 435 1031 590 1073; x_wconf 89' lang='lat' dir='ltr'>deliciis</span> <span class='ocrx_word' id='word_1_84' title='bbox 610 1030 653 1071; x_wconf 89' lang='lat' dir='ltr'>in</span> <span class='ocrx_word' id='word_1_85' title='bbox 673 1030 822 1071; x_wconf 89' lang='lat' dir='ltr'>ultima</span> <span class='ocrx_word' id='word_1_86' title='bbox 842 1034 1054 1071; x_wconf 89' lang='lat' dir='ltr'>senectute</span> <span class='ocrx_word' id='word_1_87' title='bbox 1073 1044 1220 1085; x_wconf 89' lang='lat' dir='ltr'>corpus</span> <span class='ocrx_word' id='word_1_88' title='bbox 1239 1030 1504 1085; x_wconf 81' lang='lat' dir='ltr'>corruptibile</span> <span class='ocrx_word' id='word_1_89' title='bbox 1525 1030 1713 1084; x_wconf 84' lang='lat' dir='ltr'>saginare</span> 
     </span>
     <span class='ocr_line' id='line_1_12' title="bbox 182 1095 1713 1154; baseline -0.001 -15"><span class='ocrx_word' id='word_1_90' title='bbox 182 1098 504 1154; x_wconf 79' lang='lat' dir='ltr'>praesumpserit.</span> <span class='ocrx_word' id='word_1_91' title='bbox 575 1096 697 1150; x_wconf 75' lang='lat' dir='ltr'>Quod</span> <span class='ocrx_word' id='word_1_92' title='bbox 728 1096 796 1138; x_wconf 91' lang='lat' dir='ltr'>ille</span> <span class='ocrx_word' id='word_1_93' title='bbox 827 1096 971 1138; x_wconf 88' lang='lat' dir='ltr'>statim</span> <span class='ocrx_word' id='word_1_94' title='bbox 1002 1096 1243 1151; x_wconf 86' lang='lat' dir='ltr'>percipiens,</span> <span class='ocrx_word' id='word_1_95' title='bbox 1272 1111 1341 1138; x_wconf 90' lang='lat' dir='ltr'>vas</span> <span class='ocrx_word' id='word_1_96' title='bbox 1373 1095 1490 1146; x_wconf 87' lang='lat' dir='ltr'>illud,</span> <span class='ocrx_word' id='word_1_97' title='bbox 1524 1111 1618 1137; x_wconf 89' lang='lat' dir='ltr'>cum</span> <span class='ocrx_word' id='word_1_98' title='bbox 1648 1096 1713 1138; x_wconf 88' lang='lat' dir='ltr'>his</span> 
     </span>
     <span class='ocr_line' id='line_1_13' title="bbox 182 1160 1714 1219; baseline -0.003 -12"><span class='ocrx_word' id='word_1_99' title='bbox 182 1180 272 1219; x_wconf 86' lang='lat' dir='ltr'>quae</span> <span class='ocrx_word' id='word_1_100' title='bbox 293 1165 625 1214; x_wconf 83' lang='lat' dir='ltr'>continebantur,</span> <span class='ocrx_word' id='word_1_101' title='bbox 643 1162 789 1205; x_wconf 87' lang='lat' dir='ltr'>effudit</span> <span class='ocrx_word' id='word_1_102' title='bbox 807 1180 818 1211; x_wconf 89' lang='lat'>;</span> <span class='ocrx_word' id='word_1_103' title='bbox 857 1167 899 1204; x_wconf 90' lang='lat' dir='ltr'>et</span> <span class='ocrx_word' id='word_1_104' title='bbox 920 1162 1101 1203; x_wconf 91' lang='lat' dir='ltr'>obducto</span> <span class='ocrx_word' id='word_1_105' title='bbox 1122 1162 1276 1217; x_wconf 86' lang='lat' dir='ltr'>pallore</span> <span class='ocrx_word' id='word_1_106' title='bbox 1297 1162 1436 1204; x_wconf 87' lang='lat' dir='ltr'>vultus</span> <span class='ocrx_word' id='word_1_107' title='bbox 1457 1160 1714 1218; x_wconf 88' lang='lat' dir='ltr'>superficiem</span> 
     </span>
     <span class='ocr_line' id='line_1_14' title="bbox 182 1228 1713 1286; baseline -0.002 -13"><span class='ocrx_word' id='word_1_108' title='bbox 182 1231 364 1286; x_wconf 90' lang='lat' dir='ltr'>undique</span> <span class='ocrx_word' id='word_1_109' title='bbox 388 1230 696 1273; x_wconf 87' lang='lat' dir='ltr'>transmutavit.</span> <span class='ocrx_word' id='word_1_110' title='bbox 768 1229 1037 1279; x_wconf 87' lang='lat' dir='ltr'>Adolescens,</span> <span class='ocrx_word' id='word_1_111' title='bbox 1062 1228 1131 1283; x_wconf 88' lang='lat' dir='ltr'>qui</span> <span class='ocrx_word' id='word_1_112' title='bbox 1156 1228 1397 1270; x_wconf 87' lang='lat' dir='ltr'>consederat</span> <span class='ocrx_word' id='word_1_113' title='bbox 1422 1234 1464 1270; x_wconf 92' lang='lat' dir='ltr'>et</span> <span class='ocrx_word' id='word_1_114' title='bbox 1491 1229 1579 1270; x_wconf 89' lang='lat' dir='ltr'>haec</span> <span class='ocrx_word' id='word_1_115' title='bbox 1601 1229 1713 1271; x_wconf 91' lang='lat' dir='ltr'>vide-</span> 
     </span>
     <span class='ocr_line' id='line_1_15' title="bbox 183 1295 1713 1350; baseline -0.003 -11"><span class='ocrx_word' id='word_1_116' title='bbox 183 1298 270 1348; x_wconf 89' lang='lat' dir='ltr'>bat,</span> <span class='ocrx_word' id='word_1_117' title='bbox 305 1302 419 1338; x_wconf 88' lang='lat' dir='ltr'>totus</span> <span class='ocrx_word' id='word_1_118' title='bbox 447 1296 676 1345; x_wconf 90' lang='lat' dir='ltr'>intremuit,</span> <span class='ocrx_word' id='word_1_119' title='bbox 709 1296 805 1350; x_wconf 86' lang='lat' dir='ltr'>quia</span> <span class='ocrx_word' id='word_1_120' title='bbox 834 1309 1046 1349; x_wconf 85' lang='lat' dir='ltr'>nunquam</span> <span class='ocrx_word' id='word_1_121' title='bbox 1081 1295 1214 1350; x_wconf 88' lang='lat' dir='ltr'>magis</span> <span class='ocrx_word' id='word_1_122' title='bbox 1248 1299 1462 1350; x_wconf 88' lang='lat' dir='ltr'>praeventu</span> <span class='ocrx_word' id='word_1_123' title='bbox 1498 1295 1713 1337; x_wconf 88' lang='lat' dir='ltr'>subitaneo</span> 
     </span>
     <span class='ocr_line' id='line_1_16' title="bbox 184 1361 1714 1415; baseline -0.002 -10"><span class='ocrx_word' id='word_1_124' title='bbox 184 1363 501 1405; x_wconf 72' lang='lat' dir='ltr'>2terribiliorem</span> <span class='ocrx_word' id='word_1_125' title='bbox 535 1378 577 1404; x_wconf 91' lang='lat' dir='ltr'>se</span> <span class='ocrx_word' id='word_1_126' title='bbox 613 1361 821 1410; x_wconf 73' lang='lat' dir='ltr'>ostendit3</span> <span class='ocrx_word' id='word_1_127' title='bbox 856 1361 925 1415; x_wconf 88' lang='lat' dir='ltr'>qui</span> <span class='ocrx_word' id='word_1_128' title='bbox 957 1361 1186 1402; x_wconf 88' lang='lat' dir='ltr'>diutissime</span> <span class='ocrx_word' id='word_1_129' title='bbox 1218 1376 1311 1402; x_wconf 88' lang='lat' dir='ltr'>cum</span> <span class='ocrx_word' id='word_1_130' title='bbox 1343 1376 1391 1402; x_wconf 92' lang='lat' dir='ltr'>eo</span> <span class='ocrx_word' id='word_1_131' title='bbox 1427 1361 1641 1402; x_wconf 91' lang='lat' dir='ltr'>contendit</span> <span class='ocrx_word' id='word_1_132' title='bbox 1672 1366 1714 1402; x_wconf 90' lang='lat' dir='ltr'>et</span> 
     </span>
     <span class='ocr_line' id='line_1_17' title="bbox 186 1427 1713 1483; baseline -0.002 -12"><span class='ocrx_word' id='word_1_133' title='bbox 186 1428 385 1480; x_wconf 80' lang='lat' dir='ltr'>conflixit,</span> <span class='ocrx_word' id='word_1_134' title='bbox 409 1434 451 1471; x_wconf 92' lang='lat' dir='ltr'>et</span> <span class='ocrx_word' id='word_1_135' title='bbox 486 1429 567 1471; x_wconf 89' lang='lat' dir='ltr'>diei</span> <span class='ocrx_word' id='word_1_136' title='bbox 590 1428 718 1483; x_wconf 89' lang='lat' dir='ltr'>ipsius</span> <span class='ocrx_word' id='word_1_137' title='bbox 747 1428 869 1469; x_wconf 89' lang='lat' dir='ltr'>horas</span> <span class='ocrx_word' id='word_1_138' title='bbox 900 1427 1057 1481; x_wconf 89' lang='lat' dir='ltr'>aliquot</span> <span class='ocrx_word' id='word_1_139' title='bbox 1081 1427 1124 1468; x_wconf 90' lang='lat' dir='ltr'>in</span> <span class='ocrx_word' id='word_1_140' title='bbox 1156 1427 1460 1468; x_wconf 82' lang='lat' dir='ltr'>concertatione</span> <span class='ocrx_word' id='word_1_141' title='bbox 1491 1427 1713 1483; x_wconf 81' lang='lat' dir='ltr'>protraxit.</span> 
     </span>
     <span class='ocr_line' id='line_1_18' title="bbox 187 1492 1715 1550; baseline -0.002 -13"><span class='ocrx_word' id='word_1_142' title='bbox 187 1496 268 1538; x_wconf 90' lang='lat' dir='ltr'>Vir</span> <span class='ocrx_word' id='word_1_143' title='bbox 288 1512 385 1539; x_wconf 90' lang='lat' dir='ltr'>vero</span> <span class='ocrx_word' id='word_1_144' title='bbox 407 1496 487 1537; x_wconf 90' lang='lat' dir='ltr'>Dei</span> <span class='ocrx_word' id='word_1_145' title='bbox 509 1510 670 1550; x_wconf 87' lang='lat' dir='ltr'>semper</span> <span class='ocrx_word' id='word_1_146' title='bbox 691 1494 742 1535; x_wconf 92' lang='lat' dir='ltr'>ab</span> <span class='ocrx_word' id='word_1_147' title='bbox 764 1492 852 1550; x_wconf 86' lang='lat' dir='ltr'>ejus</span> <span class='ocrx_word' id='word_1_148' title='bbox 873 1493 1061 1535; x_wconf 89' lang='lat' dir='ltr'>ludibriis</span> <span class='ocrx_word' id='word_1_149' title='bbox 1079 1493 1218 1535; x_wconf 91' lang='lat' dir='ltr'>oculos</span> <span class='ocrx_word' id='word_1_150' title='bbox 1239 1493 1405 1543; x_wconf 89' lang='lat' dir='ltr'>avertit,</span> <span class='ocrx_word' id='word_1_151' title='bbox 1425 1499 1466 1535; x_wconf 91' lang='lat' dir='ltr'>et</span> <span class='ocrx_word' id='word_1_152' title='bbox 1486 1494 1715 1535; x_wconf 80' lang='lat' dir='ltr'>Dominum</span> 
     </span>
     <span class='ocr_line' id='line_1_19' title="bbox 186 1559 1714 1618; baseline -0.003 -14"><span class='ocrx_word' id='word_1_153' title='bbox 186 1563 465 1618; x_wconf 84' lang='lat' dir='ltr'>interpellans,</span> <span class='ocrx_word' id='word_1_154' title='bbox 490 1576 632 1603; x_wconf 89' lang='lat' dir='ltr'>omnes</span> <span class='ocrx_word' id='word_1_155' title='bbox 667 1561 796 1616; x_wconf 88' lang='lat' dir='ltr'>pestis</span> <span class='ocrx_word' id='word_1_156' title='bbox 827 1561 954 1615; x_wconf 88' lang='lat' dir='ltr'>ipsius</span> <span class='ocrx_word' id='word_1_157' title='bbox 980 1560 1181 1602; x_wconf 89' lang='lat' dir='ltr'>versutias</span> <span class='ocrx_word' id='word_1_158' title='bbox 1202 1560 1310 1602; x_wconf 86' lang='lat' dir='ltr'>virili</span> <span class='ocrx_word' id='word_1_159' title='bbox 1340 1565 1506 1615; x_wconf 89' lang='lat' dir='ltr'>pectore</span> <span class='ocrx_word' id='word_1_160' title='bbox 1536 1559 1714 1601; x_wconf 89' lang='lat' dir='ltr'>declina-</span> 
     </span>
     <span class='ocr_line' id='line_1_20' title="bbox 187 1624 1717 1683; baseline -0.003 -12"><span class='ocrx_word' id='word_1_161' title='bbox 187 1630 262 1671; x_wconf 86' lang='lat' dir='ltr'>vit.</span> <span class='ocrx_word' id='word_1_162' title='bbox 324 1629 510 1683; x_wconf 86' lang='lat' dir='ltr'>Eratque</span> <span class='ocrx_word' id='word_1_163' title='bbox 547 1627 726 1682; x_wconf 89' lang='lat' dir='ltr'>corporis</span> <span class='ocrx_word' id='word_1_164' title='bbox 760 1626 887 1682; x_wconf 90' lang='lat' dir='ltr'>ipsius</span> <span class='ocrx_word' id='word_1_165' title='bbox 918 1627 1074 1682; x_wconf 89' lang='lat' dir='ltr'>species</span> <span class='ocrx_word' id='word_1_166' title='bbox 1104 1626 1219 1668; x_wconf 89' lang='lat' dir='ltr'>velut</span> <span class='ocrx_word' id='word_1_167' title='bbox 1253 1626 1360 1668; x_wconf 91' lang='lat' dir='ltr'>sacci</span> <span class='ocrx_word' id='word_1_168' title='bbox 1391 1624 1564 1682; x_wconf 83' lang='lat' dir='ltr'>alicujus</span> <span class='ocrx_word' id='word_1_169' title='bbox 1594 1626 1717 1681; x_wconf 90' lang='lat' dir='ltr'>plena</span> 
     </span>
     <span class='ocr_line' id='line_1_21' title="bbox 187 1692 1716 1750; baseline -0.003 -13"><span class='ocrx_word' id='word_1_170' title='bbox 187 1695 409 1750; x_wconf 86' lang='lat' dir='ltr'>congeries,</span> <span class='ocrx_word' id='word_1_171' title='bbox 445 1710 534 1749; x_wconf 89' lang='lat' dir='ltr'>quae</span> <span class='ocrx_word' id='word_1_172' title='bbox 566 1695 645 1735; x_wconf 86' lang='lat' dir='ltr'>hac</span> <span class='ocrx_word' id='word_1_173' title='bbox 681 1698 723 1734; x_wconf 92' lang='lat' dir='ltr'>et</span> <span class='ocrx_word' id='word_1_174' title='bbox 764 1693 857 1734; x_wconf 90' lang='lat' dir='ltr'>illac</span> <span class='ocrx_word' id='word_1_175' title='bbox 893 1692 1201 1748; x_wconf 86' lang='lat' dir='ltr'>praecipitanter</span> <span class='ocrx_word' id='word_1_176' title='bbox 1233 1692 1426 1734; x_wconf 89' lang='lat' dir='ltr'>irruendo</span> <span class='ocrx_word' id='word_1_177' title='bbox 1459 1692 1641 1741; x_wconf 84' lang='lat' dir='ltr'>saltavit,</span> <span class='ocrx_word' id='word_1_178' title='bbox 1674 1696 1716 1733; x_wconf 89' lang='lat' dir='ltr'>et</span> 
     </span>
     <span class='ocr_line' id='line_1_22' title="bbox 188 1757 1716 1817; baseline -0.003 -14"><span class='ocrx_word' id='word_1_179' title='bbox 188 1762 307 1817; x_wconf 89' lang='lat' dir='ltr'>plura</span> <span class='ocrx_word' id='word_1_180' title='bbox 337 1760 601 1816; x_wconf 87' lang='lat' dir='ltr'>blasphemiae</span> <span class='ocrx_word' id='word_1_181' title='bbox 622 1760 750 1802; x_wconf 89' lang='lat' dir='ltr'>verba</span> <span class='ocrx_word' id='word_1_182' title='bbox 780 1759 929 1814; x_wconf 84' lang='lat' dir='ltr'>saepius</span> <span class='ocrx_word' id='word_1_183' title='bbox 960 1759 1003 1800; x_wconf 92' lang='lat' dir='ltr'>in</span> <span class='ocrx_word' id='word_1_184' title='bbox 1031 1758 1111 1800; x_wconf 93' lang='lat' dir='ltr'>Dei</span> <span class='ocrx_word' id='word_1_185' title='bbox 1143 1774 1307 1801; x_wconf 91' lang='lat' dir='ltr'>servum</span> <span class='ocrx_word' id='word_1_186' title='bbox 1331 1757 1549 1814; x_wconf 85' lang='lat' dir='ltr'>jaculavit.</span> <span class='ocrx_word' id='word_1_187' title='bbox 1611 1758 1716 1800; x_wconf 87' lang='lat' dir='ltr'>Post</span> 
     </span>
     <span class='ocr_line' id='line_1_23' title="bbox 188 1824 1717 1883; baseline -0.003 -14"><span class='ocrx_word' id='word_1_188' title='bbox 188 1827 350 1869; x_wconf 89' lang='lat' dir='ltr'>infinita</span> <span class='ocrx_word' id='word_1_189' title='bbox 384 1826 634 1883; x_wconf 86' lang='lat' dir='ltr'>hujusmodi,</span> <span class='ocrx_word' id='word_1_190' title='bbox 669 1826 861 1868; x_wconf 87' lang='lat' dir='ltr'>confusus</span> <span class='ocrx_word' id='word_1_191' title='bbox 902 1825 1067 1881; x_wconf 88' lang='lat' dir='ltr'>proprio</span> <span class='ocrx_word' id='word_1_192' title='bbox 1109 1825 1323 1866; x_wconf 88' lang='lat' dir='ltr'>conamine</span> <span class='ocrx_word' id='word_1_193' title='bbox 1366 1825 1500 1880; x_wconf 87' lang='lat' dir='ltr'>coepit,</span> <span class='ocrx_word' id='word_1_194' title='bbox 1540 1824 1717 1879; x_wconf 89' lang='lat' dir='ltr'>strepitu</span> 
     </span>
     <span class='ocr_line' id='line_1_24' title="bbox 187 1890 1717 1945; baseline -0.003 -9"><span class='ocrx_word' id='word_1_195' title='bbox 187 1894 298 1936; x_wconf 87' lang='lat' dir='ltr'>facto</span> <span class='ocrx_word' id='word_1_196' title='bbox 333 1894 530 1944; x_wconf 81' lang='lat' dir='ltr'>maximo,</span> <span class='ocrx_word' id='word_1_197' title='bbox 564 1893 606 1934; x_wconf 90' lang='lat' dir='ltr'>in</span> <span class='ocrx_word' id='word_1_198' title='bbox 639 1907 791 1935; x_wconf 89' lang='lat' dir='ltr'>vacuas</span> <span class='ocrx_word' id='word_1_199' title='bbox 823 1907 944 1934; x_wconf 84' lang='lat' dir='ltr'>auras</span> <span class='ocrx_word' id='word_1_200' title='bbox 982 1890 1147 1940; x_wconf 87' lang='lat' dir='ltr'>efferri;</span> <span class='ocrx_word' id='word_1_201' title='bbox 1186 1891 1322 1945; x_wconf 90' lang='lat' dir='ltr'>sicque</span> <span class='ocrx_word' id='word_1_202' title='bbox 1356 1891 1455 1932; x_wconf 89' lang='lat' dir='ltr'>dum</span> <span class='ocrx_word' id='word_1_203' title='bbox 1486 1891 1566 1931; x_wconf 91' lang='lat' dir='ltr'>Dei</span> <span class='ocrx_word' id='word_1_204' title='bbox 1600 1905 1717 1932; x_wconf 91' lang='lat' dir='ltr'>servo</span> 
     </span>
     <span class='ocr_line' id='line_1_25' title="bbox 188 1957 1718 2016; baseline -0.003 -14"><span class='ocrx_word' id='word_1_205' title='bbox 188 1960 422 2016; x_wconf 90' lang='lat' dir='ltr'>concupivit</span> <span class='ocrx_word' id='word_1_206' title='bbox 436 1960 619 2010; x_wconf 86' lang='lat' dir='ltr'>illudere,</span> <span class='ocrx_word' id='word_1_207' title='bbox 638 1959 818 2014; x_wconf 91' lang='lat' dir='ltr'>seipsum</span> <span class='ocrx_word' id='word_1_208' title='bbox 834 1958 999 2013; x_wconf 90' lang='lat' dir='ltr'>proprio</span> <span class='ocrx_word' id='word_1_209' title='bbox 1016 1962 1166 1998; x_wconf 87' lang='lat' dir='ltr'>conatu</span> <span class='ocrx_word' id='word_1_210' title='bbox 1187 1962 1421 2012; x_wconf 86' lang='lat' dir='ltr'>compertus</span> <span class='ocrx_word' id='word_1_211' title='bbox 1440 1962 1502 1998; x_wconf 90' lang='lat' dir='ltr'>est</span> <span class='ocrx_word' id='word_1_212' title='bbox 1516 1957 1718 1998; x_wconf 89' lang='lat' dir='ltr'>derisione</span> 
     </span>
     <span class='ocr_line' id='line_1_26' title="bbox 188 2022 1718 2082; baseline -0.003 -14"><span class='ocrx_word' id='word_1_213' title='bbox 188 2027 359 2082; x_wconf 86' lang='lat' dir='ltr'>dignum</span> <span class='ocrx_word' id='word_1_214' title='bbox 391 2026 690 2081; x_wconf 87' lang='lat' dir='ltr'>comprobasse.</span> <span class='ocrx_word' id='word_1_215' title='bbox 761 2024 986 2078; x_wconf 90' lang='lat' dir='ltr'>Nunquam</span> <span class='ocrx_word' id='word_1_216' title='bbox 1016 2023 1125 2065; x_wconf 91' lang='lat' dir='ltr'>enim</span> <span class='ocrx_word' id='word_1_217' title='bbox 1157 2023 1313 2065; x_wconf 90' lang='lat' dir='ltr'>diutius</span> <span class='ocrx_word' id='word_1_218' title='bbox 1347 2023 1485 2078; x_wconf 90' lang='lat' dir='ltr'>potuit</span> <span class='ocrx_word' id='word_1_219' title='bbox 1519 2023 1606 2064; x_wconf 89' lang='lat' dir='ltr'>viro</span> <span class='ocrx_word' id='word_1_220' title='bbox 1637 2022 1718 2063; x_wconf 89' lang='lat' dir='ltr'>Dei</span> 
     </span>
     <span class='ocr_line' id='line_1_27' title="bbox 188 2087 1718 2147; baseline -0.004 -12"><span class='ocrx_word' id='word_1_221' title='bbox 188 2093 377 2135; x_wconf 89' lang='lat' dir='ltr'>resistere</span> <span class='ocrx_word' id='word_1_222' title='bbox 409 2107 532 2146; x_wconf 89' lang='lat' dir='ltr'>quam</span> <span class='ocrx_word' id='word_1_223' title='bbox 565 2091 652 2147; x_wconf 86' lang='lat' dir='ltr'>ipse</span> <span class='ocrx_word' id='word_1_224' title='bbox 686 2090 826 2133; x_wconf 89' lang='lat' dir='ltr'>divino</span> <span class='ocrx_word' id='word_1_225' title='bbox 861 2090 1038 2131; x_wconf 89' lang='lat' dir='ltr'>Nomine</span> <span class='ocrx_word' id='word_1_226' title='bbox 1072 2089 1188 2131; x_wconf 89' lang='lat' dir='ltr'>illum</span> <span class='ocrx_word' id='word_1_227' title='bbox 1228 2087 1422 2144; x_wconf 83' lang='lat' dir='ltr'>adjurans</span> <span class='ocrx_word' id='word_1_228' title='bbox 1457 2088 1718 2144; x_wconf 87' lang='lat' dir='ltr'>praecepisset</span> 
     </span>
     <span class='ocr_line' id='line_1_28' title="bbox 189 2158 444 2202; baseline -0.012 0"><span class='ocrx_word' id='word_1_229' title='bbox 189 2158 444 2202; x_wconf 83' lang='lat' dir='ltr'>3abscedere.</span> 
     </span>
    </p>
   </div>
   <div class='ocr_carea' id='block_1_4' title="bbox 187 2265 1719 2729">
    <p class='ocr_par' dir='ltr' id='par_1_4' title="bbox 237 2265 921 2311">
     <span class='ocr_line' id='line_1_29' title="bbox 237 2265 921 2311; baseline -0.001 -10"><span class='ocrx_word' id='word_1_230' title='bbox 237 2269 245 2287; x_wconf 90' lang='lat'><strong>¹</strong></span> <span class='ocrx_word' id='word_1_231' title='bbox 273 2268 314 2301; x_wconf 89' lang='lat' dir='ltr'>In</span> <span class='ocrx_word' id='word_1_232' title='bbox 331 2267 388 2301; x_wconf 90' lang='lat' dir='ltr'>the</span> <span class='ocrx_word' id='word_1_233' title='bbox 407 2266 502 2301; x_wconf 85' lang='lat' dir='ltr'>Harl.</span> <span class='ocrx_word' id='word_1_234' title='bbox 521 2266 596 2299; x_wconf 83' lang='lat' dir='ltr'>MS.</span> <span class='ocrx_word' id='word_1_235' title='bbox 613 2266 751 2311; x_wconf 86' lang='lat' dir='ltr'>chapter</span> <span class='ocrx_word' id='word_1_236' title='bbox 770 2265 921 2301; x_wconf 89' lang='lat' dir='ltr'>CXXV.</span> 
     </span>
    </p>

    <p class='ocr_par' dir='ltr' id='par_1_5' title="bbox 234 2311 846 2357">
     <span class='ocr_line' id='line_1_30' title="bbox 234 2311 846 2357; baseline -0.003 -10"><span class='ocrx_word' id='word_1_237' title='bbox 234 2315 247 2335; x_wconf 80' lang='lat'><strong>2</strong></span> <span class='ocrx_word' id='word_1_238' title='bbox 271 2311 543 2357; x_wconf 72' lang='lat' dir='ltr'>Terribiliorem]</span> <span class='ocrx_word' id='word_1_239' title='bbox 572 2312 776 2355; x_wconf 86' lang='lat' dir='ltr'>Terribilior,</span> <span class='ocrx_word' id='word_1_240' title='bbox 800 2313 846 2346; x_wconf 89' lang='lat' dir='ltr'>H.</span> 
     </span>
    </p>

    <p class='ocr_par' dir='ltr' id='par_1_6' title="bbox 187 2356 1719 2729">
     <span class='ocr_line' id='line_1_31' title="bbox 236 2356 1718 2406; baseline -0.003 -12"><span class='ocrx_word' id='word_1_241' title='bbox 236 2361 248 2380; x_wconf 81' lang='lat'>³</span> <span class='ocrx_word' id='word_1_242' title='bbox 265 2359 472 2406; x_wconf 62' lang='lat' dir='ltr'>Abscedera]</span> <span class='ocrx_word' id='word_1_243' title='bbox 501 2361 521 2378; x_wconf 78' lang='lat'>‘⁴</span> <span class='ocrx_word' id='word_1_244' title='bbox 535 2359 742 2392; x_wconf 82' lang='lat' dir='ltr'>Refeetionis</span> <span class='ocrx_word' id='word_1_245' title='bbox 769 2365 919 2404; x_wconf 86' lang='lat' dir='ltr'>tempore</span> <span class='ocrx_word' id='word_1_246' title='bbox 947 2358 1085 2392; x_wconf 85' lang='lat' dir='ltr'>sedebat</span> <span class='ocrx_word' id='word_1_247' title='bbox 1114 2357 1297 2404; x_wconf 83' lang='lat' dir='ltr'>praedictus</span> <span class='ocrx_word' id='word_1_248' title='bbox 1322 2357 1517 2391; x_wconf 85' lang='lat' dir='ltr'>adolescens</span> <span class='ocrx_word' id='word_1_249' title='bbox 1536 2363 1569 2390; x_wconf 90' lang='lat' dir='ltr'>et</span> <span class='ocrx_word' id='word_1_250' title='bbox 1587 2356 1718 2390; x_wconf 87' lang='lat' dir='ltr'>discum</span> 
     </span>
     <span class='ocr_line' id='line_1_32' title="bbox 188 2402 1719 2452; baseline -0.003 -12"><span class='ocrx_word' id='word_1_251' title='bbox 188 2407 276 2441; x_wconf 85' lang='lat' dir='ltr'>fabae</span> <span class='ocrx_word' id='word_1_252' title='bbox 292 2406 483 2452; x_wconf 82' lang='lat' dir='ltr'>porrigebat</span> <span class='ocrx_word' id='word_1_253' title='bbox 503 2411 628 2450; x_wconf 84' lang='lat' dir='ltr'>aegroto</span> <span class='ocrx_word' id='word_1_254' title='bbox 646 2418 654 2447; x_wconf 93' lang='lat'>;</span> <span class='ocrx_word' id='word_1_255' title='bbox 681 2411 714 2438; x_wconf 85' lang='lat' dir='ltr'>et</span> <span class='ocrx_word' id='word_1_256' title='bbox 731 2411 911 2449; x_wconf 83' lang='lat' dir='ltr'>antequam</span> <span class='ocrx_word' id='word_1_257' title='bbox 936 2404 1065 2449; x_wconf 89' lang='lat' dir='ltr'>aliquid</span> <span class='ocrx_word' id='word_1_258' title='bbox 1089 2405 1168 2438; x_wconf 88' lang='lat' dir='ltr'>inde</span> <span class='ocrx_word' id='word_1_259' title='bbox 1192 2404 1403 2449; x_wconf 80' lang='lat' dir='ltr'>sumpsisset,</span> <span class='ocrx_word' id='word_1_260' title='bbox 1422 2415 1510 2446; x_wconf 86' lang='lat' dir='ltr'>ecce,</span> <span class='ocrx_word' id='word_1_261' title='bbox 1528 2415 1587 2448; x_wconf 89' lang='lat' dir='ltr'>per</span> <span class='ocrx_word' id='word_1_262' title='bbox 1609 2402 1719 2436; x_wconf 89' lang='lat' dir='ltr'>fenes-</span> 
     </span>
     <span class='ocr_line' id='line_1_33' title="bbox 189 2449 1719 2496; baseline -0.004 -9"><span class='ocrx_word' id='word_1_263' title='bbox 189 2460 274 2488; x_wconf 84' lang='lat' dir='ltr'>tram</span> <span class='ocrx_word' id='word_1_264' title='bbox 292 2453 451 2486; x_wconf 87' lang='lat' dir='ltr'>inimicus</span> <span class='ocrx_word' id='word_1_265' title='bbox 464 2451 660 2496; x_wconf 84' lang='lat' dir='ltr'>ingreditur,</span> <span class='ocrx_word' id='word_1_266' title='bbox 674 2457 706 2484; x_wconf 88' lang='lat' dir='ltr'>et</span> <span class='ocrx_word' id='word_1_267' title='bbox 720 2451 845 2484; x_wconf 84' lang='lat' dir='ltr'>lectulo</span> <span class='ocrx_word' id='word_1_268' title='bbox 858 2457 1018 2496; x_wconf 84' lang='lat' dir='ltr'>tanquam</span> <span class='ocrx_word' id='word_1_269' title='bbox 1036 2451 1163 2496; x_wconf 85' lang='lat' dir='ltr'>aliquid</span> <span class='ocrx_word' id='word_1_270' title='bbox 1178 2451 1412 2495; x_wconf 82' lang='lat' dir='ltr'>exploraturus</span> <span class='ocrx_word' id='word_1_271' title='bbox 1430 2449 1567 2483; x_wconf 83' lang='lat' dir='ltr'>assistit.</span> <span class='ocrx_word' id='word_1_272' title='bbox 1619 2449 1719 2491; x_wconf 85' lang='lat' dir='ltr'>Quod</span> 
     </span>
     <span class='ocr_line' id='line_1_34' title="bbox 189 2495 1719 2545; baseline -0.003 -13"><span class='ocrx_word' id='word_1_273' title='bbox 189 2501 261 2545; x_wconf 87' lang='lat' dir='ltr'>ipse</span> <span class='ocrx_word' id='word_1_274' title='bbox 278 2499 478 2545; x_wconf 76' lang='lat' dir='ltr'>percipiCnS,</span> <span class='ocrx_word' id='word_1_275' title='bbox 496 2510 553 2531; x_wconf 88' lang='lat' dir='ltr'>vas</span> <span class='ocrx_word' id='word_1_276' title='bbox 571 2497 655 2530; x_wconf 89' lang='lat' dir='ltr'>illud</span> <span class='ocrx_word' id='word_1_277' title='bbox 673 2509 750 2530; x_wconf 87' lang='lat' dir='ltr'>cum</span> <span class='ocrx_word' id='word_1_278' title='bbox 768 2497 821 2530; x_wconf 89' lang='lat' dir='ltr'>his</span> <span class='ocrx_word' id='word_1_279' title='bbox 839 2509 913 2541; x_wconf 88' lang='lat' dir='ltr'>quae</span> <span class='ocrx_word' id='word_1_280' title='bbox 938 2497 1142 2541; x_wconf 81' lang='lat' dir='ltr'>continebat,</span> <span class='ocrx_word' id='word_1_281' title='bbox 1161 2497 1292 2540; x_wconf 83' lang='lat' dir='ltr'>effudit,</span> <span class='ocrx_word' id='word_1_282' title='bbox 1306 2502 1340 2529; x_wconf 84' lang='lat' dir='ltr'>et</span> <span class='ocrx_word' id='word_1_283' title='bbox 1355 2496 1478 2529; x_wconf 85' lang='lat' dir='ltr'>faciem</span> <span class='ocrx_word' id='word_1_284' title='bbox 1500 2495 1626 2540; x_wconf 86' lang='lat' dir='ltr'>pallore</span> <span class='ocrx_word' id='word_1_285' title='bbox 1643 2507 1719 2528; x_wconf 88' lang='lat' dir='ltr'>mu-</span> 
     </span>
     <span class='ocr_line' id='line_1_35' title="bbox 189 2541 1719 2588; baseline -0.003 -9"><span class='ocrx_word' id='word_1_286' title='bbox 189 2546 284 2580; x_wconf 85' lang='lat' dir='ltr'>tavit.</span> <span class='ocrx_word' id='word_1_287' title='bbox 336 2545 543 2578; x_wconf 84' lang='lat' dir='ltr'>Adolescens</span> <span class='ocrx_word' id='word_1_288' title='bbox 563 2544 605 2577; x_wconf 88' lang='lat' dir='ltr'>ad</span> <span class='ocrx_word' id='word_1_289' title='bbox 622 2544 695 2577; x_wconf 82' lang='lat' dir='ltr'>haec</span> <span class='ocrx_word' id='word_1_290' title='bbox 713 2550 804 2577; x_wconf 84' lang='lat' dir='ltr'>totus</span> <span class='ocrx_word' id='word_1_291' title='bbox 830 2543 1015 2585; x_wconf 84' lang='lat' dir='ltr'>intremuit,</span> <span class='ocrx_word' id='word_1_292' title='bbox 1034 2543 1112 2587; x_wconf 87' lang='lat' dir='ltr'>quia</span> <span class='ocrx_word' id='word_1_293' title='bbox 1136 2554 1308 2588; x_wconf 88' lang='lat' dir='ltr'>nunquam</span> <span class='ocrx_word' id='word_1_294' title='bbox 1334 2542 1445 2575; x_wconf 86' lang='lat' dir='ltr'>subito</span> <span class='ocrx_word' id='word_1_295' title='bbox 1463 2541 1570 2586; x_wconf 86' lang='lat' dir='ltr'>magis</span> <span class='ocrx_word' id='word_1_296' title='bbox 1586 2541 1719 2574; x_wconf 87' lang='lat' dir='ltr'>terribi-</span> 
     </span>
     <span class='ocr_line' id='line_1_36' title="bbox 187 2587 1719 2634; baseline -0.004 -8"><span class='ocrx_word' id='word_1_297' title='bbox 187 2593 256 2626; x_wconf 88' lang='lat' dir='ltr'>lem</span> <span class='ocrx_word' id='word_1_298' title='bbox 281 2603 317 2626; x_wconf 86' lang='lat' dir='ltr'>se</span> <span class='ocrx_word' id='word_1_299' title='bbox 343 2591 501 2624; x_wconf 86' lang='lat' dir='ltr'>ostendit.</span> <span class='ocrx_word' id='word_1_300' title='bbox 551 2590 633 2624; x_wconf 88' lang='lat' dir='ltr'>Erat</span> <span class='ocrx_word' id='word_1_301' title='bbox 658 2596 771 2622; x_wconf 87' lang='lat' dir='ltr'>autem</span> <span class='ocrx_word' id='word_1_302' title='bbox 796 2589 845 2622; x_wconf 90' lang='lat' dir='ltr'>illi</span> <span class='ocrx_word' id='word_1_303' title='bbox 871 2591 1000 2634; x_wconf 85' lang='lat' dir='ltr'>speeies</span> <span class='ocrx_word' id='word_1_304' title='bbox 1026 2590 1172 2634; x_wconf 85' lang='lat' dir='ltr'>corporis</span> <span class='ocrx_word' id='word_1_305' title='bbox 1198 2589 1287 2622; x_wconf 84' lang='lat' dir='ltr'>sacci</span> <span class='ocrx_word' id='word_1_306' title='bbox 1312 2588 1411 2633; x_wconf 87' lang='lat' dir='ltr'>plena</span> <span class='ocrx_word' id='word_1_307' title='bbox 1436 2587 1618 2631; x_wconf 85' lang='lat' dir='ltr'>congeries,</span> <span class='ocrx_word' id='word_1_308' title='bbox 1644 2599 1719 2632; x_wconf 87' lang='lat' dir='ltr'>quae</span> 
     </span>
     <span class='ocr_line' id='line_1_37' title="bbox 190 2633 1719 2679; baseline -0.003 -7"><span class='ocrx_word' id='word_1_309' title='bbox 190 2639 257 2672; x_wconf 88' lang='lat' dir='ltr'>huc</span> <span class='ocrx_word' id='word_1_310' title='bbox 284 2644 317 2671; x_wconf 87' lang='lat' dir='ltr'>et</span> <span class='ocrx_word' id='word_1_311' title='bbox 344 2638 424 2671; x_wconf 89' lang='lat' dir='ltr'>illuc</span> <span class='ocrx_word' id='word_1_312' title='bbox 449 2637 572 2671; x_wconf 88' lang='lat' dir='ltr'>saliens</span> <span class='ocrx_word' id='word_1_313' title='bbox 601 2636 810 2678; x_wconf 82' lang='lat' dir='ltr'>movebatur,</span> <span class='ocrx_word' id='word_1_314' title='bbox 840 2641 873 2668; x_wconf 88' lang='lat' dir='ltr'>et</span> <span class='ocrx_word' id='word_1_315' title='bbox 900 2636 934 2668; x_wconf 88' lang='lat' dir='ltr'>in</span> <span class='ocrx_word' id='word_1_316' title='bbox 960 2636 1068 2669; x_wconf 89' lang='lat' dir='ltr'>virum</span> <span class='ocrx_word' id='word_1_317' title='bbox 1096 2635 1161 2668; x_wconf 91' lang='lat' dir='ltr'>Dei</span> <span class='ocrx_word' id='word_1_318' title='bbox 1187 2634 1406 2679; x_wconf 86' lang='lat' dir='ltr'>blasphemiae</span> <span class='ocrx_word' id='word_1_319' title='bbox 1432 2633 1532 2667; x_wconf 89' lang='lat' dir='ltr'>verba</span> <span class='ocrx_word' id='word_1_320' title='bbox 1555 2634 1719 2677; x_wconf 82' lang='lat' dir='ltr'>jactabat.</span> 
     </span>
     <span class='ocr_line' id='line_1_38' title="bbox 193 2679 1554 2729; baseline -0.004 -11"><span class='ocrx_word' id='word_1_321' title='bbox 193 2685 274 2719; x_wconf 85' lang='lat' dir='ltr'>Post</span> <span class='ocrx_word' id='word_1_322' title='bbox 291 2684 407 2729; x_wconf 84' lang='lat' dir='ltr'>longas</span> <span class='ocrx_word' id='word_1_323' title='bbox 425 2683 609 2727; x_wconf 85' lang='lat' dir='ltr'>illusiones,</span> <span class='ocrx_word' id='word_1_324' title='bbox 628 2682 764 2716; x_wconf 84' lang='lat' dir='ltr'>tandem</span> <span class='ocrx_word' id='word_1_325' title='bbox 783 2682 942 2715; x_wconf 85' lang='lat' dir='ltr'>confusus</span> <span class='ocrx_word' id='word_1_326' title='bbox 960 2681 1132 2716; x_wconf 86' lang='lat' dir='ltr'>evanuit.”</span> <span class='ocrx_word' id='word_1_327' title='bbox 1159 2682 1272 2715; x_wconf 85' lang='lat' dir='ltr'>Anon.</span> <span class='ocrx_word' id='word_1_328' title='bbox 1290 2680 1386 2715; x_wconf 85' lang='lat' dir='ltr'>Harl.</span> <span class='ocrx_word' id='word_1_329' title='bbox 1406 2679 1554 2724; x_wconf 86' lang='lat' dir='ltr'>Legend.</span> 
     </span>
    </p>
   </div>
  </div>
 </body>
</html>
