1839 3186
509 226 568 256 ET
603 225 869 257 MIRACULls
907 225 941 256 s.
968 225 1180 256 Gonmcr.
1525 214 1607 259 227

81 328 260 369 oleverat
286 326 503 367 Dominico
533 327 597 367 die
620 342 713 367 cum
741 328 917 376 nemine,
953 328 1029 368 nisi
1063 343 1156 368 cum
1188 328 1271 368 solo
1303 329 1529 376 sacerdote,
1567 335 1609 370 et

80 395 158 434 hoc
179 398 343 434 tantum
371 393 421 433 de
453 393 539 433 sola
571 398 821 434 secretorum
852 393 1110 434 conscientiae
1132 392 1218 448 ejus
1249 394 1512 444 confessione,
1536 396 1608 436 ali-

82 460 190 513 quod
212 459 457 512 colloquium
478 459 641 508 habere,
673 459 785 513 prius
807 474 942 512 quam,
969 459 1101 500 Missa
1121 459 1278 508 audita,
1302 460 1608 502 Eucharistiam

81 525 342 580 percepisset.
407 525 653 566 Morabatur
693 525 857 566 interim
890 525 1066 579 amplius
1098 526 1218 566 solito
1255 527 1480 568 monachus
1515 543 1609 569 ven-

82 596 199 632 turus
228 591 277 631 de
300 591 519 641 Dunelmo,
554 596 595 631 et
622 591 679 632 ibi
710 591 885 632 Missam
921 591 1118 641 dicturus,
1142 592 1250 632 unde
1282 592 1362 632 diei
1393 593 1494 633 hora
1519 592 1610 648 jam

81 657 302 698 festinante
333 657 469 705 tertia,
512 657 688 711 populus
724 657 792 711 qui
819 657 1056 707 advenerat,
1091 658 1260 698 domum
1294 659 1446 712 passim
1478 675 1611 714 regre-

84 723 208 773 ditur,
232 723 421 764 diffidens
447 723 625 777 aliquem
659 724 954 764 monachorum
978 739 1025 764 eo
1047 723 1112 763 die
1134 724 1202 764 illo
1225 730 1459 774 venturum,
1485 741 1510 766 a
1532 741 1610 779 quo

82 790 169 830 viro
192 790 272 830 Dei
300 790 387 844 ipso
420 789 485 830 die
520 790 653 831 Missa
683 790 900 831 diceretur.
963 789 1132 831 Cunctis
1164 790 1214 831 de
1249 791 1382 832 Missa
1405 791 1612 832 audienda

85 855 323 910 desperatis,
348 861 389 897 et
416 856 620 897 nonnullis
645 855 736 911 jam
758 856 927 896 domum
958 856 1164 910 profectis,
1197 856 1332 897 subito
1357 857 1419 898 vir
1441 858 1520 898 Dei
1542 873 1613 898 ex—

83 936 254 976 surgens
281 922 421 962 funem
455 922 664 977 corripuit,
700 922 766 963 let
799 923 904 963 sicut
936 937 1025 963 mos
1047 928 1108 963 est
1133 922 1306 963 Missam
1329 923 1515 972 dicturis,
1548 929 1612 964 ter

84 987 246 1042 signum
274 989 436 1042 pulsare
466 988 600 1043 coepit,
629 1003 779 1042 aquam
812 989 1004 1029 haustam
1040 988 1223 1042 ampulla
1254 995 1295 1029 et
1326 990 1488 1030 urceolo
1520 1006 1613 1044 pro-

83 1054 193 1103 tulit,
217 1059 258 1094 et
288 1054 440 1094 lumine
474 1069 643 1095 accenso
677 1070 846 1108 quaeque
870 1053 1123 1104 linteamina,
1153 1055 1376 1095 Missarum
1407 1056 1614 1097 solemniis

84 1120 381 1170 convenientia,
404 1120 512 1161 circa
533 1121 681 1160 Altare
707 1120 952 1174 composuit.
1015 1119 1142 1174 Cujus
1172 1121 1231 1161 rei
1254 1120 1354 1161 visio
1385 1122 1537 1162 multos
1571 1123 1614 1162 in

83 1191 292 1240 stuporem
315 1186 519 1228 convertit
537 1203 547 1234 ;
576 1186 775 1240 quosdam
796 1201 893 1227 vero
911 1186 980 1239 qui
1000 1184 1086 1240 ejus
1102 1187 1424 1228 conversationis
1444 1188 1614 1229 modum

82 1257 296 1301 noverant,
319 1252 373 1292 ad
394 1253 674 1293 contuendum
702 1257 829 1293 tantae
854 1252 912 1292 rei
936 1251 1097 1292 exitum
1127 1267 1343 1306 suspensos
1372 1254 1510 1294 animo
1541 1269 1613 1295 ex-

82 1318 193 1359 tulit.
256 1318 582 1372 Perquirensque
611 1317 778 1373 juvenis
808 1318 875 1358 ille
906 1317 1005 1371 quid
1033 1318 1299 1372 praesignaret
1322 1319 1431 1372 quod
1452 1320 1615 1374 signum

84 1384 251 1438 pulsans
272 1389 438 1425 tantum
470 1385 578 1425 circa
602 1384 750 1425 Altare
772 1383 987 1425 ²01¹natum
1022 1389 1309 1439 praeparasset,
1332 1386 1515 1440 percepit
1536 1387 1614 1427 hoc

86 1450 122 1490 ei
158 1450 515 1492 consuetissimum
556 1466 628 1505 per
665 1450 903 1491 ³1ninistros
935 1456 975 1491 et
1013 1451 1305 1491 secretissimos
1340 1451 1437 1492 olim
1467 1453 1614 1507 saepius

84 1516 221 1567 fuisse,
253 1517 363 1571 quod
394 1517 636 1558 advertente
665 1532 711 1558 eo
739 1517 781 1557 in
812 1516 959 1571 spiritu
990 1516 1246 1557 sacerdotem
1281 1517 1517 1569 adventare,
1557 1519 1614 1560 sic

85 1584 342 1625 consueverit
378 1598 551 1637 quaeque
587 1583 792 1637 condigna
824 1583 1146 1624 sacerdotalibus
1187 1581 1330 1624 officiis
1368 1599 1612 1638 praeparare.

86 1649 208 1701 Quod
228 1649 368 1691 volens
391 1649 513 1690 citius
537 1649 758 1698 dinoscere,
783 1664 886 1703 equo
908 1664 1087 1699 ascenso,
1111 1654 1231 1689 extra
1251 1649 1362 1690 silvae
1391 1649 1492 1691 fines
1523 1666 1614 1704 pro-

83 1730 246 1769 gressus
283 1715 405 1770 coepit
443 1715 639 1756 curiosius
676 1714 948 1769 4i11vestiga1²e
982 1720 1122 1755 utrum
1158 1713 1331 1770 alicujus
1367 1714 1613 1758 ⁵sacerdotis

83 1781 288 1822 adventus
312 1780 454 1822 obvios
474 1781 675 1835 potuisset
697 1781 961 1835 deprendere.
1024 1781 1082 1821 Et
1104 1796 1211 1830 0000,
1234 1781 1370 1822 subito
1392 1783 1613 1836 quemdam

83 1846 134 1886 de
178 1852 286 1887 coetu
328 1847 623 1887 monachorum
660 1847 1002 1887 Dunelmensium
1043 1846 1207 1888 obviam
1244 1847 1407 1895 habuit,
1441 1849 1510 1902 qui
1544 1848 1613 1888 illo

84 1912 264 1954 directus
285 1913 434 1954 Missas
454 1912 509 1953 ibi
523 1913 803 1954 celebraturus
823 1912 1017 1959 advenit;
1046 1928 1140 1953 cum
1162 1927 1252 1966 quc,
1277 1918 1417 1954 tamen
1439 1914 1612 1955 nimium

83 1978 324 2029 admiratus,
347 1978 484 2027 rediit,
515 1978 614 2020 satis
637 1978 749 2033 apud
770 1994 812 2020 se
834 1979 1090 2033 perpendens
1111 1973 1313 2019 6dilucide
1336 1979 1433 2033 quid
1455 1980 1613 2021 sonitus

83 2060 155 2099 per
175 2044 306 2086 virum
329 2045 409 2085 Dei
427 2045 560 2086 factus
580 2044 904 2099 praesignaverit.

144 2111 165 2164 ᾗ
186 2113 283 2151 215.
320 2111 475 2152 Induto
496 2111 666 2151 tandem
693 2110 918 2161 sacerdote,
943 2116 984 2151 et
998 2109 1088 2165 jam
1121 2111 1253 2153 Missa
1273 2112 1381 2152 circa
1414 2111 1612 2166 Epistolae

84 2176 267 2230 legendae
307 2177 530 2218 terminum
559 2181 817 2231 properante,
854 2177 917 2218 vir
950 2177 1029 2218 Dei
1063 2178 1205 2218 statim
1239 2178 1438 2219 accedens
1466 2178 1519 2218 ad
1544 2176 1612 2232 ju-

85 2257 230 2283 venem
253 2243 459 2283 innuendo
487 2243 699 2284 multoties
727 2243 924 2297 praecepit
960 2248 1006 2284 ut
1029 2243 1273 2297 Epistolam,
1297 2249 1461 2298 arrepto
1494 2244 1610 2294 libro,

84 2308 249 2362 legeret,
275 2314 316 2349 et
337 2324 458 2363 opere
477 2307 724 2363 perficiendo
738 2307 829 2363 jam
842 2324 922 2350 non
948 2324 990 2350 se
1011 2309 1184 2350 ulterius
1208 2310 1371 2359 laicum,
1386 2310 1457 2351 sed
1475 2310 1612 2364 potius

84 2374 327 2423 litteratum,
367 2375 525 2415 cunctis
561 2374 809 2415 ostenderet.
882 2375 999 2416 Licet
1033 2375 1160 2429 igitur
1191 2375 1233 2415 in
1266 2391 1308 2417 se
1345 2376 1538 2417 confusus
1571 2382 1611 2416 et

85 2440 341 2494 stupefactus
371 2440 594 2494 plurimum
616 2440 837 2490 erubuerit,
860 2440 1031 2482 timidus
1051 2446 1192 2481 tamen
1220 2441 1404 2490 accessit,
1438 2447 1480 2482 et
1513 2441 1611 2496 Epi-

86 2507 234 2551 stolam
256 2521 345 2560 quae
361 2506 512 2547 dicitur
539 2510 565 2528 ‘⁴
589 2506 709 2547 Misit
730 2521 804 2547 rex
831 2506 1061 2557 Herodes,”'
1083 2522 1221 2547 coram
1244 2508 1402 2548 cunctis
1423 2507 1610 2562 perlegit.

133 2615 141 2634 ¹
164 2615 210 2648 Et
228 2614 342 2661 sicut]
372 2615 415 2648 Et
434 2615 521 2648 sicut
539 2615 683 2648 Missam
702 2614 864 2658 dicturus,
886 2615 934 2648 H.

131 2661 144 2680 ²
164 2661 356 2706 Ornatam]
383 2661 492 2694 Tanta
509 2667 716 2704 ornamenta,
738 2660 784 2694 H.

131 2707 144 2725 ³
165 2707 342 2741 ZVIinistros
357 2712 390 2740 et
406 2706 657 2752 secretissimos]
686 2706 864 2740 Ministros
882 2708 955 2750 ejus
973 2707 1232 2746 secretissimos,
1254 2708 1302 2741 H.

132 2753 145 2773 ‘²
171 2753 400 2798 Investigare]
441 2753 514 2786 The
546 2764 686 2797 passage
718 2753 902 2797 beginning
934 2753 1015 2786 with
1049 2753 1116 2786 this
1150 2753 1241 2786 word
1274 2752 1340 2786 and
1374 2752 1497 2796 ending
1530 2753 1611 2786 with

88 2800 109 2816 ‘⁴
121 2799 329 2832 sacerdotis”
347 2799 375 2832 is
393 2799 526 2832 written
543 2810 633 2844 upon
650 2810 693 2831 an
711 2810 843 2831 erasure
862 2799 896 2831 in
918 2798 964 2832 H.

130 2846 142 2862 5
160 2845 371 2890 Βουπάρης]
395 2845 584 2878 Sacerdotis
602 2845 766 2877 venientis
786 2844 896 2877 vultus
914 2844 1040 2887 obvios,
1062 2844 1108 2878 H.

131 2891 143 2911 ὓ
165 2890 346 2936 ΒίΙη(ἰέΙι>.]
376 2891 416 2923 111
438 2891 479 2923 Β.
497 2902 586 2934 upon
604 2902 645 2923 an
664 2902 808 2932 erasure,
826 2890 885 2923 but
904 2902 947 2922 110
967 2890 1127 2923 variation
1146 2890 1179 2922 111
1204 2890 1247 2924 H.
