1839 3186
175 181 229 219 48
702 190 939 223 LIBELLUS
976 191 1040 223 DE
1076 190 1192 223 VITA

174 293 370 348 exceptis,
395 292 599 334 Dominus
628 291 827 334 seniorem
858 309 998 336 eorum
1028 294 1124 335 vitae
1152 292 1311 335 meritis
1343 307 1603 334 renumerare
1625 291 1705 333 dis·
1747 297 1749 299 ’

175 361 325 415 posuit,
366 364 407 401 et
440 360 609 401 alterius
637 361 879 402 constantiae
914 360 1038 402 fidem
1077 376 1149 415 per
1185 360 1312 415 ipsius
1329 360 1489 401 obitum
1520 374 1705 414 compro·

172 428 270 468 bare
299 427 465 482 delegit.
500 426 647 481 Itaque
674 427 819 468 mortis
844 428 1061 483 languores
1098 428 1134 468 ei
1152 427 1416 482 gravissimos
1440 426 1593 476 intulit,
1615 425 1704 480 qui-

172 494 249 535 bus
282 495 318 535 01
346 494 442 536 vitae
467 494 640 535 coelestis
668 493 806 536 aditus
828 510 1006 536 reserare
1029 494 1259 549 disposuit3
1294 494 1404 548 quod
1423 493 1551 535 frater
1563 492 1705 549 junior

173 559 406 617 conjiciens,
440 565 646 615 noctuque
681 576 729 602 ac
761 561 826 602 die
861 561 1065 610 insistens,
1096 566 1213 602 tanto
1252 560 1294 601 in
1325 559 1412 616 ejus
1444 559 1706 602 administrae

172 628 285 669 tione
307 627 517 669 sollicitior
547 632 635 668 erat
659 631 783 681 atque
819 628 1013 682 paratior,
1041 632 1194 681 quanto
1221 627 1330 669 illius
1350 626 1567 668 infirmitas
1591 631 1706 681 pate-

172 694 245 735 bat
281 694 367 735 fore
402 693 565 749 gravior
603 699 727 748 atque
758 694 1042 749 importunior.
1113 693 1320 734 Audierat
1362 693 1525 748 quidem
1559 693 1706 734 Domi-

172 776 272 802 num
294 776 366 816 per
381 760 506 802 verba
532 759 545 781 ¹
564 759 815 815 Evangelica
836 761 1149 815 promittentem
1166 765 1207 800 et
1225 759 1443 809 dicentem,
1468 764 1493 782 ‘⁶
1512 759 1707 801 Infirmus

172 827 245 877 fui,
266 833 306 869 et
323 826 519 869 visitastis
538 826 652 877 Me,''
670 831 726 875 et,
753 830 777 848 “
796 826 917 879 Quod
934 827 1070 868 11111οΧ
1086 826 1266 867 minimis
1287 826 1389 868 meis
1407 826 1576 875 fecistis,
1597 826 1706 867 Mihi

172 893 367 935 fecistis.''
439 893 598 946 Quibus
650 892 816 934 monitis
847 893 1078 935 coelestibus
1115 893 1450 948 obtemperanter
1495 893 1707 942 obediens,

173 960 304 1015 magis
338 959 388 1000 de
420 959 528 1001 socio
561 958 795 1001 infirmante
824 960 1053 1001 curandum
1090 959 1265 1001 credidit
1287 975 1410 1014 quam
1444 960 1495 1001 de
1523 975 1565 1001 se
1599 959 1707 1014 cogi-

174 1027 349 1068 tandum
380 1026 457 1068 sibi
486 1026 736 1081 procuravit.
800 1026 948 1081 Itaque
975 1026 1164 1068 omnibus
1193 1027 1300 1068 curis
1327 1026 1418 1068 aliis
1448 1026 1704 1076 intermissis,

173 1093 392 1148 aegrotanti
427 1098 548 1134 110010
574 1098 615 1134 01
649 1093 714 1134 (110
744 1092 965 1143 assidebat,
999 1098 1040 1135 et
1073 1108 1194 1134 omne
1231 1093 1267 1134 ei
1290 1093 1563 1135 humanitatis
1591 1093 1707 1134 obse-

173 1160 315 1215 quium
348 1159 514 1201 sedulus
548 1159 827 1214 impendebat.
914 1160 1179 1201 Lamentanti
1224 1164 1264 1200 et
1304 1160 1390 1214 ipse
1424 1160 1708 1201 conlacrimari

173 1242 256 1268 non
284 1226 417 1276 desiit,
455 1225 675 1281 suspiranti
706 1241 947 1282 responsum
979 1242 1072 1267 cum
1110 1226 1321 1267 desolabili
1351 1226 1587 1281 congemitu
1617 1226 1707 1267 red-

175 1293 295 1343 didit,
329 1293 506 1334 residere
531 1293 697 1334 conanti
727 1294 944 1348 amplexus
976 1293 1123 1334 devote
1149 1293 1376 1348 subposuit,
1410 1308 1573 1348 gressus
1605 1292 1709 1333 inni-

174 1360 280 1401 tenti
306 1365 346 1401 et
380 1359 448 1400 ille
474 1374 546 1414 pes
578 1360 682 1400 alius
715 1360 890 1409 exstitit,
921 1358 1114 1401 esurienti
1146 1359 1258 1400 cibos
1286 1359 1327 1400 in
1356 1375 1424 1400 ore
1463 1360 1706 1415 composuit,

175 1426 354 1468 sitientis
385 1427 426 1468 in
447 1441 519 1467 ora
546 1431 668 1481 potus
688 1426 853 1468 infudit.
915 1426 1101 1481 Cumque
1122 1441 1195 1481 per
1227 1426 1408 1480 singulos
1430 1426 1516 1468 dies
1536 1426 1709 1481 languor

176 1494 490 1548 ingravesceret,
531 1497 572 1533 et
600 1493 713 1534 nulla
742 1493 1045 1534 conlaborantis
1082 1492 1313 1534 sollicitudo
1337 1493 1493 1547 aliquid
1519 1493 1707 1534 levamen

177 1560 354 1610 offerret,
378 1559 548 1614 quaesito
570 1559 794 1610 sacerdote,
817 1575 943 1601 sacrae
974 1559 1273 1601 communionis
1303 1559 1610 1601 Eucharistiam
1635 1574 1707 1601 suo

176 1626 308 1668 sodali
341 1627 559 1682 aegrotanti
590 1626 723 1681 petiit,
762 1631 802 1667 et
833 1627 888 1668 ad
920 1626 1096 1667 nemoris
1130 1627 1259 1667 saltus
1297 1641 1435 1667 secum
1469 1641 1589 1681 quem
1617 1641 1707 1681 per-

177 1693 373 1747 quisierat
401 1693 688 1748 presbyterum
725 1692 952 1741 conduxit3
988 1709 1067 1747 quo
1101 1692 1290 1734 sacerdos
1322 1692 1544 1734 adveniens
1569 1693 1708 1734 omnia

178 1759 502 1802 Christianitatis
536 1764 795 1801 sacramenta
826 1759 884 1800 illi
921 1759 1202 1807 contradidit,
1256 1763 1297 1799 et
1333 1764 1499 1814 peracto
1526 1759 1705 1814 negotio,

177 1827 304 1868 fratre
327 1825 492 1882 juniore
516 1825 595 1866 iter
626 1825 783 1880 praevio
814 1826 1070 1876 ostendente,
1105 1841 1198 1866 cum
1220 1825 1359 1866 labore
1381 1826 1549 1866 domum
1570 1825 1705 1867 rediit.

180 1893 416 1934 Mirabatur
459 1891 648 1934 sacerdos
685 1892 752 1933 ille
800 1892 973 1933 nimium
1015 1892 1065 1933 de
1107 1908 1248 1933 eorum
1288 1892 1543 1933 continentia
1580 1892 1707 1933 nimia

177 1966 301 2014 atque
336 1960 520 2000 ciborum
551 1959 801 2000 abstinentia
831 1959 1019 2014 plurima,
1052 1974 1127 2000 1100
1154 1974 1233 1999 11011
1267 1973 1319 1999 ex
1350 1958 1512 1999 illorum
1545 1958 1707 1999 occulta

178 2032 220 2068 et
241 2027 281 2067 in
313 2031 401 2067 tam
431 2025 583 2067 abditis
613 2024 711 2066 locis
740 2026 899 2067 cunctis
925 2025 1137 2081 incognita
1158 2025 1464 2066 conversatione
1496 2024 1703 2073 solitaria;

179 2093 250 2134 vix
287 2093 396 2134 enim
428 2091 621 2133 credebat
652 2091 709 2132 ibi
739 2107 856 2146 posse
888 2107 1134 2146 quemquam
1156 2092 1304 2141 vivere,
1337 2091 1407 2132 ubi
1435 2107 1517 2146 prae
1539 2091 1707 2132 fremitu

181 2160 371 2214 luporum
408 2158 521 2199 nulla
556 2158 752 2200 valuisset
787 2159 980 2213 spelunca
1011 2158 1278 2200 subterranea
1314 2158 1556 2212 quandoque
1595 2157 1708 2198 inde-

179 2225 365 2280 praedata
398 2225 540 2265 latere.
623 2224 745 2265 Siluit
778 2230 919 2266 tamen
952 2224 1141 2266 sacerdos
1182 2229 1223 2265 et
1254 2233 1457 2265 secretum
1492 2223 1640 2274 tenuit,
1667 2229 1708 2265 et

181 2292 262 2333 Dei
283 2291 473 2332 miranda
494 2305 618 2345 opera
638 2291 679 2331 in
701 2291 798 2345 ipsis
820 2291 1093 2332 collaudando
1115 2290 1130 2311 2
1143 2289 1401 2345 glorificavit.

237 2359 349 2411 §33
384 2357 577 2412 Languor
618 2356 792 2411 denique
833 2357 1002 2399 senioris
1042 2373 1113 2412 per
1154 2356 1240 2398 dies
1282 2356 1473 2407 accrevit,
1513 2361 1553 2397 01
1593 2361 1708 2398 artus

227 2479 237 2498 ¹
262 2477 475 2521 Evangelica.
523 2479 557 2512 S.
577 2479 701 2513 Matth.
722 2491 802 2514 xxv,
821 2482 876 2513 36.

225 2525 238 2543 ²
257 2524 481 2570 Glorg'sicavit.
529 2525 623 2558 Thus
652 2525 811 2570 abridged
841 2525 874 2558 in
902 2525 960 2558 the
992 2525 1151 2558 Harlcian
1180 2538 1389 2571 anonymous
1416 2526 1556 2570 legend:
1585 2527 1607 2545 ‘⁶
1626 2526 1705 2559 Post

178 2571 306 2604 biennii
331 2577 465 2616 1011111115
493 2571 656 2616 elapsum,
686 2572 789 2616 0001111
819 2572 929 2605 senior
952 2572 1096 2614 graviter
1122 2572 1295 2606 infirmari.
1346 2572 1513 2605 Godricus
1543 2573 1645 2616 igitur
1674 2573 1707 2606 in

179 2618 334 2651 omnibus
352 2617 394 2651 ad
408 2618 471 2651 hoc
488 2618 625 2651 sedulus
643 2618 823 2661 ministrat,
842 2623 873 2650 et
892 2618 1017 2650 assidet
1035 2619 1220 2661 zegrotanti,
1239 2624 1275 2650 ut
1293 2619 1440 2663 seipsum
1459 2619 1707 2662 quodammodo

179 2664 327 2709 negligat
345 2669 479 2709 propter
504 2664 611 2699 illum.
661 2664 816 2697 Debilem
845 2663 1008 2707 sublevat,
1039 2670 1071 2697 et
1097 2670 1299 2708 transportat
1324 2671 1452 2708 potum,
1484 2670 1517 2697 ct
1540 2665 1633 2698 cibos
1659 2666 1707 2698 ori

179 2711 322 2755 imponit
337 2716 370 2744 ct
387 2711 543 2756 applicat.
583 2711 840 2755 Ingravescente
858 2710 986 2752 11101110,
999 2710 1233 2754 presbyterum
1248 2722 1325 2743 cum
1346 2710 1559 2744 Eucharistia
1571 2711 1708 2744 deducit

179 2768 198 2789 a
225 2757 315 2790 villa.
364 2757 443 2800 Qui,
475 2757 619 2802 peractis
648 2757 710 2790 rite
737 2756 966 2797 sacramentis,
995 2768 1071 2789 cum
1098 2756 1212 2789 labore
1242 2756 1379 2789 (1011111111
1406 2757 1594 2800 revertitur⁷
1621 2769 1708 2802 prae-

178 2803 319 2836 cedente
344 2809 378 2836 et
403 2804 465 2836 iter
490 2803 688 2837 ostendente
707 2803 866 2837 Godrico.
916 2802 1061 2835 Miratur
1092 2802 1227 2847 quidem
1254 2803 1437 2847 plurimum
1466 2803 1641 2849 presbyter
1666 2804 1707 2837 de

179 2855 248 2882 tam
263 2855 378 2883 saneta
395 2855 428 2882 et
446 2856 514 2883 tam
532 2850 702 2894 incognita
719 2849 971 2883 conversatione
989 2848 1140 2890 illorum3
1168 2849 1224 2881 vix
1244 2849 1383 2882 credens
1400 2856 1534 2894 propter
1551 2850 1706 2895 luporum

178 2895 414 2940 frequentiam,
433 2896 521 2940 quod
540 2896 584 2929 ibi
603 2901 717 2940 posset
735 2895 856 2939 aliquis
877 2895 1066 2928 habitare.”
