1839 3186
210 165 293 205 334
726 171 961 203 LIBELLUS
997 171 1061 202 DE
1096 170 1213 202 VITA

210 277 375 333 negotio
408 277 630 332 persoluto,
655 275 822 316 domum
857 275 1048 330 pedester
1068 274 1302 316 itinerarius
1323 274 1443 324 solus,
1467 288 1605 315 secum
1626 274 1738 315 nullo

209 344 372 394 comite,
408 343 634 385 remeabat.
696 342 802 383 Cum
841 341 969 396 igitur
1010 340 1102 396 jam
1142 341 1200 382 sic
1238 341 1418 382 civitatis
1452 340 1602 381 moenia
1644 355 1737 395 per-

210 410 437 459 transisset,
476 414 517 450 et
548 408 758 449 modicum
790 408 889 462 quid
918 408 1076 449 itineris
1115 407 1351 462 peregisset,
1390 411 1509 448 tanta
1549 405 1737 461 segnitiei

209 477 328 518 molis
363 475 622 531 gradientem
657 474 866 528 corripuit,
903 474 1013 528 quod
1054 473 1224 514 alternis
1262 473 1414 527 pedum
1446 472 1628 513 motibus
1665 471 1738 513 vix

209 542 381 584 ulterius
414 542 588 596 vestigia
623 540 821 581 direxisse
848 540 1042 594 potuerit.
1106 539 1202 580 Ibat
1237 539 1376 593 itaque
1412 554 1483 593 per
1520 538 1630 579 viam
1657 539 1739 579 huc

210 610 387 663 illucque
423 612 620 648 nutanter
655 606 825 647 devians
863 610 904 646 et
935 605 1208 646 exorbitando
1245 605 1453 655 vacillans,
1496 620 1605 645 nunc
1645 619 1737 659 pro-

210 675 400 730 grediens
422 679 463 715 et
485 672 728 727 quandoque
750 671 996 726 regrediens,
1021 676 1062 712 et
1088 686 1235 725 parum
1265 670 1559 725 proficiscendo
1597 670 1736 711 1itine-

209 742 278 783 ris.
350 741 412 781 At
433 740 491 779 illi
521 739 676 779 diutius
696 737 889 778 reluctari
919 742 1103 787 conatus,
1126 752 1213 779 sese
1236 737 1286 777 de
1307 735 1543 792 hujusmodi
1567 736 1739 791 segnitie

211 807 397 849 evolvere
419 805 597 860 cupivit;
623 803 695 845 sed
716 803 772 844 sic
795 803 1055 844 colluctando
1078 809 1119 844 et
1140 803 1247 845 vires
1272 803 1544 858 reprimendo,
1569 802 1740 843 tandem

212 889 237 915 a
264 873 411 915 somnii
444 877 608 926 torpore
631 870 821 925 spiritum
851 870 1040 911 cohibere
1058 885 1141 910 non
1161 870 1296 924 potuit
1318 887 1328 918 3
1360 868 1530 925 jamque
1551 868 1740 923 gradien-

212 940 267 981 tis
307 944 422 980 artus
460 938 751 992 fatigaverant,
787 941 828 977 et
872 936 1027 991 soporis
1060 941 1202 991 torpor
1238 951 1332 977 cum
1370 936 1581 976 immensae
1622 935 1741 976 molis

212 1005 434 1061 gravedine
466 1004 634 1059 spiritus
664 1003 774 1044 illius
796 1003 902 1045 vires
931 1002 1184 1044 debilitando
1216 1006 1467 1057 pervaserat.
1529 1001 1628 1042 Uno
1658 1001 1742 1042 fere

212 1072 388 1114 miliario
410 1072 467 1113 sic
488 1070 667 1125 expleto,
683 1068 773 1124 jain
795 1069 850 1110 ad
877 1084 1022 1110 nemus
1051 1069 1232 1111 vicinum
1253 1073 1448 1117 venerat,
1483 1073 1524 1109 et
1543 1068 1586 1109 in
1606 1067 1743 1108 medio

214 1139 336 1193 regiae
370 1138 446 1179 viae
475 1142 604 1178 strato
643 1136 697 1176 ad
733 1135 908 1178 Crucem
940 1135 1252 1193 adventaverat,
1289 1134 1405 1190 cujus
1435 1134 1560 1190 2signi
1596 1134 1744 1175 titulus

213 1204 498 1246 itinerantium
531 1202 774 1244 diverticula
801 1202 993 1243 alleviare
1024 1207 1304 1243 consueverat.
1375 1201 1457 1254 Qui
1490 1216 1610 1255 super
1631 1200 1745 1241 collis

216 1271 482 1312 altitudinem
512 1269 554 1309 in
585 1268 749 1310 sublimi
780 1268 934 1309 vertice
965 1268 1239 1323 prominebat,
1262 1268 1372 1309 unde
1403 1267 1596 1309 facillime
1616 1266 1745 1308 totius

217 1337 399 1379 civitatis
442 1336 559 1383 situs,
602 1339 644 1375 et
673 1335 813 1375 multae
850 1334 1027 1389 regionis
1062 1334 1171 1375 illius
1207 1334 1387 1376 ambitus
1427 1334 1543 1387 quasi
1574 1333 1744 1374 inferius

219 1404 390 1458 positus,
429 1401 634 1457 provideri
677 1401 793 1441 oculo
825 1406 866 1441 et
914 1400 1153 1455 perlustrari
1196 1399 1448 1441 3contuentis
1478 1399 1743 1454 praevalebat.

220 1470 305 1511 Hic
322 1469 374 1510 ab
392 1468 539 1509 itinere
557 1467 764 1508 divertens
785 1466 839 1507 ad
860 1466 1029 1507 frutices
1049 1467 1227 1507 nemoris
1260 1466 1446 1516 accessit,
1468 1466 1540 1506 ubi
1562 1465 1745 1520 aliquan-

217 1537 352 1577 tulum
374 1535 530 1575 umbrae
552 1532 772 1588 operientis
788 1532 864 1573 sibi
880 1537 1021 1587 patere
1042 1532 1184 1587 fugam
1214 1533 1408 1587 repperit.
1479 1531 1633 1572 Domni
1659 1531 1746 1585 qui-

219 1602 314 1643 dem
345 1601 406 1642 sui
427 1615 526 1641 vasa
545 1599 709 1640 modica
730 1598 783 1639 ad
803 1597 1028 1640 flasconum
1052 1598 1363 1639 similitudinem
1384 1598 1612 1653 composita
1627 1597 1749 1652 plena

218 1668 373 1722 liquore
405 1666 566 1716 bullito,
605 1665 708 1706 collo
740 1665 1061 1714 circumtulerat,
1094 1679 1168 1719 pro
1203 1680 1377 1718 quorum
1409 1665 1519 1705 furto
1550 1664 1615 1705 vel
1643 1663 1748 1704 forte

218 1733 412 1789 periculo,
450 1733 528 1774 sibi
559 1731 782 1787 plurimum
816 1730 1080 1772 formidabat.
1133 1730 1259 1771 Unde
1296 1730 1391 1784 quia
1414 1728 1506 1785 jam
1540 1730 1695 1771 diutius
1726 1744 1751 1770 a

220 1815 362 1842 somno
384 1814 425 1840 se
447 1803 678 1852 temperare
712 1812 795 1837 non
830 1796 978 1851 potuit,
1006 1796 1249 1837 declinando
1283 1797 1497 1851 paululum
1518 1796 1571 1837 ad
1606 1810 1750 1836 nemus

220 1866 454 1907 collaterale
486 1864 684 1911 divertit3
719 1878 843 1916 quare
873 1861 1071 1904 flascones
1095 1862 1205 1917 ipsos
1233 1862 1458 1904 cervicibus
1486 1862 1567 1903 suis
1602 1862 1751 1916 subpo-

221 1932 315 1982 suit,
340 1936 381 1972 et
405 1931 462 1972 sic
483 1930 733 1971 decumbens
755 1944 896 1970 somno
918 1928 1066 1982 quietis
1090 1928 1274 1970 indulsit.
1337 1928 1432 1969 Non
1453 1928 1562 1969 enim
1580 1927 1753 1968 ulterius

221 1998 369 2053 pedem
395 2012 560 2038 movere
605 2000 780 2050 poterat,
827 1994 900 2036 sed
930 1995 1016 2036 sola
1044 1994 1152 2035 mole
1192 1994 1426 2049 gravedinis
1455 1999 1749 2049 praegravatus,

221 2064 337 2117 quasi
358 2068 524 2104 coactns
546 2067 587 2103 et
608 2061 763 2103 invitus
780 2061 837 2102 ibi
859 2076 900 2102 se
915 2060 1127 2115 paululum
1145 2061 1367 2114 quieturus,
1382 2065 1425 2100 at
1446 2065 1587 2101 tamen
1608 2060 1752 2101 statim

222 2134 366 2184 postea
389 2129 644 2183 digressurus
666 2127 774 2176 inde,
798 2126 965 2180 quievit.
1038 2126 1341 2180 Indignabatur
1372 2131 1513 2167 tamen
1533 2126 1611 2167 sibi
1629 2125 1754 2180 pluri-

221 2210 348 2244 mum,
375 2194 485 2248 quod
511 2194 686 2235 virtutes
712 2193 841 2233 totius
872 2192 1051 2247 corporis
1081 2192 1138 2233 sic
1168 2192 1374 2242 amiserat,
1409 2197 1451 2233 et
1481 2191 1578 2246 quia
1602 2191 1678 2232 sibi
1710 2191 1753 2232 in

222 2261 333 2301 nullo
356 2260 607 2301 dominando
630 2259 831 2313 imperare
851 2263 1068 2312 potueram
1091 2257 1163 2299 sed
1182 2258 1268 2299 sola
1285 2258 1471 2299 socordia
1491 2257 1751 2312 praevalente,

224 2332 313 2367 toto
349 2341 516 2380 corpore
552 2325 792 2380 diriguerat.
863 2324 968 2365 Erat
998 2339 1145 2379 nempe
1175 2340 1257 2364 non
1288 2324 1464 2379 amplius
1496 2338 1619 2378 quam
1652 2323 1755 2363 hora

226 2393 307 2434 diei
339 2392 500 2433 circiter
530 2391 676 2447 prima,
715 2395 756 2431 et
787 2390 1077 2432 inconveniens
1100 2390 1316 2432 videbatur
1347 2405 1433 2431 esse
1464 2389 1538 2430 tali
1568 2394 1753 2444 tempore

226 2459 374 2513 quietis
407 2457 676 2512 indulgentia.
739 2457 892 2497 Somno
931 2456 1059 2511 igitur
1097 2456 1322 2511 depressus,
1354 2456 1496 2497 statim
1526 2456 1570 2496 in
1603 2454 1754 2495 mentis

226 2540 398 2566 excessu
432 2524 566 2565 factus
601 2528 675 2573 est,
708 2527 750 2563 et
775 2523 859 2563 sive
892 2523 933 2562 in
965 2538 1132 2576 corpore
1161 2523 1225 2563 vel
1253 2527 1373 2563 extra
1400 2536 1545 2576 corpus
1580 2523 1750 2575 positus,

228 2591 309 2632 Dei
331 2591 552 2632 visionibus
572 2589 711 2630 taliter
731 2588 911 2643 “potitus
931 2594 1007 2629 est.

276 2691 284 2709 ¹
306 2689 474 2735 Itineris]
503 2690 680 2732 Itinerans,
702 2688 749 2721 H.
809 2687 822 2708 ²³
840 2687 935 2732 Signi
953 2685 1097 2731 titulus]
1126 2686 1188 2719 Sec
1206 2686 1261 2719 Du
1281 2685 1407 2730 Gange,
1433 2685 1545 2719 Gloss.
1562 2685 1596 2719 ii.
1613 2687 1713 2719 1192.

274 2738 287 2756 ³
306 2736 512 2771 Concae—ntis.
561 2735 761 2768 Contuentis
776 2734 879 2777 radio,
901 2733 948 2766 H.

273 2783 286 2802 ⁴
305 2783 440 2816 Potitus
456 2735 532 2827 est}
562 2781 633 2814 The
651 2792 749 2814 anon.
770 2780 865 2813 Harl.
887 2779 1008 2823 legend
1027 2779 1105 2811 thus
1126 2783 1274 2811 narratcs
1296 2777 1353 2811 the
1377 2778 1547 2811 incident:
1575 2777 1755 2819 “Quidam

227 2828 422 2862 adolescens
437 2834 545 2869 aetate,
564 2827 623 2860 sed
636 2838 765 2860 morum
779 2826 944 2870 probitate
957 2831 1117 2865 maturus,
1132 2824 1189 2856 viri
1204 2824 1309 2857 sancti
1325 2823 1519 2857 ministeriis
1533 2823 1677 2856 fideliter
1689 2823 1757 2856 sin-

226 2875 332 2918 gulari
349 2874 522 2918 diligentia
536 2879 568 2906 ct
581 2873 808 2906 sollicitudine
825 2871 1000 2905 serviebat.
1029 2871 1096 2904 Hic
1113 2876 1247 2915 propter
1263 2870 1435 2914 negotium
1449 2870 1617 2915 profectus
1630 2868 1757 2902 Dunel-
