<?xml version="1.0" encoding="UTF-8"?>
<!DOCTYPE html PUBLIC "-//W3C//DTD XHTML 1.0 Transitional//EN"
    "http://www.w3.org/TR/xhtml1/DTD/xhtml1-transitional.dtd">
<html xmlns="http://www.w3.org/1999/xhtml" xml:lang="en" lang="en">
 <head>
  <title>
</title>
<meta http-equiv="Content-Type" content="text/html;charset=utf-8" />
  <meta name='ocr-system' content='tesseract 3.04.00' />
  <meta name='ocr-capabilities' content='ocr_page ocr_carea ocr_par ocr_line ocrx_word'/>
</head>
<body>
  <div class='ocr_page' id='page_1' title='image "./libellusdevitaet00regi_0402.png"; bbox 0 0 1839 3186; ppageno 0'>
   <div class='ocr_carea' id='block_1_1' title="bbox 225 187 1226 229">
    <p class='ocr_par' dir='ltr' id='par_1_1' title="bbox 225 187 1226 229">
     <span class='ocr_line' id='line_1_1' title="bbox 225 187 1226 229; baseline -0.002 0"><span class='ocrx_word' id='word_1_1' title='bbox 225 187 313 229; x_wconf 88' lang='grc'>356.</span> <span class='ocrx_word' id='word_1_2' title='bbox 743 195 975 227; x_wconf 83' lang='lat' dir='ltr'>LIBELLUS</span> <span class='ocrx_word' id='word_1_3' title='bbox 1011 196 1076 227; x_wconf 88' lang='lat' dir='ltr'>DE</span> <span class='ocrx_word' id='word_1_4' title='bbox 1112 196 1226 227; x_wconf 88' lang='lat' dir='ltr'>VITA</span> 
     </span>
    </p>
   </div>
   <div class='ocr_carea' id='block_1_2' title="bbox 221 300 1778 1550">
    <p class='ocr_par' dir='ltr' id='par_1_2' title="bbox 223 300 1755 687">
     <span class='ocr_line' id='line_1_2' title="bbox 223 300 1753 356; baseline 0.001 -14"><span class='ocrx_word' id='word_1_5' title='bbox 223 301 433 343; x_wconf 69' lang='lat' dir='ltr'>habebas?</span> <span class='ocrx_word' id='word_1_6' title='bbox 494 301 651 342; x_wconf 88' lang='lat' dir='ltr'>Taliter</span> <span class='ocrx_word' id='word_1_7' title='bbox 688 302 796 342; x_wconf 90' lang='lat' dir='ltr'>bona</span> <span class='ocrx_word' id='word_1_8' title='bbox 832 301 977 342; x_wconf 90' lang='lat' dir='ltr'>domus</span> <span class='ocrx_word' id='word_1_9' title='bbox 1015 316 1115 342; x_wconf 86' lang='lat' dir='ltr'>meae</span> <span class='ocrx_word' id='word_1_10' title='bbox 1146 301 1330 342; x_wconf 89' lang='lat' dir='ltr'>clanculo</span> <span class='ocrx_word' id='word_1_11' title='bbox 1372 300 1572 356; x_wconf 88' lang='lat' dir='ltr'>diripiunt</span> <span class='ocrx_word' id='word_1_12' title='bbox 1605 306 1646 343; x_wconf 88' lang='lat' dir='ltr'>et</span> <span class='ocrx_word' id='word_1_13' title='bbox 1683 317 1753 343; x_wconf 83' lang='lat' dir='ltr'>ex-</span> 
     </span>
     <span class='ocr_line' id='line_1_3' title="bbox 225 367 1754 423; baseline 0 -15"><span class='ocrx_word' id='word_1_14' title='bbox 225 373 407 423; x_wconf 87' lang='lat' dir='ltr'>portant,</span> <span class='ocrx_word' id='word_1_15' title='bbox 438 373 478 410; x_wconf 90' lang='lat' dir='ltr'>et</span> <span class='ocrx_word' id='word_1_16' title='bbox 502 368 591 409; x_wconf 81' lang='lat' dir='ltr'>haec</span> <span class='ocrx_word' id='word_1_17' title='bbox 614 384 680 409; x_wconf 88' lang='lat' dir='ltr'>me</span> <span class='ocrx_word' id='word_1_18' title='bbox 704 367 868 422; x_wconf 89' lang='lat' dir='ltr'>penitus</span> <span class='ocrx_word' id='word_1_19' title='bbox 898 368 1085 422; x_wconf 79' lang='lat' dir='ltr'>ignorare</span> <span class='ocrx_word' id='word_1_20' title='bbox 1118 383 1166 409; x_wconf 89' lang='lat' dir='ltr'>ac</span> <span class='ocrx_word' id='word_1_21' title='bbox 1198 369 1353 409; x_wconf 88' lang='lat' dir='ltr'>nescire</span> <span class='ocrx_word' id='word_1_22' title='bbox 1386 368 1575 423; x_wconf 74' lang='lat' dir='ltr'>putant.”</span> <span class='ocrx_word' id='word_1_23' title='bbox 1637 368 1754 409; x_wconf 85' lang='lat' dir='ltr'>Tune</span> 
     </span>
     <span class='ocr_line' id='line_1_4' title="bbox 225 434 1755 489; baseline 0 -14"><span class='ocrx_word' id='word_1_24' title='bbox 225 434 451 488; x_wconf 75' lang='lat' dir='ltr'>praedictus</span> <span class='ocrx_word' id='word_1_25' title='bbox 485 435 614 475; x_wconf 88' lang='lat' dir='ltr'>frater</span> <span class='ocrx_word' id='word_1_26' title='bbox 648 435 912 475; x_wconf 86' lang='lat' dir='ltr'>vehementer</span> <span class='ocrx_word' id='word_1_27' title='bbox 947 435 1172 489; x_wconf 73' lang='lat' dir='ltr'>obstupuit,</span> <span class='ocrx_word' id='word_1_28' title='bbox 1213 440 1254 475; x_wconf 89' lang='lat' dir='ltr'>et</span> <span class='ocrx_word' id='word_1_29' title='bbox 1292 434 1401 488; x_wconf 91' lang='lat' dir='ltr'>quod</span> <span class='ocrx_word' id='word_1_30' title='bbox 1435 450 1577 475; x_wconf 91' lang='lat' dir='ltr'>verum</span> <span class='ocrx_word' id='word_1_31' title='bbox 1610 434 1755 476; x_wconf 86' lang='lat' dir='ltr'>fuisset</span> 
     </span>
     <span class='ocr_line' id='line_1_5' title="bbox 226 500 1755 555; baseline -0.001 -13"><span class='ocrx_word' id='word_1_32' title='bbox 226 501 336 554; x_wconf 85' lang='lat' dir='ltr'>quod</span> <span class='ocrx_word' id='word_1_33' title='bbox 372 502 591 555; x_wconf 70' lang='lat' dir='ltr'>quaesierat</span> <span class='ocrx_word' id='word_1_34' title='bbox 625 500 881 541; x_wconf 87' lang='lat' dir='ltr'>constantius</span> <span class='ocrx_word' id='word_1_35' title='bbox 913 500 1100 554; x_wconf 84' lang='lat' dir='ltr'>protinus</span> <span class='ocrx_word' id='word_1_36' title='bbox 1135 501 1356 542; x_wconf 86' lang='lat' dir='ltr'>asserebat.</span> <span class='ocrx_word' id='word_1_37' title='bbox 1419 501 1578 555; x_wconf 81' lang='lat' dir='ltr'>Nempe</span> <span class='ocrx_word' id='word_1_38' title='bbox 1613 501 1674 542; x_wconf 90' lang='lat' dir='ltr'>ita</span> <span class='ocrx_word' id='word_1_39' title='bbox 1708 506 1755 541; x_wconf 91' lang='lat' dir='ltr'>ut</span> 
     </span>
     <span class='ocr_line' id='line_1_6' title="bbox 225 565 1753 623; baseline 0.001 -16"><span class='ocrx_word' id='word_1_40' title='bbox 225 567 425 617; x_wconf 78' lang='lat' dir='ltr'>edixerat,</span> <span class='ocrx_word' id='word_1_41' title='bbox 455 568 518 609; x_wconf 89' lang='lat' dir='ltr'>vir</span> <span class='ocrx_word' id='word_1_42' title='bbox 538 568 580 608; x_wconf 89' lang='lat' dir='ltr'>in</span> <span class='ocrx_word' id='word_1_43' title='bbox 617 582 720 621; x_wconf 90' lang='lat' dir='ltr'>equo</span> <span class='ocrx_word' id='word_1_44' title='bbox 756 565 911 608; x_wconf 86' lang='lat' dir='ltr'>subrufi</span> <span class='ocrx_word' id='word_1_45' title='bbox 950 567 1094 608; x_wconf 88' lang='lat' dir='ltr'>coloris</span> <span class='ocrx_word' id='word_1_46' title='bbox 1131 567 1326 608; x_wconf 87' lang='lat' dir='ltr'>devectus</span> <span class='ocrx_word' id='word_1_47' title='bbox 1363 582 1456 608; x_wconf 85' lang='lat' dir='ltr'>cum</span> <span class='ocrx_word' id='word_1_48' title='bbox 1484 582 1600 608; x_wconf 89' lang='lat' dir='ltr'>sacco</span> <span class='ocrx_word' id='word_1_49' title='bbox 1632 568 1753 623; x_wconf 88' lang='lat' dir='ltr'>pleno</span> 
     </span>
     <span class='ocr_line' id='line_1_7' title="bbox 226 631 1423 687; baseline 0 -13"><span class='ocrx_word' id='word_1_50' title='bbox 226 633 469 675; x_wconf 75' lang='lat' dir='ltr'>adventanti</span> <span class='ocrx_word' id='word_1_51' title='bbox 490 634 607 674; x_wconf 86' lang='lat' dir='ltr'>fratri</span> <span class='ocrx_word' id='word_1_52' title='bbox 632 633 673 674; x_wconf 90' lang='lat' dir='ltr'>in</span> <span class='ocrx_word' id='word_1_53' title='bbox 695 633 830 674; x_wconf 86' lang='lat' dir='ltr'>medio</span> <span class='ocrx_word' id='word_1_54' title='bbox 854 633 964 673; x_wconf 86' lang='lat' dir='ltr'>horti</span> <span class='ocrx_word' id='word_1_55' title='bbox 989 631 1075 687; x_wconf 82' lang='lat' dir='ltr'>ejus</span> <span class='ocrx_word' id='word_1_56' title='bbox 1096 633 1155 673; x_wconf 91' lang='lat' dir='ltr'>illi</span> <span class='ocrx_word' id='word_1_57' title='bbox 1177 638 1423 674; x_wconf 84' lang='lat' dir='ltr'>occurrerat.</span> 
     </span>
    </p>

    <p class='ocr_par' dir='ltr' id='par_1_3' title="bbox 221 698 1778 1550">
     <span class='ocr_line' id='line_1_8' title="bbox 286 698 1754 754; baseline 0.001 -15"><span class='ocrx_word' id='word_1_58' title='bbox 286 699 445 741; x_wconf 85' lang='lat' dir='ltr'>Iterum</span> <span class='ocrx_word' id='word_1_59' title='bbox 483 700 525 740; x_wconf 91' lang='lat' dir='ltr'>in</span> <span class='ocrx_word' id='word_1_60' title='bbox 558 699 699 754; x_wconf 81' lang='lat' dir='ltr'>vigilia</span> <span class='ocrx_word' id='word_1_61' title='bbox 734 699 895 740; x_wconf 87' lang='lat' dir='ltr'>Natalis</span> <span class='ocrx_word' id='word_1_62' title='bbox 923 698 1106 749; x_wconf 80' lang='lat' dir='ltr'>Domini,</span> <span class='ocrx_word' id='word_1_63' title='bbox 1138 704 1360 741; x_wconf 85' lang='lat' dir='ltr'>nocturnas</span> <span class='ocrx_word' id='word_1_64' title='bbox 1395 699 1451 740; x_wconf 92' lang='lat' dir='ltr'>ibi</span> <span class='ocrx_word' id='word_1_65' title='bbox 1484 703 1754 741; x_wconf 78' lang='lat' dir='ltr'>exsecuturus</span> 
     </span>
     <span class='ocr_line' id='line_1_9' title="bbox 226 765 1754 820; baseline 0.001 -14"><span class='ocrx_word' id='word_1_66' title='bbox 226 766 397 820; x_wconf 81' lang='lat' dir='ltr'>vigilias,</span> <span class='ocrx_word' id='word_1_67' title='bbox 421 782 524 820; x_wconf 91' lang='lat' dir='ltr'>equo</span> <span class='ocrx_word' id='word_1_68' title='bbox 548 766 834 819; x_wconf 78' lang='lat' dir='ltr'>undecumque</span> <span class='ocrx_word' id='word_1_69' title='bbox 869 765 1104 819; x_wconf 87' lang='lat' dir='ltr'>perquisitO,</span> <span class='ocrx_word' id='word_1_70' title='bbox 1139 765 1235 806; x_wconf 89' lang='lat' dir='ltr'>illuc</span> <span class='ocrx_word' id='word_1_71' title='bbox 1271 765 1379 806; x_wconf 89' lang='lat' dir='ltr'>eirca</span> <span class='ocrx_word' id='word_1_72' title='bbox 1411 766 1555 806; x_wconf 86' lang='lat' dir='ltr'>horam</span> <span class='ocrx_word' id='word_1_73' title='bbox 1591 780 1754 820; x_wconf 86' lang='lat' dir='ltr'>crepus-</span> 
     </span>
     <span class='ocr_line' id='line_1_10' title="bbox 225 831 1755 887; baseline 0.001 -16"><span class='ocrx_word' id='word_1_74' title='bbox 225 832 304 872; x_wconf 89' lang='lat' dir='ltr'>culi</span> <span class='ocrx_word' id='word_1_75' title='bbox 330 831 532 887; x_wconf 83' lang='lat' dir='ltr'>proficisci</span> <span class='ocrx_word' id='word_1_76' title='bbox 565 832 735 883; x_wconf 83' lang='lat' dir='ltr'>debuit3</span> <span class='ocrx_word' id='word_1_77' title='bbox 768 831 840 873; x_wconf 89' lang='lat' dir='ltr'>sed</span> <span class='ocrx_word' id='word_1_78' title='bbox 873 846 1000 884; x_wconf 87' lang='lat' dir='ltr'>equus</span> <span class='ocrx_word' id='word_1_79' title='bbox 1023 847 1121 872; x_wconf 80' lang='lat' dir='ltr'>mox</span> <span class='ocrx_word' id='word_1_80' title='bbox 1156 831 1197 872; x_wconf 89' lang='grc'>11]</span> <span class='ocrx_word' id='word_1_81' title='bbox 1229 832 1374 873; x_wconf 87' lang='lat' dir='ltr'>itinere</span> <span class='ocrx_word' id='word_1_82' title='bbox 1402 832 1559 886; x_wconf 88' lang='lat' dir='ltr'>positus</span> <span class='ocrx_word' id='word_1_83' title='bbox 1595 847 1755 887; x_wconf 84' lang='lat' dir='ltr'>semper</span> 
     </span>
     <span class='ocr_line' id='line_1_11' title="bbox 223 897 1753 953; baseline 0.001 -15"><span class='ocrx_word' id='word_1_84' title='bbox 223 902 270 938; x_wconf 91' lang='lat' dir='ltr'>ut</span> <span class='ocrx_word' id='word_1_85' title='bbox 296 913 436 940; x_wconf 88' lang='lat' dir='ltr'>amens</span> <span class='ocrx_word' id='word_1_86' title='bbox 468 898 509 939; x_wconf 90' lang='lat' dir='ltr'>in</span> <span class='ocrx_word' id='word_1_87' title='bbox 544 898 667 947; x_wconf 72' lang='lat' dir='ltr'>invio,</span> <span class='ocrx_word' id='word_1_88' title='bbox 702 903 743 939; x_wconf 86' lang='lat' dir='ltr'>et</span> <span class='ocrx_word' id='word_1_89' title='bbox 766 913 848 939; x_wconf 91' lang='lat' dir='ltr'>non</span> <span class='ocrx_word' id='word_1_90' title='bbox 881 898 923 938; x_wconf 91' lang='lat' dir='ltr'>in</span> <span class='ocrx_word' id='word_1_91' title='bbox 955 897 1033 947; x_wconf 83' lang='lat' dir='ltr'>via,</span> <span class='ocrx_word' id='word_1_92' title='bbox 1065 898 1269 939; x_wconf 83' lang='lat' dir='ltr'>divertere</span> <span class='ocrx_word' id='word_1_93' title='bbox 1306 898 1440 953; x_wconf 85' lang='lat' dir='ltr'>coepit,</span> <span class='ocrx_word' id='word_1_94' title='bbox 1472 913 1547 939; x_wconf 86' lang='lat' dir='ltr'>nec</span> <span class='ocrx_word' id='word_1_95' title='bbox 1582 898 1753 940; x_wconf 81' lang='lat' dir='ltr'>habenis</span> 
     </span>
     <span class='ocr_line' id='line_1_12' title="bbox 224 963 1752 1019; baseline 0.001 -15"><span class='ocrx_word' id='word_1_96' title='bbox 224 964 360 1018; x_wconf 90' lang='lat' dir='ltr'>aliquo</span> <span class='ocrx_word' id='word_1_97' title='bbox 392 965 515 1006; x_wconf 90' lang='lat' dir='ltr'>modo</span> <span class='ocrx_word' id='word_1_98' title='bbox 550 964 755 1005; x_wconf 86' lang='lat' dir='ltr'>moderari</span> <span class='ocrx_word' id='word_1_99' title='bbox 776 963 924 1019; x_wconf 87' lang='lat' dir='ltr'>potuit,</span> <span class='ocrx_word' id='word_1_100' title='bbox 952 964 1023 1005; x_wconf 89' lang='lat' dir='ltr'>sed</span> <span class='ocrx_word' id='word_1_101' title='bbox 1051 979 1212 1019; x_wconf 86' lang='lat' dir='ltr'>semper</span> <span class='ocrx_word' id='word_1_102' title='bbox 1230 980 1302 1019; x_wconf 88' lang='lat' dir='ltr'>per</span> <span class='ocrx_word' id='word_1_103' title='bbox 1328 964 1541 1019; x_wconf 80' lang='lat' dir='ltr'>praecipita</span> <span class='ocrx_word' id='word_1_104' title='bbox 1571 964 1752 1006; x_wconf 87' lang='lat' dir='ltr'>divertit.</span> 
     </span>
     <span class='ocr_line' id='line_1_13' title="bbox 225 1029 1751 1085; baseline 0.001 -15"><span class='ocrx_word' id='word_1_105' title='bbox 225 1029 350 1071; x_wconf 88' lang='lat' dir='ltr'>Unde</span> <span class='ocrx_word' id='word_1_106' title='bbox 392 1032 463 1072; x_wconf 80' lang='lat' dir='ltr'>vix</span> <span class='ocrx_word' id='word_1_107' title='bbox 503 1031 588 1072; x_wconf 87' lang='lat' dir='ltr'>vita</span> <span class='ocrx_word' id='word_1_108' title='bbox 620 1031 782 1080; x_wconf 86' lang='lat' dir='ltr'>comite,</span> <span class='ocrx_word' id='word_1_109' title='bbox 825 1029 914 1084; x_wconf 81' lang='lat' dir='ltr'>jam</span> <span class='ocrx_word' id='word_1_110' title='bbox 953 1037 1238 1071; x_wconf 87' lang='lat' dir='ltr'>consummata</span> <span class='ocrx_word' id='word_1_111' title='bbox 1277 1032 1410 1072; x_wconf 86' lang='lat' dir='ltr'>noctis</span> <span class='ocrx_word' id='word_1_112' title='bbox 1446 1031 1583 1084; x_wconf 86' lang='lat' dir='ltr'>aliqua</span> <span class='ocrx_word' id='word_1_113' title='bbox 1622 1035 1751 1085; x_wconf 86' lang='lat' dir='ltr'>parte,</span> 
     </span>
     <span class='ocr_line' id='line_1_14' title="bbox 222 1096 1752 1152; baseline 0.001 -15"><span class='ocrx_word' id='word_1_114' title='bbox 222 1097 350 1138; x_wconf 85' lang='lat' dir='ltr'>frater</span> <span class='ocrx_word' id='word_1_115' title='bbox 370 1097 436 1138; x_wconf 91' lang='lat' dir='ltr'>ille</span> <span class='ocrx_word' id='word_1_116' title='bbox 457 1113 503 1138; x_wconf 90' lang='lat' dir='ltr'>eo</span> <span class='ocrx_word' id='word_1_117' title='bbox 525 1097 705 1148; x_wconf 77' lang='lat' dir='ltr'>advenit,</span> <span class='ocrx_word' id='word_1_118' title='bbox 731 1102 771 1138; x_wconf 88' lang='lat' dir='ltr'>et</span> <span class='ocrx_word' id='word_1_119' title='bbox 793 1098 880 1139; x_wconf 90' lang='lat' dir='ltr'>viro</span> <span class='ocrx_word' id='word_1_120' title='bbox 903 1096 982 1137; x_wconf 90' lang='lat' dir='ltr'>Dei</span> <span class='ocrx_word' id='word_1_121' title='bbox 1008 1102 1162 1150; x_wconf 89' lang='lat' dir='ltr'>quanta</span> <span class='ocrx_word' id='word_1_122' title='bbox 1183 1098 1219 1138; x_wconf 91' lang='lat' dir='ltr'>ei</span> <span class='ocrx_word' id='word_1_123' title='bbox 1242 1097 1415 1139; x_wconf 86' lang='lat' dir='ltr'>adversa</span> <span class='ocrx_word' id='word_1_124' title='bbox 1435 1097 1476 1138; x_wconf 89' lang='lat' dir='ltr'>in</span> <span class='ocrx_word' id='word_1_125' title='bbox 1497 1098 1586 1152; x_wconf 90' lang='lat' dir='ltr'>ipso</span> <span class='ocrx_word' id='word_1_126' title='bbox 1607 1098 1752 1138; x_wconf 90' lang='lat' dir='ltr'>itinere</span> 
     </span>
     <span class='ocr_line' id='line_1_15' title="bbox 223 1163 1756 1218; baseline 0.001 -15"><span class='ocrx_word' id='word_1_127' title='bbox 223 1163 468 1205; x_wconf 85' lang='lat' dir='ltr'>accidissent</span> <span class='ocrx_word' id='word_1_128' title='bbox 507 1164 713 1218; x_wconf 79' lang='lat' dir='ltr'>exposuit.</span> <span class='ocrx_word' id='word_1_129' title='bbox 788 1163 947 1216; x_wconf 72' lang='lat' dir='ltr'>Quibus</span> <span class='ocrx_word' id='word_1_130' title='bbox 978 1163 1044 1203; x_wconf 90' lang='lat' dir='ltr'>ille</span> <span class='ocrx_word' id='word_1_131' title='bbox 1081 1164 1295 1205; x_wconf 84' lang='lat' dir='ltr'>subridens</span> <span class='ocrx_word' id='word_1_132' title='bbox 1327 1164 1398 1213; x_wconf 90' lang='lat' dir='ltr'>ait,</span> <span class='ocrx_word' id='word_1_133' title='bbox 1422 1168 1449 1186; x_wconf 70' lang='lat'>‘⁶</span> <span class='ocrx_word' id='word_1_134' title='bbox 1467 1164 1524 1204; x_wconf 79' lang='lat' dir='ltr'>Et</span> <span class='ocrx_word' id='word_1_135' title='bbox 1547 1164 1662 1218; x_wconf 74' lang='lat' dir='ltr'>ego,&#39;&#39;</span> <span class='ocrx_word' id='word_1_136' title='bbox 1691 1165 1756 1205; x_wconf 89' lang='lat' dir='ltr'>in-</span> 
     </span>
     <span class='ocr_line' id='line_1_16' title="bbox 223 1229 1752 1285; baseline 0.001 -15"><span class='ocrx_word' id='word_1_137' title='bbox 223 1230 324 1283; x_wconf 89' lang='lat' dir='ltr'>quit,</span> <span class='ocrx_word' id='word_1_138' title='bbox 350 1234 375 1251; x_wconf 63' lang='lat'>&lt;⁶</span> <span class='ocrx_word' id='word_1_139' title='bbox 395 1230 494 1272; x_wconf 86' lang='lat' dir='ltr'>satis</span> <span class='ocrx_word' id='word_1_140' title='bbox 525 1230 609 1271; x_wconf 89' lang='lat' dir='ltr'>vidi</span> <span class='ocrx_word' id='word_1_141' title='bbox 643 1235 684 1271; x_wconf 91' lang='lat' dir='ltr'>et</span> <span class='ocrx_word' id='word_1_142' title='bbox 706 1230 854 1285; x_wconf 78' lang='lat' dir='ltr'>agnovi</span> <span class='ocrx_word' id='word_1_143' title='bbox 886 1229 1088 1283; x_wconf 90' lang='lat' dir='ltr'>quomodo</span> <span class='ocrx_word' id='word_1_144' title='bbox 1119 1230 1250 1271; x_wconf 87' lang='lat' dir='ltr'>hostis</span> <span class='ocrx_word' id='word_1_145' title='bbox 1270 1231 1464 1284; x_wconf 89' lang='lat' dir='ltr'>antiquus</span> <span class='ocrx_word' id='word_1_146' title='bbox 1486 1230 1560 1271; x_wconf 91' lang='lat' dir='ltr'>tibi</span> <span class='ocrx_word' id='word_1_147' title='bbox 1582 1230 1752 1272; x_wconf 85' lang='lat' dir='ltr'>illudere</span> 
     </span>
     <span class='ocr_line' id='line_1_17' title="bbox 223 1296 1752 1353; baseline 0.001 -17"><span class='ocrx_word' id='word_1_148' title='bbox 223 1296 353 1337; x_wconf 89' lang='lat' dir='ltr'>voluit</span> <span class='ocrx_word' id='word_1_149' title='bbox 374 1311 382 1347; x_wconf 86' lang='lat'>;</span> <span class='ocrx_word' id='word_1_150' title='bbox 417 1302 457 1337; x_wconf 91' lang='lat' dir='ltr'>et</span> <span class='ocrx_word' id='word_1_151' title='bbox 480 1297 691 1338; x_wconf 86' lang='lat' dir='ltr'>servitium</span> <span class='ocrx_word' id='word_1_152' title='bbox 715 1297 807 1347; x_wconf 90' lang='lat' dir='ltr'>Dei,</span> <span class='ocrx_word' id='word_1_153' title='bbox 831 1296 939 1350; x_wconf 94' lang='lat' dir='ltr'>quod</span> <span class='ocrx_word' id='word_1_154' title='bbox 963 1296 1029 1336; x_wconf 90' lang='grc'>1110</span> <span class='ocrx_word' id='word_1_155' title='bbox 1053 1296 1236 1337; x_wconf 86' lang='lat' dir='ltr'>facturus</span> <span class='ocrx_word' id='word_1_156' title='bbox 1258 1312 1359 1345; x_wconf 85' lang='lat' dir='ltr'>eras,</span> <span class='ocrx_word' id='word_1_157' title='bbox 1382 1297 1628 1339; x_wconf 84' lang='lat' dir='ltr'>omnimodis</span> <span class='ocrx_word' id='word_1_158' title='bbox 1648 1313 1752 1353; x_wconf 89' lang='lat' dir='ltr'>prae-</span> 
     </span>
     <span class='ocr_line' id='line_1_18' title="bbox 223 1362 1778 1418; baseline 0.002 -16"><span class='ocrx_word' id='word_1_159' title='bbox 223 1362 363 1416; x_wconf 86' lang='lat' dir='ltr'>pedire</span> <span class='ocrx_word' id='word_1_160' title='bbox 399 1363 599 1406; x_wconf 62' lang='lat' dir='ltr'>eur⁴avit.”</span> <span class='ocrx_word' id='word_1_161' title='bbox 668 1363 784 1404; x_wconf 89' lang='lat' dir='ltr'>Tunc</span> <span class='ocrx_word' id='word_1_162' title='bbox 821 1363 948 1403; x_wconf 88' lang='lat' dir='ltr'>frater</span> <span class='ocrx_word' id='word_1_163' title='bbox 986 1362 1053 1402; x_wconf 90' lang='lat' dir='ltr'>ille</span> <span class='ocrx_word' id='word_1_164' title='bbox 1091 1362 1246 1416; x_wconf 87' lang='lat' dir='ltr'>liquido</span> <span class='ocrx_word' id='word_1_165' title='bbox 1281 1363 1470 1418; x_wconf 78' lang='lat' dir='ltr'>cognovit</span> <span class='ocrx_word' id='word_1_166' title='bbox 1507 1363 1615 1417; x_wconf 88' lang='lat' dir='ltr'>quod</span> <span class='ocrx_word' id='word_1_167' title='bbox 1650 1364 1778 1405; x_wconf 85' lang='lat' dir='ltr'>nihil·</span> 
     </span>
     <span class='ocr_line' id='line_1_19' title="bbox 223 1428 1753 1486; baseline 0.002 -17"><span class='ocrx_word' id='word_1_168' title='bbox 223 1428 386 1469; x_wconf 86' lang='lat' dir='ltr'>actuale</span> <span class='ocrx_word' id='word_1_169' title='bbox 417 1430 481 1470; x_wconf 86' lang='lat' dir='ltr'>vel</span> <span class='ocrx_word' id='word_1_170' title='bbox 518 1430 728 1484; x_wconf 85' lang='lat' dir='ltr'>spirituale</span> <span class='ocrx_word' id='word_1_171' title='bbox 764 1428 850 1470; x_wconf 91' lang='lat' dir='ltr'>fieri</span> <span class='ocrx_word' id='word_1_172' title='bbox 875 1429 982 1469; x_wconf 87' lang='lat' dir='ltr'>eirca</span> <span class='ocrx_word' id='word_1_173' title='bbox 1012 1428 1127 1469; x_wconf 89' lang='lat' dir='ltr'>illum</span> <span class='ocrx_word' id='word_1_174' title='bbox 1162 1429 1311 1484; x_wconf 72' lang='lat' dir='ltr'>potuit,</span> <span class='ocrx_word' id='word_1_175' title='bbox 1335 1429 1444 1483; x_wconf 87' lang='lat' dir='ltr'>quod</span> <span class='ocrx_word' id='word_1_176' title='bbox 1484 1430 1634 1472; x_wconf 87' lang='lat' dir='ltr'>notitia</span> <span class='ocrx_word' id='word_1_177' title='bbox 1666 1429 1753 1486; x_wconf 81' lang='lat' dir='ltr'>ejus</span> 
     </span>
     <span class='ocr_line' id='line_1_20' title="bbox 221 1494 668 1550; baseline 0.002 -15"><span class='ocrx_word' id='word_1_178' title='bbox 221 1494 350 1536; x_wconf 88' lang='lat' dir='ltr'>latere</span> <span class='ocrx_word' id='word_1_179' title='bbox 372 1495 383 1516; x_wconf 82' lang='lat'>¹</span> <span class='ocrx_word' id='word_1_180' title='bbox 395 1495 668 1550; x_wconf 71' lang='lat' dir='ltr'>praevaluerit.</span> 
     </span>
    </p>
   </div>
   <div class='ocr_carea' id='block_1_3' title="bbox 688 1635 1321 1642">
    <p class='ocr_par' dir='ltr' id='par_1_4' title="bbox 688 1635 1321 1642">
     <span class='ocr_line' id='line_1_21' title="bbox 688 1635 1321 1642; baseline 0 0"><span class='ocrx_word' id='word_1_181' title='bbox 688 1635 1321 1642; x_wconf 95' lang='lat' dir='ltr'> </span> 
     </span>
    </p>
   </div>
   <div class='ocr_carea' id='block_1_4' title="bbox 221 1763 1752 1859">
    <p class='ocr_par' dir='ltr' id='par_1_5' title="bbox 221 1763 1752 1859">
     <span class='ocr_line' id='line_1_22' title="bbox 221 1763 1752 1800; baseline 0.002 -13"><span class='ocrx_word' id='word_1_182' title='bbox 221 1763 306 1788; x_wconf 84' lang='grc' dir='ltr'>ΟΑΡ.</span> <span class='ocrx_word' id='word_1_183' title='bbox 341 1763 426 1789; x_wconf 87' lang='lat' dir='ltr'>XVI.</span> <span class='ocrx_word' id='word_1_184' title='bbox 460 1764 651 1793; x_wconf 89' lang='lat' dir='ltr'>QUOMODO</span> <span class='ocrx_word' id='word_1_185' title='bbox 687 1765 836 1791; x_wconf 79' lang='lat' dir='ltr'>SERVUS</span> <span class='ocrx_word' id='word_1_186' title='bbox 871 1766 939 1791; x_wconf 91' lang='lat' dir='ltr'>DEI</span> <span class='ocrx_word' id='word_1_187' title='bbox 973 1765 1025 1791; x_wconf 88' lang='lat' dir='ltr'>AB</span> <span class='ocrx_word' id='word_1_188' title='bbox 1054 1766 1213 1791; x_wconf 83' lang='lat' dir='ltr'>INIMICO</span> <span class='ocrx_word' id='word_1_189' title='bbox 1244 1766 1408 1791; x_wconf 84' lang='lat' dir='ltr'><strong>FLAGRIS</strong></span> <span class='ocrx_word' id='word_1_190' title='bbox 1437 1766 1565 1792; x_wconf 82' lang='lat' dir='ltr'>CAEsUs</span> <span class='ocrx_word' id='word_1_191' title='bbox 1600 1766 1671 1800; x_wconf 82' lang='lat' dir='ltr'>SIT,</span> <span class='ocrx_word' id='word_1_192' title='bbox 1705 1766 1752 1790; x_wconf 92' lang='lat' dir='ltr'>ET</span> 
     </span>
     <span class='ocr_line' id='line_1_23' title="bbox 455 1831 1516 1859; baseline -0.001 0"><span class='ocrx_word' id='word_1_193' title='bbox 455 1831 659 1859; x_wconf 76' lang='lat' dir='ltr'><strong>QUALITER</strong></span> <span class='ocrx_word' id='word_1_194' title='bbox 689 1832 852 1858; x_wconf 89' lang='lat' dir='ltr'>NOMINA</span> <span class='ocrx_word' id='word_1_195' title='bbox 884 1833 1102 1858; x_wconf 85' lang='lat' dir='ltr'>DAEMONUM</span> <span class='ocrx_word' id='word_1_196' title='bbox 1134 1833 1173 1857; x_wconf 87' lang='lat' dir='ltr'>EI</span> <span class='ocrx_word' id='word_1_197' title='bbox 1203 1833 1378 1858; x_wconf 83' lang='lat' dir='ltr'><strong>DETECTA</strong></span> <span class='ocrx_word' id='word_1_198' title='bbox 1413 1833 1516 1858; x_wconf 85' lang='lat' dir='ltr'>SINT.</span> 
     </span>
    </p>
   </div>
   <div class='ocr_carea' id='block_1_5' title="bbox 223 1912 1752 2036">
    <p class='ocr_par' dir='ltr' id='par_1_6' title="bbox 223 1912 1752 2036">
     <span class='ocr_line' id='line_1_24' title="bbox 280 1912 1752 1971; baseline 0 -16"><span class='ocrx_word' id='word_1_199' title='bbox 280 1912 417 1965; x_wconf 79' lang='lat'><strong>§337.</strong></span> <span class='ocrx_word' id='word_1_200' title='bbox 453 1914 658 1956; x_wconf 76' lang='lat' dir='ltr'>Gonaicus</span> <span class='ocrx_word' id='word_1_201' title='bbox 688 1915 767 1955; x_wconf 89' lang='lat' dir='ltr'>Dei</span> <span class='ocrx_word' id='word_1_202' title='bbox 801 1915 979 1956; x_wconf 87' lang='lat' dir='ltr'>famulus</span> <span class='ocrx_word' id='word_1_203' title='bbox 1016 1916 1251 1957; x_wconf 86' lang='lat' dir='ltr'>innumeras</span> <span class='ocrx_word' id='word_1_204' title='bbox 1281 1916 1451 1971; x_wconf 80' lang='lat' dir='ltr'>maligni</span> <span class='ocrx_word' id='word_1_205' title='bbox 1486 1915 1616 1957; x_wconf 90' lang='lat' dir='ltr'>hostis</span> <span class='ocrx_word' id='word_1_206' title='bbox 1656 1914 1752 1956; x_wconf 90' lang='lat' dir='ltr'>insi-</span> 
     </span>
     <span class='ocr_line' id='line_1_25' title="bbox 223 1978 1752 2036; baseline 0.002 -17"><span class='ocrx_word' id='word_1_207' title='bbox 223 1978 311 2020; x_wconf 86' lang='lat' dir='ltr'>dias</span> <span class='ocrx_word' id='word_1_208' title='bbox 339 1985 401 2021; x_wconf 88' lang='lat' dir='ltr'>est</span> <span class='ocrx_word' id='word_1_209' title='bbox 428 1987 648 2035; x_wconf 76' lang='lat' dir='ltr'>expertus3</span> <span class='ocrx_word' id='word_1_210' title='bbox 684 1997 780 2022; x_wconf 86' lang='lat' dir='ltr'>nam</span> <span class='ocrx_word' id='word_1_211' title='bbox 817 1987 858 2022; x_wconf 89' lang='lat' dir='ltr'>et</span> <span class='ocrx_word' id='word_1_212' title='bbox 894 1982 1037 2022; x_wconf 89' lang='lat' dir='ltr'>larvali</span> <span class='ocrx_word' id='word_1_213' title='bbox 1069 1982 1201 2036; x_wconf 88' lang='lat' dir='ltr'>specie</span> <span class='ocrx_word' id='word_1_214' title='bbox 1238 1997 1343 2036; x_wconf 77' lang='lat' dir='ltr'>saepe</span> <span class='ocrx_word' id='word_1_215' title='bbox 1366 1983 1581 2024; x_wconf 78' lang='lat' dir='ltr'>visibiliter</span> <span class='ocrx_word' id='word_1_216' title='bbox 1611 1982 1647 2023; x_wconf 90' lang='lat' dir='ltr'>ei</span> <span class='ocrx_word' id='word_1_217' title='bbox 1678 1981 1752 2022; x_wconf 90' lang='grc'>1111-</span> 
     </span>
    </p>
   </div>
   <div class='ocr_carea' id='block_1_6' title="bbox 218 2084 1750 2922">
    <p class='ocr_par' dir='ltr' id='par_1_7' title="bbox 218 2084 1750 2922">
     <span class='ocr_line' id='line_1_26' title="bbox 270 2084 1749 2132; baseline 0.001 -15"><span class='ocrx_word' id='word_1_218' title='bbox 270 2084 280 2104; x_wconf 91' lang='lat'>¹</span> <span class='ocrx_word' id='word_1_219' title='bbox 311 2084 559 2132; x_wconf 69' lang='lat' dir='ltr'>Prcevaluerit]</span> <span class='ocrx_word' id='word_1_220' title='bbox 590 2086 683 2121; x_wconf 87' lang='lat' dir='ltr'>Thus</span> <span class='ocrx_word' id='word_1_221' title='bbox 708 2087 863 2121; x_wconf 82' lang='lat' dir='ltr'>narrated</span> <span class='ocrx_word' id='word_1_222' title='bbox 888 2088 921 2120; x_wconf 89' lang='lat' dir='ltr'>in</span> <span class='ocrx_word' id='word_1_223' title='bbox 947 2087 1005 2120; x_wconf 84' lang='lat' dir='ltr'>the</span> <span class='ocrx_word' id='word_1_224' title='bbox 1030 2099 1127 2120; x_wconf 86' lang='lat' dir='ltr'>anon.</span> <span class='ocrx_word' id='word_1_225' title='bbox 1153 2087 1314 2120; x_wconf 86' lang='lat' dir='ltr'>Harleian</span> <span class='ocrx_word' id='word_1_226' title='bbox 1340 2087 1484 2132; x_wconf 78' lang='lat' dir='ltr'>legend:</span> <span class='ocrx_word' id='word_1_227' title='bbox 1517 2088 1537 2105; x_wconf 69' lang='lat'>‘⁶</span> <span class='ocrx_word' id='word_1_228' title='bbox 1552 2086 1673 2129; x_wconf 85' lang='lat' dir='ltr'>Fratri,</span> <span class='ocrx_word' id='word_1_229' title='bbox 1692 2085 1749 2131; x_wconf 88' lang='lat' dir='ltr'>qui</span> 
     </span>
     <span class='ocr_line' id='line_1_27' title="bbox 223 2131 1750 2178; baseline 0.002 -16"><span class='ocrx_word' id='word_1_230' title='bbox 223 2137 358 2163; x_wconf 86' lang='lat' dir='ltr'>venerat</span> <span class='ocrx_word' id='word_1_231' title='bbox 375 2131 492 2164; x_wconf 66' lang='lat' dir='ltr'>Missae</span> <span class='ocrx_word' id='word_1_232' title='bbox 510 2134 673 2166; x_wconf 87' lang='lat' dir='ltr'>solemnia</span> <span class='ocrx_word' id='word_1_233' title='bbox 691 2134 868 2176; x_wconf 83' lang='lat' dir='ltr'>celebrare,</span> <span class='ocrx_word' id='word_1_234' title='bbox 885 2134 972 2166; x_wconf 84' lang='lat' dir='ltr'>dixit</span> <span class='ocrx_word' id='word_1_235' title='bbox 990 2134 1038 2166; x_wconf 89' lang='lat' dir='ltr'>vir</span> <span class='ocrx_word' id='word_1_236' title='bbox 1057 2134 1137 2167; x_wconf 88' lang='lat' dir='ltr'>Dei:</span> <span class='ocrx_word' id='word_1_237' title='bbox 1158 2137 1167 2152; x_wconf 92' lang='lat'>‘</span> <span class='ocrx_word' id='word_1_238' title='bbox 1182 2134 1278 2166; x_wconf 88' lang='lat' dir='ltr'>Num</span> <span class='ocrx_word' id='word_1_239' title='bbox 1297 2134 1442 2178; x_wconf 82' lang='lat' dir='ltr'>aliquem</span> <span class='ocrx_word' id='word_1_240' title='bbox 1461 2133 1495 2166; x_wconf 92' lang='lat' dir='ltr'>in</span> <span class='ocrx_word' id='word_1_241' title='bbox 1513 2133 1597 2166; x_wconf 78' lang='lat' dir='ltr'>silva</span> <span class='ocrx_word' id='word_1_242' title='bbox 1614 2133 1750 2166; x_wconf 87' lang='lat' dir='ltr'>obvium</span> 
     </span>
     <span class='ocr_line' id='line_1_28' title="bbox 222 2176 1750 2224; baseline 0.003 -16"><span class='ocrx_word' id='word_1_243' title='bbox 222 2176 389 2210; x_wconf 88' lang='lat' dir='ltr'>habuistis</span> <span class='ocrx_word' id='word_1_244' title='bbox 404 2177 427 2210; x_wconf 71' lang='lat'>2&#39;</span> <span class='ocrx_word' id='word_1_245' title='bbox 478 2178 522 2211; x_wconf 83' lang='lat' dir='ltr'>Et</span> <span class='ocrx_word' id='word_1_246' title='bbox 548 2191 625 2212; x_wconf 90' lang='grc'>01111]</span> <span class='ocrx_word' id='word_1_247' title='bbox 651 2180 708 2213; x_wconf 89' lang='grc'>1110</span> <span class='ocrx_word' id='word_1_248' title='bbox 733 2192 846 2213; x_wconf 79' lang='lat' dir='ltr'>verum</span> <span class='ocrx_word' id='word_1_249' title='bbox 872 2192 938 2213; x_wconf 90' lang='lat' dir='ltr'>non</span> <span class='ocrx_word' id='word_1_250' title='bbox 965 2180 1191 2223; x_wconf 81' lang='lat' dir='ltr'>eonfiteretur,</span> <span class='ocrx_word' id='word_1_251' title='bbox 1214 2180 1358 2224; x_wconf 80' lang='lat' dir='ltr'>adjecit:</span> <span class='ocrx_word' id='word_1_252' title='bbox 1388 2180 1536 2213; x_wconf 83' lang='lat' dir='ltr'>‘Nonne</span> <span class='ocrx_word' id='word_1_253' title='bbox 1561 2180 1630 2212; x_wconf 81' lang='lat' dir='ltr'>viro</span> <span class='ocrx_word' id='word_1_254' title='bbox 1657 2179 1750 2224; x_wconf 88' lang='lat' dir='ltr'>equi-</span> 
     </span>
     <span class='ocr_line' id='line_1_29' title="bbox 223 2223 1749 2268; baseline 0.003 -14"><span class='ocrx_word' id='word_1_255' title='bbox 223 2223 307 2255; x_wconf 84' lang='lat' dir='ltr'>tanti</span> <span class='ocrx_word' id='word_1_256' title='bbox 327 2235 426 2268; x_wconf 82' lang='lat' dir='ltr'>super</span> <span class='ocrx_word' id='word_1_257' title='bbox 444 2235 578 2258; x_wconf 84' lang='lat' dir='ltr'>saecum</span> <span class='ocrx_word' id='word_1_258' title='bbox 605 2226 639 2259; x_wconf 88' lang='lat' dir='ltr'>in</span> <span class='ocrx_word' id='word_1_259' title='bbox 664 2238 800 2259; x_wconf 85' lang='lat' dir='ltr'>nemore</span> <span class='ocrx_word' id='word_1_260' title='bbox 827 2226 996 2259; x_wconf 78' lang='lat' dir='ltr'>obviasti?</span> <span class='ocrx_word' id='word_1_261' title='bbox 1047 2226 1100 2259; x_wconf 83' lang='lat' dir='ltr'>Ita</span> <span class='ocrx_word' id='word_1_262' title='bbox 1126 2226 1182 2259; x_wconf 91' lang='grc'>1110</span> <span class='ocrx_word' id='word_1_263' title='bbox 1208 2238 1284 2259; x_wconf 89' lang='grc'>011111</span> <span class='ocrx_word' id='word_1_264' title='bbox 1304 2227 1423 2260; x_wconf 86' lang='grc'>0010115</span> <span class='ocrx_word' id='word_1_265' title='bbox 1449 2237 1616 2259; x_wconf 83' lang='lat' dir='ltr'>annonam</span> <span class='ocrx_word' id='word_1_266' title='bbox 1635 2225 1749 2258; x_wconf 84' lang='lat' dir='ltr'>Sancti</span> 
     </span>
     <span class='ocr_line' id='line_1_30' title="bbox 223 2269 1745 2318; baseline 0.001 -15"><span class='ocrx_word' id='word_1_267' title='bbox 223 2269 389 2303; x_wconf 78' lang='lat' dir='ltr'>Johannis</span> <span class='ocrx_word' id='word_1_268' title='bbox 407 2270 636 2305; x_wconf 79' lang='lat' dir='ltr'>fraudulenter</span> <span class='ocrx_word' id='word_1_269' title='bbox 655 2279 838 2317; x_wconf 78' lang='lat' dir='ltr'>asportant,</span> <span class='ocrx_word' id='word_1_270' title='bbox 853 2279 885 2305; x_wconf 88' lang='lat' dir='ltr'>et</span> <span class='ocrx_word' id='word_1_271' title='bbox 903 2285 957 2305; x_wconf 87' lang='lat' dir='ltr'>me</span> <span class='ocrx_word' id='word_1_272' title='bbox 974 2272 1038 2306; x_wconf 90' lang='grc'>1100</span> <span class='ocrx_word' id='word_1_273' title='bbox 1057 2273 1207 2317; x_wconf 81' lang='lat' dir='ltr'>ignorare</span> <span class='ocrx_word' id='word_1_274' title='bbox 1233 2279 1363 2318; x_wconf 83' lang='lat' dir='ltr'>putant,</span> <span class='ocrx_word' id='word_1_275' title='bbox 1382 2285 1459 2306; x_wconf 90' lang='lat' dir='ltr'>eum</span> <span class='ocrx_word' id='word_1_276' title='bbox 1478 2272 1609 2306; x_wconf 79' lang='lat' dir='ltr'>videam</span> <span class='ocrx_word' id='word_1_277' title='bbox 1628 2283 1745 2305; x_wconf 88' lang='lat' dir='ltr'>omnes</span> 
     </span>
     <span class='ocr_line' id='line_1_31' title="bbox 222 2315 1747 2364; baseline 0.003 -17"><span class='ocrx_word' id='word_1_278' title='bbox 222 2321 317 2348; x_wconf 87' lang='lat' dir='ltr'>actus</span> <span class='ocrx_word' id='word_1_279' title='bbox 336 2315 482 2349; x_wconf 88' lang='lat' dir='ltr'>illorum.</span> <span class='ocrx_word' id='word_1_280' title='bbox 524 2317 698 2352; x_wconf 75' lang='lat' dir='ltr'>Intellexit</span> <span class='ocrx_word' id='word_1_281' title='bbox 716 2319 817 2363; x_wconf 77' lang='lat' dir='ltr'>igitur</span> <span class='ocrx_word' id='word_1_282' title='bbox 835 2319 935 2352; x_wconf 83' lang='lat' dir='ltr'>frater</span> <span class='ocrx_word' id='word_1_283' title='bbox 952 2318 1008 2352; x_wconf 90' lang='lat' dir='ltr'>ille</span> <span class='ocrx_word' id='word_1_284' title='bbox 1027 2319 1116 2364; x_wconf 86' lang='lat' dir='ltr'>quod</span> <span class='ocrx_word' id='word_1_285' title='bbox 1133 2319 1397 2352; x_wconf 81' lang='lat' dir='ltr'>ministrantium</span> <span class='ocrx_word' id='word_1_286' title='bbox 1414 2319 1502 2353; x_wconf 86' lang='lat' dir='ltr'>facta</span> <span class='ocrx_word' id='word_1_287' title='bbox 1519 2319 1630 2363; x_wconf 88' lang='lat' dir='ltr'>ipsum</span> <span class='ocrx_word' id='word_1_288' title='bbox 1643 2318 1747 2351; x_wconf 87' lang='lat' dir='ltr'>latere</span> 
     </span>
     <span class='ocr_line' id='line_1_32' title="bbox 220 2364 1748 2411; baseline 0.003 -17"><span class='ocrx_word' id='word_1_289' title='bbox 220 2373 286 2394; x_wconf 90' lang='lat' dir='ltr'>non</span> <span class='ocrx_word' id='word_1_290' title='bbox 305 2368 468 2407; x_wconf 82' lang='lat' dir='ltr'>poterant,</span> <span class='ocrx_word' id='word_1_291' title='bbox 488 2375 564 2397; x_wconf 89' lang='grc'>011111</span> <span class='ocrx_word' id='word_1_292' title='bbox 583 2364 646 2398; x_wconf 89' lang='grc'>1100</span> <span class='ocrx_word' id='word_1_293' title='bbox 664 2365 710 2398; x_wconf 90' lang='lat' dir='ltr'>ita</span> <span class='ocrx_word' id='word_1_294' title='bbox 728 2366 888 2398; x_wconf 88' lang='lat' dir='ltr'>veraciter</span> <span class='ocrx_word' id='word_1_295' title='bbox 906 2372 1103 2399; x_wconf 85' lang='lat' dir='ltr'>enarrasset.</span> <span class='ocrx_word' id='word_1_296' title='bbox 1153 2365 1232 2398; x_wconf 89' lang='lat' dir='ltr'>Alio</span> <span class='ocrx_word' id='word_1_297' title='bbox 1258 2372 1409 2411; x_wconf 82' lang='lat' dir='ltr'>ternpore</span> <span class='ocrx_word' id='word_1_298' title='bbox 1434 2378 1492 2410; x_wconf 88' lang='lat' dir='ltr'>pro</span> <span class='ocrx_word' id='word_1_299' title='bbox 1518 2365 1621 2399; x_wconf 84' lang='lat' dir='ltr'>simili</span> <span class='ocrx_word' id='word_1_300' title='bbox 1646 2376 1748 2398; x_wconf 85' lang='lat' dir='ltr'>eausa</span> 
     </span>
     <span class='ocr_line' id='line_1_33' title="bbox 220 2409 1749 2456; baseline 0.003 -16"><span class='ocrx_word' id='word_1_301' title='bbox 220 2409 312 2441; x_wconf 86' lang='lat' dir='ltr'>venit</span> <span class='ocrx_word' id='word_1_302' title='bbox 330 2410 430 2443; x_wconf 84' lang='lat' dir='ltr'>frater</span> <span class='ocrx_word' id='word_1_303' title='bbox 448 2409 522 2451; x_wconf 77' lang='lat' dir='ltr'>ille3</span> <span class='ocrx_word' id='word_1_304' title='bbox 549 2422 647 2455; x_wconf 87' lang='lat' dir='ltr'>quem</span> <span class='ocrx_word' id='word_1_305' title='bbox 667 2412 714 2444; x_wconf 89' lang='grc'>510</span> <span class='ocrx_word' id='word_1_306' title='bbox 732 2412 780 2444; x_wconf 88' lang='lat' dir='ltr'>vir</span> <span class='ocrx_word' id='word_1_307' title='bbox 798 2418 933 2445; x_wconf 84' lang='lat' dir='ltr'>sanetus</span> <span class='ocrx_word' id='word_1_308' title='bbox 951 2412 1151 2456; x_wconf 88' lang='lat' dir='ltr'>alloquitur:</span> <span class='ocrx_word' id='word_1_309' title='bbox 1182 2415 1191 2432; x_wconf 88' lang='lat'>‘</span> <span class='ocrx_word' id='word_1_310' title='bbox 1207 2412 1292 2454; x_wconf 82' lang='lat' dir='ltr'>Quis</span> <span class='ocrx_word' id='word_1_311' title='bbox 1310 2412 1370 2446; x_wconf 85' lang='lat' dir='ltr'>tibi</span> <span class='ocrx_word' id='word_1_312' title='bbox 1389 2412 1477 2445; x_wconf 88' lang='lat' dir='ltr'>eirea</span> <span class='ocrx_word' id='word_1_313' title='bbox 1493 2411 1643 2445; x_wconf 88' lang='lat' dir='ltr'>medium</span> <span class='ocrx_word' id='word_1_314' title='bbox 1661 2411 1749 2444; x_wconf 86' lang='lat' dir='ltr'>horti</span> 
     </span>
     <span class='ocr_line' id='line_1_34' title="bbox 221 2456 1748 2502; baseline 0.001 -14"><span class='ocrx_word' id='word_1_315' title='bbox 221 2456 366 2488; x_wconf 82' lang='lat' dir='ltr'>occurrit</span> <span class='ocrx_word' id='word_1_316' title='bbox 384 2456 416 2489; x_wconf 88' lang='lat' dir='ltr'>in</span> <span class='ocrx_word' id='word_1_317' title='bbox 436 2468 521 2501; x_wconf 85' lang='lat' dir='ltr'>equo</span> <span class='ocrx_word' id='word_1_318' title='bbox 537 2457 562 2490; x_wconf 70' lang='lat'>2³</span> <span class='ocrx_word' id='word_1_319' title='bbox 613 2457 675 2490; x_wconf 89' lang='lat' dir='ltr'>Ille</span> <span class='ocrx_word' id='word_1_320' title='bbox 693 2469 751 2502; x_wconf 89' lang='lat' dir='ltr'>per</span> <span class='ocrx_word' id='word_1_321' title='bbox 768 2458 965 2491; x_wconf 81' lang='lat' dir='ltr'>industriam</span> <span class='ocrx_word' id='word_1_322' title='bbox 993 2470 1062 2491; x_wconf 87' lang='lat' dir='ltr'>rem</span> <span class='ocrx_word' id='word_1_323' title='bbox 1087 2458 1195 2491; x_wconf 87' lang='lat' dir='ltr'>noluit</span> <span class='ocrx_word' id='word_1_324' title='bbox 1222 2459 1385 2501; x_wconf 82' lang='lat' dir='ltr'>confiteri,</span> <span class='ocrx_word' id='word_1_325' title='bbox 1411 2464 1449 2491; x_wconf 87' lang='lat' dir='ltr'>ut</span> <span class='ocrx_word' id='word_1_326' title='bbox 1474 2458 1522 2491; x_wconf 89' lang='grc'>510</span> <span class='ocrx_word' id='word_1_327' title='bbox 1540 2457 1748 2502; x_wconf 87' lang='lat' dir='ltr'>spiritualem</span> 
     </span>
     <span class='ocr_line' id='line_1_35' title="bbox 220 2502 1750 2550; baseline 0.001 -16"><span class='ocrx_word' id='word_1_328' title='bbox 220 2503 325 2535; x_wconf 87' lang='lat' dir='ltr'>saneti</span> <span class='ocrx_word' id='word_1_329' title='bbox 347 2502 507 2536; x_wconf 80' lang='lat' dir='ltr'>visionem</span> <span class='ocrx_word' id='word_1_330' title='bbox 527 2504 649 2537; x_wconf 86' lang='lat' dir='ltr'>certius</span> <span class='ocrx_word' id='word_1_331' title='bbox 667 2505 908 2549; x_wconf 80' lang='lat' dir='ltr'>comprobaret.</span> <span class='ocrx_word' id='word_1_332' title='bbox 952 2505 1029 2550; x_wconf 83' lang='lat' dir='ltr'>Ipse</span> <span class='ocrx_word' id='word_1_333' title='bbox 1046 2517 1144 2538; x_wconf 78' lang='lat' dir='ltr'>vero:</span> <span class='ocrx_word' id='word_1_334' title='bbox 1165 2505 1285 2547; x_wconf 70' lang='lat' dir='ltr'>‘&#39;Qua,⁷</span> <span class='ocrx_word' id='word_1_335' title='bbox 1304 2505 1423 2550; x_wconf 85' lang='lat' dir='ltr'>inquit,</span> <span class='ocrx_word' id='word_1_336' title='bbox 1443 2504 1506 2537; x_wconf 88' lang='lat' dir='ltr'>‘de</span> <span class='ocrx_word' id='word_1_337' title='bbox 1520 2516 1621 2537; x_wconf 84' lang='lat' dir='ltr'>causa</span> <span class='ocrx_word' id='word_1_338' title='bbox 1634 2515 1750 2537; x_wconf 88' lang='lat' dir='ltr'>verum</span> 
     </span>
     <span class='ocr_line' id='line_1_36' title="bbox 220 2548 1748 2595; baseline 0.001 -14"><span class='ocrx_word' id='word_1_339' title='bbox 220 2548 413 2582; x_wconf 83' lang='lat' dir='ltr'>dissimulas</span> <span class='ocrx_word' id='word_1_340' title='bbox 431 2550 582 2583; x_wconf 84' lang='lat' dir='ltr'>confiteri</span> <span class='ocrx_word' id='word_1_341' title='bbox 597 2551 609 2583; x_wconf 68' lang='lat'><em>2</em></span> <span class='ocrx_word' id='word_1_342' title='bbox 659 2551 785 2584; x_wconf 87' lang='lat' dir='ltr'>Nonne</span> <span class='ocrx_word' id='word_1_343' title='bbox 798 2551 903 2583; x_wconf 82' lang='lat' dir='ltr'>virum</span> <span class='ocrx_word' id='word_1_344' title='bbox 918 2551 1090 2584; x_wconf 85' lang='lat' dir='ltr'>sedentem</span> <span class='ocrx_word' id='word_1_345' title='bbox 1109 2551 1143 2584; x_wconf 93' lang='grc'>11]</span> <span class='ocrx_word' id='word_1_346' title='bbox 1161 2563 1246 2595; x_wconf 86' lang='lat' dir='ltr'>equo</span> <span class='ocrx_word' id='word_1_347' title='bbox 1264 2551 1391 2585; x_wconf 84' lang='lat' dir='ltr'>subrufi</span> <span class='ocrx_word' id='word_1_348' title='bbox 1409 2551 1539 2593; x_wconf 81' lang='grc'>0010115,</span> <span class='ocrx_word' id='word_1_349' title='bbox 1555 2562 1631 2584; x_wconf 90' lang='lat' dir='ltr'>eum</span> <span class='ocrx_word' id='word_1_350' title='bbox 1650 2561 1748 2583; x_wconf 86' lang='lat' dir='ltr'>saeco</span> 
     </span>
     <span class='ocr_line' id='line_1_37' title="bbox 220 2594 1746 2642; baseline 0.001 -15"><span class='ocrx_word' id='word_1_351' title='bbox 220 2594 320 2639; x_wconf 82' lang='lat' dir='ltr'>pleno</span> <span class='ocrx_word' id='word_1_352' title='bbox 347 2596 409 2629; x_wconf 91' lang='lat' dir='ltr'>sibi</span> <span class='ocrx_word' id='word_1_353' title='bbox 438 2597 623 2642; x_wconf 84' lang='lat' dir='ltr'>supposito,</span> <span class='ocrx_word' id='word_1_354' title='bbox 650 2597 739 2630; x_wconf 84' lang='lat' dir='ltr'>circa</span> <span class='ocrx_word' id='word_1_355' title='bbox 764 2598 913 2630; x_wconf 86' lang='lat' dir='ltr'>medium</span> <span class='ocrx_word' id='word_1_356' title='bbox 941 2597 1028 2630; x_wconf 83' lang='lat' dir='ltr'>horti</span> <span class='ocrx_word' id='word_1_357' title='bbox 1058 2597 1231 2631; x_wconf 66' lang='lat' dir='ltr'>habuisti?</span> <span class='ocrx_word' id='word_1_358' title='bbox 1283 2597 1336 2630; x_wconf 89' lang='lat' dir='ltr'>Ita</span> <span class='ocrx_word' id='word_1_359' title='bbox 1360 2597 1481 2630; x_wconf 79' lang='lat' dir='ltr'>furtive</span> <span class='ocrx_word' id='word_1_360' title='bbox 1510 2597 1597 2630; x_wconf 84' lang='lat' dir='ltr'>bona</span> <span class='ocrx_word' id='word_1_361' title='bbox 1627 2596 1746 2629; x_wconf 88' lang='lat' dir='ltr'>domus</span> 
     </span>
     <span class='ocr_line' id='line_1_38' title="bbox 220 2642 1746 2688; baseline 0.001 -14"><span class='ocrx_word' id='word_1_362' title='bbox 220 2653 305 2675; x_wconf 83' lang='lat' dir='ltr'>meae</span> <span class='ocrx_word' id='word_1_363' title='bbox 335 2642 496 2687; x_wconf 87' lang='lat' dir='ltr'>diripiunt</span> <span class='ocrx_word' id='word_1_364' title='bbox 524 2649 556 2676; x_wconf 88' lang='lat' dir='ltr'>et</span> <span class='ocrx_word' id='word_1_365' title='bbox 582 2649 763 2688; x_wconf 80' lang='lat' dir='ltr'>asportant,</span> <span class='ocrx_word' id='word_1_366' title='bbox 794 2650 827 2676; x_wconf 90' lang='lat' dir='ltr'>et</span> <span class='ocrx_word' id='word_1_367' title='bbox 853 2644 936 2676; x_wconf 86' lang='lat' dir='ltr'>mihi</span> <span class='ocrx_word' id='word_1_368' title='bbox 965 2644 1029 2677; x_wconf 88' lang='lat' dir='ltr'>hoe</span> <span class='ocrx_word' id='word_1_369' title='bbox 1058 2650 1174 2676; x_wconf 84' lang='lat' dir='ltr'>notum</span> <span class='ocrx_word' id='word_1_370' title='bbox 1202 2655 1274 2677; x_wconf 79' lang='lat' dir='ltr'>esse</span> <span class='ocrx_word' id='word_1_371' title='bbox 1302 2656 1368 2677; x_wconf 93' lang='lat' dir='ltr'>non</span> <span class='ocrx_word' id='word_1_372' title='bbox 1393 2643 1586 2677; x_wconf 83' lang='lat' dir='ltr'>aestirnant.&#39;</span> <span class='ocrx_word' id='word_1_373' title='bbox 1650 2643 1746 2676; x_wconf 84' lang='lat' dir='ltr'>Tune</span> 
     </span>
     <span class='ocr_line' id='line_1_39' title="bbox 220 2688 1746 2735; baseline 0.001 -15"><span class='ocrx_word' id='word_1_374' title='bbox 220 2688 321 2721; x_wconf 85' lang='lat' dir='ltr'>frater</span> <span class='ocrx_word' id='word_1_375' title='bbox 347 2689 516 2723; x_wconf 88' lang='lat' dir='ltr'>admirans</span> <span class='ocrx_word' id='word_1_376' title='bbox 547 2701 622 2723; x_wconf 85' lang='lat' dir='ltr'>vera</span> <span class='ocrx_word' id='word_1_377' title='bbox 649 2702 722 2723; x_wconf 88' lang='lat' dir='ltr'>esse</span> <span class='ocrx_word' id='word_1_378' title='bbox 747 2702 821 2735; x_wconf 79' lang='grc' dir='ltr'>(111εο</span> <span class='ocrx_word' id='word_1_379' title='bbox 846 2690 977 2723; x_wconf 84' lang='lat' dir='ltr'>dixerat</span> <span class='ocrx_word' id='word_1_380' title='bbox 1003 2690 1224 2723; x_wconf 84' lang='lat' dir='ltr'>confirmavit.</span> <span class='ocrx_word' id='word_1_381' title='bbox 1274 2690 1400 2723; x_wconf 86' lang='lat' dir='ltr'>Iterum</span> <span class='ocrx_word' id='word_1_382' title='bbox 1428 2691 1460 2723; x_wconf 90' lang='lat' dir='ltr'>in</span> <span class='ocrx_word' id='word_1_383' title='bbox 1480 2690 1592 2734; x_wconf 80' lang='lat' dir='ltr'>vigilia</span> <span class='ocrx_word' id='word_1_384' title='bbox 1610 2689 1746 2722; x_wconf 88' lang='lat' dir='ltr'>Natalis</span> 
     </span>
     <span class='ocr_line' id='line_1_40' title="bbox 220 2733 1746 2782; baseline 0.001 -15"><span class='ocrx_word' id='word_1_385' title='bbox 220 2733 371 2778; x_wconf 84' lang='lat' dir='ltr'>Domini,</span> <span class='ocrx_word' id='word_1_386' title='bbox 400 2742 601 2769; x_wconf 87' lang='lat' dir='ltr'>nocturnum</span> <span class='ocrx_word' id='word_1_387' title='bbox 625 2737 852 2770; x_wconf 84' lang='lat' dir='ltr'>celebraturus</span> <span class='ocrx_word' id='word_1_388' title='bbox 876 2737 1033 2780; x_wconf 84' lang='lat' dir='ltr'>officium,</span> <span class='ocrx_word' id='word_1_389' title='bbox 1058 2737 1091 2769; x_wconf 88' lang='lat' dir='ltr'>in</span> <span class='ocrx_word' id='word_1_390' title='bbox 1119 2748 1203 2780; x_wconf 88' lang='lat' dir='ltr'>equo</span> <span class='ocrx_word' id='word_1_391' title='bbox 1228 2736 1315 2769; x_wconf 87' lang='lat' dir='ltr'>eirea</span> <span class='ocrx_word' id='word_1_392' title='bbox 1339 2736 1571 2782; x_wconf 80' lang='lat' dir='ltr'>crepusculum</span> <span class='ocrx_word' id='word_1_393' title='bbox 1595 2742 1645 2769; x_wconf 90' lang='lat' dir='ltr'>est</span> <span class='ocrx_word' id='word_1_394' title='bbox 1670 2747 1746 2780; x_wconf 84' lang='lat' dir='ltr'>pro-</span> 
     </span>
     <span class='ocr_line' id='line_1_41' title="bbox 218 2780 1744 2828; baseline 0.001 -15"><span class='ocrx_word' id='word_1_395' title='bbox 218 2780 338 2815; x_wconf 87' lang='lat' dir='ltr'>fectus.</span> <span class='ocrx_word' id='word_1_396' title='bbox 389 2782 454 2815; x_wconf 83' lang='lat' dir='ltr'>Sed</span> <span class='ocrx_word' id='word_1_397' title='bbox 472 2794 569 2827; x_wconf 83' lang='lat' dir='ltr'>equo,</span> <span class='ocrx_word' id='word_1_398' title='bbox 587 2789 745 2828; x_wconf 88' lang='lat' dir='ltr'>tanquam</span> <span class='ocrx_word' id='word_1_399' title='bbox 765 2790 852 2817; x_wconf 88' lang='lat' dir='ltr'>esset</span> <span class='ocrx_word' id='word_1_400' title='bbox 870 2783 1065 2825; x_wconf 77' lang='lat' dir='ltr'>indomitus,</span> <span class='ocrx_word' id='word_1_401' title='bbox 1084 2794 1142 2827; x_wconf 84' lang='lat' dir='ltr'>per</span> <span class='ocrx_word' id='word_1_402' title='bbox 1160 2795 1235 2816; x_wconf 88' lang='lat' dir='ltr'>rura</span> <span class='ocrx_word' id='word_1_403' title='bbox 1261 2783 1478 2825; x_wconf 81' lang='lat' dir='ltr'>discurrente,</span> <span class='ocrx_word' id='word_1_404' title='bbox 1496 2788 1611 2815; x_wconf 85' lang='lat' dir='ltr'>contra</span> <span class='ocrx_word' id='word_1_405' title='bbox 1629 2782 1744 2815; x_wconf 87' lang='lat' dir='ltr'>volun-</span> 
     </span>
     <span class='ocr_line' id='line_1_42' title="bbox 218 2829 1743 2874; baseline 0.001 -15"><span class='ocrx_word' id='word_1_406' title='bbox 218 2831 321 2860; x_wconf 80' lang='lat' dir='ltr'>tatem</span> <span class='ocrx_word' id='word_1_407' title='bbox 341 2829 490 2870; x_wconf 84' lang='grc'>50550115,</span> <span class='ocrx_word' id='word_1_408' title='bbox 510 2830 566 2862; x_wconf 83' lang='lat' dir='ltr'>vix</span> <span class='ocrx_word' id='word_1_409' title='bbox 584 2829 675 2872; x_wconf 86' lang='lat' dir='ltr'>illue,</span> <span class='ocrx_word' id='word_1_410' title='bbox 696 2831 767 2873; x_wconf 80' lang='lat' dir='ltr'>jam</span> <span class='ocrx_word' id='word_1_411' title='bbox 793 2836 961 2863; x_wconf 81' lang='lat' dir='ltr'>transacta</span> <span class='ocrx_word' id='word_1_412' title='bbox 986 2830 1094 2863; x_wconf 80' lang='lat' dir='ltr'>noetis</span> <span class='ocrx_word' id='word_1_413' title='bbox 1119 2836 1222 2873; x_wconf 77' lang='lat' dir='ltr'>parte,</span> <span class='ocrx_word' id='word_1_414' title='bbox 1241 2830 1402 2874; x_wconf 83' lang='lat' dir='ltr'>pervenit.</span> <span class='ocrx_word' id='word_1_415' title='bbox 1453 2829 1613 2862; x_wconf 88' lang='lat' dir='ltr'>Narravit</span> <span class='ocrx_word' id='word_1_416' title='bbox 1630 2834 1743 2861; x_wconf 87' lang='lat' dir='ltr'>autem</span> 
     </span>
     <span class='ocr_line' id='line_1_43' title="bbox 218 2873 1743 2922; baseline 0.001 -16"><span class='ocrx_word' id='word_1_417' title='bbox 218 2873 287 2906; x_wconf 89' lang='lat' dir='ltr'>viro</span> <span class='ocrx_word' id='word_1_418' title='bbox 306 2875 369 2908; x_wconf 89' lang='lat' dir='ltr'>Dei</span> <span class='ocrx_word' id='word_1_419' title='bbox 388 2875 529 2920; x_wconf 87' lang='lat' dir='ltr'>qualiter</span> <span class='ocrx_word' id='word_1_420' title='bbox 547 2887 652 2921; x_wconf 88' lang='lat' dir='ltr'>equus</span> <span class='ocrx_word' id='word_1_421' title='bbox 677 2877 744 2922; x_wconf 81' lang='lat' dir='ltr'>regi</span> <span class='ocrx_word' id='word_1_422' title='bbox 771 2888 837 2910; x_wconf 88' lang='lat' dir='ltr'>non</span> <span class='ocrx_word' id='word_1_423' title='bbox 862 2877 982 2922; x_wconf 82' lang='lat' dir='ltr'>potuit,</span> <span class='ocrx_word' id='word_1_424' title='bbox 1002 2882 1230 2921; x_wconf 84' lang='lat' dir='ltr'>quantumque</span> <span class='ocrx_word' id='word_1_425' title='bbox 1248 2875 1446 2909; x_wconf 79' lang='lat' dir='ltr'>laboraverit</span> <span class='ocrx_word' id='word_1_426' title='bbox 1464 2875 1638 2909; x_wconf 85' lang='lat' dir='ltr'>veniendo.</span> <span class='ocrx_word' id='word_1_427' title='bbox 1688 2874 1743 2907; x_wconf 87' lang='lat' dir='ltr'>Ad</span> 
     </span>
    </p>
   </div>
  </div>
 </body>
</html>
