1839 3186
182 188 265 228 452
694 191 924 223 LIBELLUS
961 190 1025 221 DE
1060 189 1177 221 VITA

184 302 329 342 chrum
361 298 569 340 adituram
607 295 840 352 spopondit.
925 294 1082 336 Mirum
1118 294 1245 349 igitur
1277 293 1318 334 in
1359 293 1529 334 modum
1567 292 1713 335 eadem

184 369 287 408 hora
316 381 364 407 ac
397 369 607 406 momento
629 378 708 418 quo
739 363 828 403 haec
854 361 1018 403 dixerat
1050 365 1092 402 et
1115 360 1282 410 fecerat,
1306 361 1449 401 statim
1480 359 1613 401 omnis
1643 361 1714 401 illa

184 434 318 489 passio
352 432 566 474 discedens
612 430 749 472 subito
788 428 1039 484 disparebat.
1115 427 1219 468 Post
1255 427 1341 468 dies
1374 441 1538 481 paucos,
1572 426 1715 467 multis

183 499 442 548 mirantibus,
476 498 655 540 sanitate
691 500 899 551 percepta,
938 494 1061 535 nudis
1091 493 1278 548 pedibus,
1315 493 1432 534 nobis
1461 492 1712 543 videntibus,

184 582 268 608 una
289 581 382 607 cum
404 564 486 606 filio
511 579 584 606 suo
613 563 667 604 ad
698 562 960 617 sepulchrum
982 560 1059 601 viri
1081 560 1161 600 Dei
1182 560 1337 614 gratias
1361 559 1513 600 Sancto
1534 558 1714 600 Godrico

184 634 367 675 relatura
387 631 600 687 pervenit3
636 633 677 670 et
698 628 816 669 nobis
839 628 928 668 haec
950 626 1088 667 omnia
1108 641 1201 666 cum
1223 625 1402 667 lacrimis
1423 625 1578 667 obortis
1600 640 1715 666 enar-

184 699 303 742 ravit.
369 698 502 738 Nocte
524 711 620 737 vero
653 694 798 736 eadem
821 709 902 748 qua
932 694 1002 735 illo
1023 692 1185 747 vigilias
1215 697 1439 734 nocturnas
1460 696 1606 732 actura
1625 707 1715 746 per-

187 766 300 808 venit
332 765 545 806 occasione
577 761 768 805 solitariae
800 760 1009 802 societatis
1038 758 1221 800 1illorum
1243 764 1391 814 agente
1413 758 1456 799 in
1486 758 1714 806 ecclesiam,

187 833 283 887 quia
305 831 377 873 soli
398 834 529 880 erant,
552 828 713 884 vigilias
734 842 854 883 agere
878 825 1065 882 permissi
1089 840 1172 866 non
1195 825 1374 866 fuerant.
1427 824 1563 880 Igitur
1583 824 1654 865 illa
1674 824 1715 864 in

188 899 310 939 domo
342 896 549 938 communi
574 896 830 943 demorante,
853 898 950 934 ante
982 891 1159 947 primam
1179 892 1313 933 noctis
1333 891 1517 946 vigiliam
1550 890 1611 932 vir
1635 890 1716 931 Dei

188 966 246 1006 illi
283 964 419 1006 adhuc
445 962 635 1018 vigilanti
667 960 873 1017 apparuit,
899 965 940 1001 et
975 959 1116 1000 taliter
1151 973 1321 1000 exorsus
1356 958 1427 1010 ait,
1453 962 1478 980 “
1500 957 1591 1012 Ego
1626 972 1716 998 sum

190 1031 394 1073 Godricus
416 1045 538 1084 quem
559 1028 698 1070 adiisti
722 1033 763 1069 et
779 1027 917 1082 vigila,
928 1026 1066 1080 vigila,
1088 1041 1184 1081 ergo
1204 1025 1297 1073 hic;
1333 1024 1429 1079 quia
1449 1039 1515 1065 me
1538 1024 1718 1064 donante

188 1099 248 1140 ita
267 1098 344 1139 tibi
368 1096 555 1152 pervenit
587 1095 692 1137 sicut
719 1093 971 1135 credidisti.”
1048 1091 1226 1133 Dixerat
1248 1092 1357 1132 enim
1379 1091 1415 1131 ei
1437 1091 1507 1141 sic,
1533 1094 1559 1112 “
1577 1090 1720 1145 Vigila

187 1165 254 1206 hic
275 1165 347 1205 ubi
367 1163 567 1212 consistis,
590 1161 685 1216 quia
708 1161 776 1202 hic
798 1175 864 1201 me
887 1165 928 1200 te
953 1164 1041 1200 tam
1065 1158 1184 1199 facile
1206 1158 1348 1199 audire
1370 1156 1719 1211 quemadmodum

188 1231 231 1273 in
253 1230 424 1272 ecclesia
444 1229 618 1270 noveris,
696 1227 842 1268 Omnis
863 1225 1030 1280 quidem
1052 1225 1165 1266 curia
1195 1239 1290 1265 mea
1318 1224 1461 1265 debuit
1483 1238 1569 1264 esse
1593 1223 1720 1264 eccle-

191 1298 262 1348 sia,
286 1298 382 1351 quia
401 1295 610 1350 quondam
631 1295 856 1336 multorum
890 1297 1126 1334 sanctorum
1150 1296 1212 1333 est
1232 1290 1453 1345 praesentia
1473 1289 1721 1331 illustrata.”

193 1365 352 1417 Quibus
389 1363 509 1404 dictis
546 1361 775 1416 disparuit3
824 1359 896 1401 sed
934 1358 1081 1400 mulier
1115 1357 1333 1399 manifeste
1384 1356 1598 1398 dinoscens
1631 1355 1721 1409 quis

190 1431 326 1481 fuerit,
357 1430 462 1472 sicut
485 1429 520 1469 ei
542 1431 793 1483 praeceperat
814 1426 910 1481 egit.
983 1425 1159 1465 Noctem
1189 1424 1328 1478 itaque
1360 1423 1472 1464 illam
1498 1427 1632 1463 totam
1662 1422 1722 1462 in-

193 1512 377 1539 somnem
411 1495 561 1543 duxit;
616 1499 657 1535 et
693 1508 815 1534 mane
853 1506 1076 1546 exsurgens
1112 1491 1229 1532 nobis
1264 1489 1469 1544 quomodo
1500 1488 1536 1529 ei
1557 1488 1620 1531 vir
1641 1488 1722 1529 Dei

192 1564 362 1619 vigilare
384 1562 579 1618 praecepit
602 1560 845 1601 ²enarravit.

223 1732 294 1758 cci.
328 1732 378 1756 DE
409 1728 569 1755 CLERICO
599 1727 675 1752 PER
707 1726 912 1752 BIENNIUM
944 1725 1234 1751 FEBRICITANTE
1265 1724 1313 1749 ΕΤ
1343 1724 1529 1750 SALUTEM
1561 1723 1692 1749 PERCI·

878 1793 1036 1818 PIENTE.

255 1889 272 1941 ἓ
297 1886 392 1932 579.
416 1887 431 1908 ³
447 1886 681 1927 GERVASIUS
701 1884 869 1938 quidam
892 1883 1061 1924 clericus
1081 1883 1131 1924 de
1149 1882 1355 1924 Dunelmo
1377 1882 1586 1931 oriundus,
1605 1895 1728 1922 causa

198 1955 424 2010 disciplinae
449 1952 641 1995 secularis
663 1951 727 1992 vel
759 1950 1013 1992 scholasticae
1037 1949 1321 2004 perquirendae
1343 1949 1514 1990 Parisiis
1542 1953 1604 1989 est
1634 1962 1725 2002 pro-

245 2067 253 2085 ¹
275 2062 447 2109 Illorum]
476 2064 496 2081 ‘⁶
509 2061 576 2095 Vel
593 2060 721 2102 illius,”
741 2059 816 2094 MS.
836 2058 935 2093 Bodl.

244 2110 257 2128 ²
276 2108 491 2154 Enarravit]
520 2108 614 2141 Thus
645 2106 716 2139 told
745 2106 778 2139 in
804 2105 861 2138 the
889 2104 1050 2138 Harleian
1076 2115 1286 2149 anonymous
1312 2103 1472 2148 Legend:
1500 2103 1662 2137 “Mulier
1687 2103 1728 2136 de

198 2157 277 2193 villa
306 2168 381 2201 quae
407 2154 421 2201 [
575 2154 588 2199 ]
614 2153 736 2186 dicitur
761 2152 796 2185 in
828 2150 1004 2184 Cliveland
1032 2150 1222 2195 patiebatur
1249 2150 1437 2183 cardiacam
1463 2149 1654 2195 passionem
1683 2149 1731 2183 ita

198 2204 355 2252 graviter,
381 2208 418 2234 ut
447 2201 488 2234 ab
521 2212 589 2233 una
617 2198 844 2232 mamillarum
877 2208 984 2242 usque
1013 2196 1056 2229 ad
1082 2196 1220 2230 alteram
1253 2208 1312 2242 per
1340 2196 1491 2230 medium
1526 2208 1581 2229 cor
1613 2195 1731 2230 lancea

198 2250 263 2287 sibi
294 2249 425 2282 videtur
454 2258 527 2280 esse
556 2245 729 2279 transfixa.
782 2244 883 2277 Hunc
911 2255 988 2276 vero
1017 2243 1175 2276 continue
1203 2243 1389 2276 cruciatum
1416 2243 1577 2277 sustinuit
1605 2241 1731 2287 absque

198 2295 357 2337 remedio,
384 2306 403 2327 a
419 2294 505 2326 festo
529 2292 642 2325 Sancti
664 2291 685 2324 J
688 2290 829 2324 ohannis
855 2290 1022 2334 Baptistae
1038 2301 1145 2334 usque
1162 2289 1204 2322 ad
1222 2289 1356 2322 vincula
1373 2289 1486 2322 Sancti
1505 2289 1607 2322 Petri.
1659 2289 1732 2322 Usa

200 2342 337 2390 quidem
365 2346 415 2374 est
444 2338 612 2379 cauteriis,
641 2344 675 2371 et
704 2336 1017 2379 scarificationibus,
1048 2341 1081 2369 et
1110 2335 1349 2378 fleubotomiis,
1381 2334 1731 2380 medicaminibusque

200 2388 351 2431 diversis,
370 2398 445 2431 quae
470 2385 555 2418 nihil
581 2385 611 2417 ei
633 2384 768 2429 penitus
788 2383 996 2427 profuerunt.
1047 2382 1201 2426 Cumque
1219 2382 1283 2415 sibi
1302 2382 1432 2415 videtur
1449 2382 1491 2415 ad
1509 2381 1640 2414 exitum
1658 2393 1731 2426 per-

201 2435 321 2482 urgeri,
351 2432 507 2478 quaedam
532 2437 725 2464 sanctorum
750 2430 824 2462 loca
853 2428 1012 2471 visitavit,
1039 2428 1099 2461 sed
1124 2439 1191 2461 non
1217 2434 1267 2461 est
1292 2428 1333 2461 ab
1358 2428 1556 2473 aegritudine
1578 2427 1732 2461 liberata.

202 2481 357 2525 Denique
374 2485 492 2524 pectus
511 2477 649 2510 candela
666 2475 882 2521 permetiens,
907 2474 1063 2519 promisit
1088 2486 1124 2507 se
1147 2474 1236 2507 beati
1261 2474 1400 2508 Godrici
1422 2474 1613 2519 sepulcrum
1631 2473 1731 2507 nudis

201 2527 344 2576 pedibus
363 2525 541 2558 adituram.
591 2523 621 2556 O
638 2523 724 2555 mira
740 2521 930 2566 benignitas
955 2521 1019 2553 Dei
1037 2521 1141 2553 nostri
1160 2521 1166 2554 l
1218 2520 1396 2553 Momento
1414 2521 1532 2553 eodem
1550 2520 1607 2553 ille
1625 2520 1732 2553 cruci-

201 2583 277 2610 atus
295 2572 432 2606 omnino
450 2570 603 2612 cessavit,
631 2575 663 2602 et
681 2568 738 2602 illa
755 2574 830 2613 post
849 2567 920 2600 dies
937 2579 1062 2612 paucos
1081 2572 1238 2599 eventum
1257 2567 1304 2599 rei
1323 2567 1427 2600 totius
1445 2578 1611 2609 enarrans,
1633 2566 1732 2600 nobis

203 2618 434 2669 praesentibuS,
465 2616 645 2650 incolumis
674 2614 765 2648 beati
795 2613 933 2647 Godrici
962 2613 1081 2645 limina
1109 2612 1269 2646 visitavit.
1330 2612 1443 2646 Nocte
1474 2613 1626 2657 sequenti
1654 2624 1731 2646 cum

204 2669 294 2703 dieta
311 2665 431 2698 mulier
450 2663 601 2708 vigilaret
618 2661 754 2703 ibidem,
781 2660 925 2694 Sanctus
951 2659 1119 2692 Godricus
1136 2658 1255 2701 astitit,
1280 2659 1309 2691 ei
1329 2659 1464 2693 dicens:
1493 2662 1501 2678 ‘
1515 2659 1641 2703 Vigila,
1658 2670 1733 2692 mu-

202 2717 275 2758 lier,
294 2711 412 2755 vigila3
438 2722 500 2755 ego
518 2720 591 2742 sum
611 2708 788 2749 Godricus,
806 2717 865 2751 per
885 2717 982 2750 quem
1001 2705 1062 2738 tibi
1082 2705 1174 2738 Deus
1193 2710 1342 2749 optatam
1361 2705 1504 2738 contulit
1521 2705 1699 2738 sanitatem
1712 2705 1732 2746 ;'

204 2769 236 2796 et
254 2765 329 2806 post
346 2757 418 2790 haec
436 2755 537 2789 verba
554 2752 754 2799 disparuit.”

249 2809 262 2828 ³
284 2802 492 2847 Gervasius]
509 2801 637 2835 Leland
650 2799 732 2844 (and
745 2799 830 2832 from
846 2798 915 2831 him
933 2798 1081 2841 Tanner)
1094 2797 1262 2830 mentions
1276 2809 1295 2830 a
1309 2797 1458 2831 Gervase
1472 2798 1510 2830 of
1524 2797 1732 2840 chichester,

205 2855 279 2889 who
297 2849 430 2885 studied
449 2855 482 2882 at
501 2848 604 2890 Paris,
631 2846 696 2880 and
719 2844 901 2879 flourished
927 2850 959 2877 at
983 2844 1041 2877 the
1065 2844 1147 2876 time
1165 2844 1202 2876 of
1223 2843 1280 2876 the
1298 2850 1395 2876 event
1418 2844 1496 2877 here
1514 2843 1707 2877 mentioned
1725 2856 1731 2877 τ

202 2903 262 2935 but
280 2895 429 2931 whether
442 2895 499 2928 the
517 2905 609 2927 same
626 2904 746 2938 person
765 2892 793 2925 is
811 2896 869 2924 not
887 2890 1023 2924 certain.
1075 2889 1164 2924 Bibl.
1185 2890 1269 2923 Brit.
1288 2901 1320 2934 p.
1340 2892 1418 2924 313.
