1839 3186
504 242 562 273 ET
598 241 862 274 MIRACULIS
899 242 934 273 s.
961 240 1179 273 GODRICI.
1532 226 1615 268 395

550 441 666 467 LXIII.
699 441 752 466 DE
783 439 958 466 BRACHIO
990 438 1125 465 ARIDO.

126 541 148 596 ξ
180 538 278 584 427.
316 539 428 581 ALIA
458 539 509 581 de
540 539 804 592 ¹Fulewella,
838 540 1004 582 nomine
1034 537 1233 594 Sungiva‚
1262 551 1370 578 uxor
1392 534 1611 592 cujusdam

71 608 301 648 Normanni
338 606 522 663 ejusdem
556 607 709 649 villulae
741 608 833 659 viri,
868 623 941 663 per
976 612 1061 648 tres
1100 620 1230 647 annos
1264 603 1482 646 brachium
1519 619 1613 645 cum

66 690 193 716 manu
225 673 388 715 aridum
418 674 635 725 habuerat,
662 674 723 716 ita
747 675 856 729 quod
889 674 992 715 nihil
1023 673 1191 714 omnino
1216 672 1351 727 operis
1382 686 1475 712 cum
1514 670 1613 726 ipsis

70 756 261 783 exercere
283 745 491 796 potuerat.
563 741 668 783 Haec
690 746 779 783 tam
802 757 951 783 manus
974 756 1098 796 quam
1119 739 1278 782 brachii
1308 738 1366 780 ibi
1390 738 1614 779 sanitatem

69 808 278 864 percepit3
314 806 433 863 cujus
460 806 717 850 infirmitatis
749 809 945 851 Ulfkilus
979 807 1226 864 praepositus
1258 806 1310 848 de
1344 805 1486 847 Aoum
1520 820 1614 847 cum

71 876 257 932 pluribus
280 875 425 917 multis
446 876 565 918 testis
589 876 758 918 assistit.

521 1037 633 1064 LXIV.
665 1038 717 1063 DE
748 1037 857 1063 CAECA
888 1036 1163 1063 ILLUMINATA.

132 1139 153 1193 ξ)
190 1139 286 1179 428.
322 1138 520 1191 QUAEDAM
547 1138 716 1180 Heccoc
749 1137 800 1179 de
825 1137 1028 1179 Bedefeld
1050 1136 1212 1178 duobus
1233 1135 1352 1177 annis
1376 1139 1418 1176 et
1444 1133 1615 1175 dimidio

74 1206 214 1246 lumen
246 1205 458 1247 oculorum
490 1205 714 1254 amiseram
749 1220 839 1260 quae
861 1205 931 1246 illo
965 1204 1104 1254 dueta,
1127 1203 1359 1259 perfectum
1388 1202 1528 1243 lumen
1556 1216 1617 1243 reu

73 1272 313 1328 cuperabat.

532 1371 629 1399 LXV.
662 1371 714 1396 DE
745 1371 855 1397 GENU
887 1369 1162 1396 LANGUENTIS.

136 1472 158 1527 ξ
190 1473 287 1514 429.
324 1471 507 1514 JUVENIS
538 1471 707 1527 quidam
741 1472 792 1513 de
826 1472 1015 1520 Sti-etun,
1049 1470 1213 1526 Helyas
1247 1466 1425 1517 nomine,
1456 1466 1618 1509 dimidii

74 1539 172 1581 anni
193 1543 380 1594 tempore
402 1555 512 1595 genu
541 1555 671 1580 unum
700 1539 805 1581 adeo
827 1538 1072 1594 languidum
1093 1536 1257 1585 habuit,
1282 1535 1392 1590 quod
1413 1549 1618 1590 nusquam

76 1606 161 1648 sine
185 1606 323 1648 baculi
345 1607 596 1648 adminiculo
619 1621 660 1648 se
682 1621 847 1648 movere
869 1605 1100 1661 praevaluit.
1163 1604 1244 1657 Qui
1265 1602 1458 1645 baculum
1481 1617 1615 1652 suuni,

76 1678 124 1715 ut
147 1673 435 1715 testimonium
471 1689 553 1715 suae
585 1673 770 1730 pristinae
801 1672 1068 1724 infirmitatis,
1092 1672 1150 1713 ibi
1183 1670 1381 1719 deseruit,
1413 1683 1618 1724 sanusque

79 1740 249 1782 domum
270 1740 407 1782 rediit.

365 1903 475 1930 LXVI.
506 1904 558 1930 DE
588 1903 754 1930 BRACHII
784 1903 833 1929 ET
863 1902 1066 1929 TIBIARUM
1098 1901 1263 1928 SALUTE.

149 2004 171 2058 ξ
194 2005 291 2046 430.
320 2004 494 2046 MULIER
511 2004 562 2046 de
579 2004 817 2056 Grendune‚
834 2004 1014 2046 Alditha
1027 2008 1188 2054 vocata,
1209 2017 1282 2058 per
1296 2016 1425 2044 annos
1440 2000 1618 2056 quinque

82 2074 246 2112 tantam
284 2070 570 2113 infirmitatem
603 2087 698 2113 cum
732 2072 873 2114 dolore
910 2071 1152 2113 continuato
1183 2084 1379 2126 perpessa
1409 2067 1620 2119 sustinuit,

81 2137 191 2191 quod
220 2138 496 2190 brachiorum,
521 2139 731 2190 tibiarum,
759 2155 808 2181 ac
842 2139 970 2181 totius
1002 2138 1064 2181 sui
1097 2137 1278 2193 corporis
1309 2141 1470 2178 motum
1492 2135 1622 2177 virtu-

81 2208 247 2258 temque
278 2205 476 2248 amiserit.
549 2206 737 2247 Tandem
770 2217 867 2248 vero
901 2207 971 2248 vix
1008 2205 1061 2247 ad
1092 2204 1249 2259 aliquid
1279 2219 1321 2246 se
1354 2218 1517 2246 movere
1546 2201 1621 2243 im-

80 2272 273 2325 possibile
294 2272 441 2314 habuit
459 2290 469 2322 3
506 2273 578 2315 sed
599 2273 669 2315 illo
688 2274 868 2325 veniens⁷
893 2273 1116 2316 sanitatem
1136 2271 1335 2328 percepit.

552 2437 678 2463 LXVII.
711 2438 763 2463 DE
795 2438 926 2463 SURDA
957 2437 1006 2462 ΕΤ
1038 2437 1169 2463 MUTA.

144 2539 165 2593 ἓ
197 2539 296 2580 431.
331 2539 529 2592 QUAEDAM
556 2538 708 2594 puella,
732 2538 911 2580 Adeliza
939 2537 1065 2587 dicta,
1092 2552 1141 2578 ac
1175 2536 1369 2577 Hortune
1401 2535 1444 2577 in
1467 2535 1621 2576 Herte-

83 2611 215 2652 burne
240 2606 345 2647 scira
366 2605 552 2656 oriunda,
578 2610 685 2647 teste
707 2610 825 2660 patre
847 2621 933 2655 suo,
957 2604 1026 2659 qui
1055 2619 1145 2645 eam
1167 2618 1262 2644 eum
1286 2602 1527 2658 parentibus
1548 2601 1620 2643 ad-

86 2674 220 2724 duxit,
255 2673 308 2714 ab
344 2674 434 2728 ipsa
465 2673 685 2714 nativitate
720 2687 794 2714 sua
822 2672 947 2714 surda
975 2676 1017 2712 et
1045 2676 1163 2711 muta
1192 2671 1373 2711 exstitit.
1435 2669 1535 2721 Quae
1564 2668 1621 2710 ibi

87 2742 279 2785 auditum
312 2739 553 2796 percipiens,
590 2744 631 2781 et
665 2754 757 2794 quae
790 2754 1003 2793 nunquam
1037 2737 1150 2793 prius
1180 2736 1336 2791 aliquid
1367 2736 1507 2778 locuta
1529 2735 1623 2787 fuit,

86 2810 142 2852 ibi
164 2807 391 2863 alloquenti
412 2821 504 2848 eam
524 2807 634 2862 patri
659 2822 731 2848 suo
756 2806 945 2860 quaedam
966 2805 1093 2847 verba
1114 2803 1342 2859 respondit.

484 2949 495 2969 ¹
518 2948 550 2982 F
550 2946 726 2993 ulewella]
756 2947 782 2981 F
787 2946 910 2991 ulwoll,
931 2958 1009 2980 near
1027 2945 1252 2979 Smnlerland.
