1839 3186
230 189 313 228 324
748 198 979 229 LIBELLUS
1015 198 1077 229 DE
1112 198 1227 230 VITA

228 301 330 342 est.''
382 301 490 342 Nam
511 316 604 342 cum
626 305 845 356 gustasset,
868 302 999 343 noluit
1024 302 1250 352 comedere,
1273 301 1369 356 quia
1385 299 1474 356 jam
1491 301 1617 343 sensit
1636 301 1759 343 solius

227 367 373 409 mortis
392 367 553 408 aditum
576 383 662 422 prae
684 367 839 409 foribus
862 367 984 409 ¹esse.

295 434 312 485 ᾗ
332 432 429 477 307.
478 434 701 475 Nocturnis
738 433 913 489 denique
948 434 1105 475 umbris
1147 433 1226 474 diei
1268 434 1479 475 clariorem
1521 433 1756 488 lampadem

227 500 529 554 sepelientibus,
555 500 702 541 fratres
737 500 796 540 illi
828 515 969 541 omnes
1003 499 1187 554 2vigilias
1207 501 1339 541 noctis
1373 499 1480 540 circa
1512 514 1604 540 eum
1635 514 1755 554 agere

226 567 525 620 praeparabant,
554 566 649 620 quia
670 581 763 606 eum
785 566 838 606 ad
855 571 1042 606 extrema
1063 567 1272 620 perurgeri
1291 566 1605 620 perspiciebant.
1655 566 1756 606 Per-

225 632 433 685 quirentes
454 632 580 687 igitur
604 632 655 672 ab
683 632 751 671 illo
774 632 806 672 si
835 647 936 686 opus
958 636 1063 673 esset
1087 637 1134 672 ut
1155 631 1338 672 fraterna
1360 632 1511 672 caritas
1533 632 1641 672 circa
1669 630 1756 686 ejus

225 698 456 739 custodiam
492 698 653 752 vigilias
693 703 846 752 ageret,
883 697 1004 747 dixit,
1045 697 1152 738 “Ite
1185 712 1327 738 omnes
1347 712 1419 738 vos
1446 703 1487 738 et
1511 696 1602 752 jam
1624 697 1754 738 securi

225 764 373 818 quique
398 764 667 818 requiescite;
704 764 800 817 quia
819 778 901 804 non
932 778 1034 817 opus
1067 767 1128 804 est
1159 767 1206 803 ut
1242 764 1349 804 circa
1376 778 1442 803 me
1476 763 1654 817 vigiletis
1675 763 1756 804 ista

223 830 384 871 nocte.''
447 830 567 882 Quod
596 830 653 869 illi
676 830 903 879 audientes,
934 828 1023 885 jam
1046 830 1176 870 securi
1198 830 1252 870 ad
1284 829 1456 870 lectulos
1477 829 1751 879 divertebant,

223 897 319 949 quia
336 896 386 936 de
408 896 534 950 ipsius
550 895 830 950 promissionis
850 896 974 936 verbo
990 894 1212 936 diffidendo
1232 896 1422 937 haesitare
1443 910 1524 935 non
1546 900 1753 950 poterant.

221 962 402 1016 Jamque
425 963 532 1002 circa
544 961 676 1002 noctis
691 961 874 1002 medium
896 961 1022 1002 sensit
1042 961 1328 1016 aegritudinem
1348 961 1547 1002 excedere
1563 962 1753 1002 humanae

220 1028 647 1083 paffienffiaarnodunn
682 1028 967 1081 advocansque
999 1042 1128 1068 ununi
1165 1028 1370 1081 quondan}
1418 1027 1494 1068 sssn
1533 1027 1751 1081 specstdenl

220 1094 468 1144 ministrnm,
493 1094 612 1144 dixit,
654 1098 678 1115 ‘⁶
695 1094 816 1134 Solve
836 1093 956 1135 istius
981 1094 1132 1148 cinguli
1152 1094 1321 1144 nodum,
1345 1108 1424 1147 quo
1448 1093 1555 1134 infra
1586 1093 1753 1135 inferius

220 1161 498 1201 mamillarum
530 1160 660 1201 instar
682 1160 935 1200 domicilium
968 1164 1104 1200 totum
1125 1159 1304 1214 graviori
1334 1159 1530 1214 compede
1554 1159 1753 1201 constrin-

219 1223 703 1281 gustu-pectusineunaff'
781 1225 975 1266 Internus
1007 1225 1335 1279 quiden11norbi
1368 1225 1608 1266 dohnrissuc
1638 1230 1752 1267 totus

220 1293 473 1343 ascenderat,
499 1292 566 1347 qui
588 1292 695 1332 mole
717 1306 799 1332 suae
820 1291 1119 1346 magnitudinis
1139 1296 1230 1332 tota
1247 1292 1356 1332 illius
1384 1292 1512 1346 partis
1534 1292 1753 1333 secretiora

220 1364 485 1413 pervaserat3
520 1358 629 1399 unde
663 1358 770 1398 forte
804 1358 1037 1412 reputabat,
1061 1357 1139 1398 hoc
1160 1358 1327 1412 aliquod
1349 1372 1447 1407 esse,
1472 1357 1577 1398 sicut
1602 1363 1642 1398 et
1663 1363 1751 1399 erat

221 1440 387 1480 corpore
424 1424 753 1474 succinctorium,
786 1424 895 1477 quod
930 1428 1017 1464 tam
1040 1423 1118 1464 diri
1150 1424 1185 1464 ei
1219 1424 1337 1464 exitii
1368 1423 1570 1464 inferebat
1597 1423 1751 1465 incom-

219 1491 402 1532 modum.
466 1491 586 1544 Quod
621 1490 841 1531 advertens
872 1490 1058 1531 minister
1098 1490 1166 1543 qui
1203 1490 1238 1530 ei
1275 1489 1499 1539 assidebat,
1542 1490 1750 1531 asserebat

219 1558 329 1611 quod
353 1557 505 1598 nodum
529 1557 643 1597 illum
666 1556 887 1597 dissolvere
908 1571 1028 1597 nemo
1048 1555 1125 1596 nisi
1148 1556 1267 1596 Solus
1303 1556 1418 1596 Deus
1438 1560 1615 1609 poterat.
1677 1555 1749 1597 Ad

219 1639 307 1678 quae
328 1624 511 1678 graviter
532 1622 740 1677 suspirans
761 1622 843 1669 ille,
860 1636 1110 1675 manumque
1135 1622 1341 1676 prolatam
1364 1636 1612 1676 componens
1634 1623 1748 1675 quasi

217 1690 270 1730 ad
292 1690 547 1745 signaculum
570 1688 710 1730 Crucis
730 1688 772 1728 in
807 1693 986 1743 pectore,
1017 1687 1192 1736 dicebat,
1228 1687 1426 1728 “Sancta
1459 1687 1608 1738 Maria,
1641 1703 1750 1729 nunc

218 1756 280 1797 tui
317 1756 463 1797 miselli
496 1755 700 1805 miserere,
741 1759 782 1794 et
819 1752 942 1808 hujus
974 1754 1244 1808 praecinctorii
1277 1754 1431 1794 nodum
1468 1768 1590 1807 quam
1629 1754 1749 1795 citius

217 1822 369 1863 solve.”
440 1821 750 1874 Conversusque
781 1824 871 1860 toto
906 1820 1043 1860 animo
1079 1820 1132 1860 ad
1164 1819 1403 1869 Dominum,
1442 1824 1581 1860 mente
1612 1820 1749 1874 potius

219 1904 342 1943 quam
375 1903 444 1929 ore
479 1888 521 1927 in
560 1886 704 1927 cordis·
727 1885 913 1926 cubiculo
953 1891 994 1926 et
1027 1886 1177 1927 nullius
1217 1886 1331 1926 verbi
1376 1885 1749 1928 submurmurantis

215 1954 403 2005 stridulo,
439 1952 608 1994 Domini
643 1951 904 1992 clementia-m
940 1951 1172 2002 invocabat,
1216 1951 1312 2005 quia
1349 1951 1496 1992 fornax
1540 1952 1747 2006 languoris

214 2035 357 2061 omnes
377 2035 480 2074 pene
502 2018 612 2060 vocis
637 2018 672 2058 ei
705 2018 842 2058 fauces
864 2022 1087 2058 excoxerat
1105 2033 1115 2063 ;
1172 2017 1308 2071 sicque
1332 2017 1593 2066 decumbens,
1610 2023 1746 2058 ortum

218 2086 298 2127 diei
329 2089 634 2141 superventurae
657 2083 941 2138 exspectabat,
966 2083 1033 2137 qui
1070 2082 1105 2123 ei
1129 2083 1215 2124 dies
1237 2087 1402 2123 aeternae
1425 2083 1525 2124 lucis
1561 2082 1746 2125 3futurus

214 2157 319 2194 erat.

264 2261 273 2279 ¹
368 2286 382 2293 ,.
508 2270 529 2292 s.
634 2286 641 2292 .

262 2307 275 2325 ²
288 2258 571 2352 ἐξιῗίἓιεῒέἓῐίίῗ
594 2258 752 2338 ῗᾞιϊΐρηθ
769 2305 861 2350 gives
880 2316 922 2338 an
947 2310 1078 2339 extract
1095 2305 1181 2339 from
1199 2305 1257 2339 the
1276 2305 1352 2339 MS.
1370 2305 1619 2339 Constitutions
1637 2305 1675 2339 of
1687 2305 1744 2339 the

214 2353 375 2386 Cluniacs
392 2352 502 2385 which
520 2351 702 2384 illustratos
720 2351 787 2384 this
804 2363 955 2396 passage.
993 2351 1025 2384 It
1042 2352 1070 2384 is
1088 2351 1176 2386 this:
1204 2354 1224 2370 ‘⁴
1240 2352 1280 2385 In
1299 2358 1397 2385 nocte
1414 2352 1534 2385 famuli
1554 2364 1668 2385 omnes
1687 2352 1744 2397 qui

215 2405 292 2433 sunt
310 2400 343 2432 in
361 2397 545 2431 infirmaria
562 2397 739 2441 diligenter
756 2397 938 2441 excubant,
963 2409 1005 2430 nc
1029 2397 1142 2431 obitus
1170 2399 1243 2441 ejus
1270 2397 1432 2444 [infirmi]
1456 2398 1638 2443 improviso
1669 2410 1745 2431 eve-

215 2445 323 2480 niat.''
372 2445 424 2477 De
442 2444 560 2488 Antiq.
580 2443 739 2476 Monach.
757 2444 906 2484 Ritibus,
925 2455 955 2476 v.
973 2443 1043 2476 viii.
1064 2441 1081 2487 ξ
1101 2447 1155 2477 86.

261 2493 274 2513 ³
301 2492 451 2525 Futurus
462 2490 559 2535 erat]
581 2489 676 2522 Thus
690 2489 844 2522 narrated
857 2490 891 2522 in
905 2489 962 2522 the
976 2489 1071 2522 Harl.
1089 2501 1302 2534 anonymous
1322 2489 1458 2534 Legend
1476 2502 1482 2523 :
1508 2489 1588 2523 “Ab
1606 2490 1678 2535 ipso
1690 2489 1744 2523 die

214 2538 434 2572 Ascensionis
452 2536 554 2581 coepit
570 2536 706 2568 morbus
724 2536 965 2579 ingravescere,
984 2535 1157 2580 virumque
1176 2542 1330 2569 sanctum
1348 2542 1423 2580 post
1440 2536 1616 2569 molestIaS
1633 2536 1743 2580 gravi-

214 2597 287 2618 ores
305 2584 347 2617 ad
365 2584 495 2616 exitum
521 2588 699 2615 coarctare.
750 2581 929 2614 Dominica
954 2582 1107 2625 sequenti
1132 2582 1250 2615 fratres
1277 2581 1332 2625 qui
1359 2582 1507 2624 aderant,
1534 2582 1743 2626 quaesierunt

214 2631 256 2664 ab
284 2643 333 2673 eo,
361 2635 474 2662 utrum
502 2629 543 2661 de
560 2628 623 2660 hoc
653 2627 859 2660 infirmitatis
888 2627 1030 2660 articulo
1058 2634 1171 2672 posset
1199 2627 1349 2660 evadere.
1410 2627 1477 2669 Qui
1511 2628 1719 2672 respondens
1734 2639 1741 2661 :

214 2675 449 2718 “Godricns,'’
477 2675 534 2718 ait,
561 2674 685 2707 “hunc
716 2673 894 2707 articulum
923 2685 989 2706 non
1017 2673 1145 2716 evadet,
1174 2673 1346 2717 providete
1372 2678 1408 2705 nt
1432 2673 1511 2706 fidei
1537 2674 1742 2706 Christianae

214 2728 422 2756 sacramenta
432 2720 630 2767 percipiat.''
650 2720 730 2753 Post
740 2719 812 2753 haec
825 2719 927 2764 coepit
940 2719 968 2752 ei
981 2718 1114 2763 loquela
1126 2719 1268 2752 deficere
1279 2730 1338 2763 per
1349 2725 1531 2762 momenta,
1544 2726 1577 2752 et
1590 2719 1743 2764 aliquan-

215 2770 256 2803 do
271 2769 335 2802 nisi
350 2780 428 2801 anre
445 2768 581 2812 propius
599 2766 745 2809 admota,
760 2777 825 2799 non
840 2772 971 2811 poterat
982 2765 1107 2810 percipi
1123 2764 1211 2809 quod
1224 2765 1357 2798 dicebat
1374 2777 1382 2806 3
1408 2764 1490 2798 hora
1506 2771 1620 2798 tamen
1638 2765 1742 2798 refec-

213 2816 314 2848 tionis
329 2815 416 2848 dixit
432 2814 601 2847 hilaritate
615 2824 680 2857 qua
697 2812 807 2857 potuit
823 2825 830 2846 :
881 2813 902 2830 “
914 2811 1063 2845 Proferte
1089 2811 1192 2854 cibos,
1208 2816 1245 2843 ut
1265 2811 1415 2854 jocunde
1440 2822 1517 2844 cum
1536 2811 1659 2844 nostris
1677 2811 1742 2844 fra-

211 2862 319 2895 tribus·
345 2860 570 2893 comedamus.
649 2858 804 2892 Habebat
830 2858 918 2891 enim
945 2868 987 2891 ex
1013 2857 1257 2890 consuetudine
1282 2856 1432 2901 hospites
1458 2857 1499 2890 ad
1524 2857 1741 2893 refectionem
