1839 3186
506 164 566 195 ET
598 163 865 196 MIRACULIS
897 162 931 194 S.
959 161 1176 194 GODRICI.
1521 145 1606 190 275

66 363 152 389 OAP.
186 364 320 390 CXLIV.
390 364 591 393 QUALITER
627 365 802 390 SPIRITUS
834 364 1040 390 AVARITIAE
1074 363 1162 389 EUM
1197 359 1495 393 TEMPTAVERIT,
1529 358 1600 383 SED

295 431 339 455 ΙΝ
370 430 581 457 ILLUSIONE
616 431 787 457 PROPRIA
818 430 956 457 VICTUS
994 430 1043 454 ET
1074 429 1249 454 DELUSUS
1280 411 1370 453 SIT.1

127 531 149 585 ἓ
172 533 269 573 260.
308 532 569 573 MULTIMODA
590 530 911 584 temptaminum
932 529 1133 570 varietate
1155 527 1170 548 2
1178 542 1273 582 pars
1288 526 1428 580 iniqua
1444 524 1598 564 (1301110-

67 612 166 638 1111111
199 597 285 639 viro
321 598 401 638 Dei
438 597 665 638 conabatur
701 596 897 644 illudere3
933 595 1018 645 sed,
1056 595 1226 636 Domini
1263 593 1393 634 fretus
1427 589 1595 638 auxilio,

67 678 228 719 semper
246 678 298 704 ex
318 679 459 705 eorum
477 663 665 717 decipula
686 662 943 717 triumphum
963 661 1102 717 gloriae
1124 660 1335 702 consuevit
1357 671 1498 700 servus
1516 655 1597 696 Dei

66 730 312 784 perquirere.
374 729 559 784 Contigit
592 729 787 770 nimirum
818 733 939 769 nocte
972 727 1152 782 quadam
1185 732 1233 767 ut
1267 723 1476 780 soporanti
1506 723 1595 764 viro

67 795 148 837 Dei
173 795 341 850 quidam
362 797 584 846 assisteret,
608 800 649 836 et
670 795 731 836 ita
752 809 846 835 eum
865 808 1126 835 commonens
1143 798 1184 834 et
1199 793 1405 834 instruens
1427 790 1593 839 diceret,

68 866 94 886 ‘⁶
115 861 307 913 Godrice,
329 878 450 904 mane
471 862 581 903 facto
606 876 817 916 consurge,
841 866 882 902 et
904 860 945 901 in
967 861 1036 901 1110
1060 860 1149 901 1000
1171 865 1325 900 terram
1346 857 1467 904 fode;
1503 854 1600 910 quia

67 927 174 969 infra
193 928 281 970 haec
301 929 409 970 atria
428 934 503 970 tua
523 929 764 969 thesaurum
785 927 1058 982 pergrandem
1079 926 1233 981 poteris
1256 924 1464 969 invenire;
1499 936 1597 963 nam

67 1009 189 1048 quem
209 995 300 1037 aliis
321 995 477 1036 diutius
500 994 702 1036 hactenus
732 993 1041 1043 occultavimus,
1075 1007 1185 1033 nunc
1218 991 1294 1033 tibi
1329 988 1598 1031 revelandum

67 1060 286 1110 credimus,
310 1062 406 1116 quia
425 1062 503 1102 hoc
524 1061 607 1102 tuis
633 1060 792 1101 meritis
822 1059 1010 1101 debitum
1040 1058 1231 1100 scimus.’'
1302 1056 1481 1112 Spiritus
1512 1053 1598 1108 qui-

67 1125 161 1167 dem
182 1127 393 1183 philargiae
415 1127 593 1178 exstitit,
626 1127 695 1181 qui
716 1140 768 1167 ex
790 1126 878 1167 auri
910 1140 1026 1167 sacra
1053 1125 1162 1166 fame
1184 1123 1388 1179 cupidinis
1409 1121 1598 1163 fomitem

66 1193 152 1234 zelo
187 1194 376 1235 avaritiae
408 1195 450 1235 in
483 1192 569 1249 ejus
602 1198 768 1248 pectore
802 1192 859 1233 sic
893 1192 1102 1247 delegerat
1137 1191 1357 1232 concitare.
1420 1188 1599 1229 Peracto

68 1259 219 1301 exinde
239 1260 449 1315 aliquanto
470 1265 667 1315 tempore,
701 1258 852 1314 saepius
885 1258 978 1299 haec
1008 1258 1146 1299 animo
1167 1257 1348 1307 volvens,
1385 1252 1599 1311 proposuit

69 1324 119 1366 de
143 1340 381 1368 mammona
406 1326 637 1380 iniquitatis
665 1325 832 1380 aliquod
867 1339 970 1380 opus
1005 1323 1190 1366 caritatis
1221 1322 1392 1370 efficere,
1426 1326 1468 1362 et
1499 1335 1600 1375 pau-

67 1406 185 1446 peres
204 1393 270 1434 vel
291 1393 433 1448 inopes
455 1393 505 1434 de
526 1391 709 1434 thesauri
730 1390 965 1433 inveniendi
987 1390 1161 1446 copiosis
1182 1389 1397 1445 stipendiis
1424 1386 1600 1429 alacrius

68 1458 264 1500 refovere.
326 1459 418 1500 Tali
450 1459 625 1513 denique
660 1458 869 1500 animatus
903 1457 1125 1513 proposito,
1159 1457 1339 1511 quadam
1376 1455 1441 1495 die
1477 1452 1599 1507 coepit

70 1523 140 1565 illo
161 1525 204 1566 in
223 1525 326 1576 1000,
350 1526 420 1580 qui
441 1525 478 1567 ei
502 1530 690 1567 ostensus
712 1525 803 1576 fuit,
828 1524 952 1566 altius
973 1529 1128 1565 terram
1149 1522 1353 1571 effodere3
1389 1526 1430 1562 et
1458 1520 1501 1561 in
1523 1519 1598 1560 cir-

68 1590 182 1632 cuitu
213 1592 405 1646 gradiens
443 1607 492 1633 ac
532 1591 704 1642 fodiens,
749 1606 877 1645 usque
916 1590 970 1631 ad
1012 1590 1210 1631 interiora
1242 1594 1361 1630 terrae
1395 1585 1598 1643 pervenit.

69 1656 172 1698 Post
192 1657 282 1699 haec
303 1673 409 1708 ecce,
434 1658 602 1712 quidam
624 1657 739 1712 quasi
759 1658 875 1712 pueri
896 1656 1016 1712 nigri,
1039 1656 1186 1711 capillo
1208 1655 1355 1710 capitis
1376 1651 1597 1701 3decusati,

68 1723 136 1777 qui
152 1724 304 1766 rectius
323 1724 403 1765 dici
418 1728 589 1779 possunt
603 1723 810 1778 4Pigmaei,
821 1723 864 1764 id
879 1727 954 1774 est,
974 1722 1277 1764 semicubitales
1289 1720 1488 1770 homines,
1504 1717 1600 1773 quia

68 1789 141 1830 vix
173 1805 199 1831 a
228 1795 340 1832 terra
373 1791 497 1832 altius
529 1790 833 1845 prominentes3
871 1788 981 1830 unde
1006 1789 1057 1829 de
1095 1789 1171 1830 sub
1207 1787 1362 1829 effossis
1395 1785 1598 1840 cespitum

65 1855 224 1898 rimulis
245 1857 536 1911 procedebant,
561 1861 602 1897 et
623 1857 665 1897 in
686 1870 780 1897 eum
802 1855 1106 1905 cachinnantes,
1139 1855 1321 1896 minutas
1352 1852 1515 1909 pillulas
1536 1851 1598 1892 fu-

66 1922 271 1976 migantes
284 1921 540 1978 jaculabant.
603 1922 763 1978 Fumus
793 1922 862 1976 qui
894 1921 944 1962 de
976 1921 1128 1976 pillulis
1158 1920 1422 1976 procedebat,
1457 1917 1599 1973 magni

68 1988 222 2031 foetoris
243 1993 284 2030 et
303 1989 573 2030 intolerabilis
595 1993 697 2030 erat.
759 1988 871 2041 Quos
900 1988 986 2043 ipse
1015 1988 1158 2029 statim
1187 1986 1368 2028 advertit
1392 1986 1598 2027 daemones

69 2069 168 2105 esse,
195 2060 237 2096 et
257 2070 340 2096 non
358 2055 536 2097 infantes
554 2073 564 2104 ;
600 2054 709 2096 unde
731 2059 772 2095 et
793 2060 913 2096 terrae
934 2054 1109 2104 foveam,
1133 2054 1286 2109 cespite
1308 2068 1401 2094 cum
1428 2051 1597 2107 pulvere

69 2119 234 2176 rejecto,
269 2121 442 2177 operuit,
476 2127 517 2163 et
549 2121 606 2163 510
637 2121 679 2162 111
713 2136 782 2163 005
816 2121 1084 2171 subsannans,
1120 2119 1240 2171 dixit,
1286 2123 1312 2142 ‘⁶
1332 2119 1454 2169 Ecce,
1487 2116 1598 2172 quod

71 2192 255 2228 vestrum
277 2193 338 2229 est
360 2188 559 2243 percipite
581 2193 622 2229 et
646 2187 853 2242 possidete
872 2204 882 2235 3
917 2186 1091 2242 pecunia
1111 2186 1295 2228 thesauri
1316 2185 1442 2228 vestri
1463 2184 1598 2225 vobis-

70 2268 164 2294 cum
195 2254 248 2295 sit
278 2254 320 2294 in
348 2254 608 2309 perditione;
647 2268 744 2295 nam
778 2253 881 2294 nihil
914 2253 1024 2307 quod
1044 2257 1242 2304 vestrum,
1275 2252 1341 2294 vel
1375 2251 1596 2292 mundanae

69 2334 231 2374 pompae
263 2320 329 2370 sit,
365 2320 516 2362 habere
548 2320 748 2370 desidero,
786 2319 859 2361 sed
892 2319 1047 2362 Christi
1079 2318 1265 2361 confixus
1297 2317 1433 2369 Cruci,
1470 2317 1595 2358 Illum

70 2385 201 2426 solum
223 2386 399 2440 quaero.”
460 2386 542 2428 His
564 2386 701 2435 dictis,
723 2386 875 2427 fossam
905 2390 1016 2427 terra
1040 2385 1263 2441 cooperuit,
1294 2399 1370 2426 nec
1391 2400 1416 2425 a
1440 2383 1505 2425 die
1528 2382 1599 2424 illa

70 2452 134 2492 vel
156 2451 347 2507 deinceps
368 2452 586 2507 quicquam
612 2452 701 2494 auri
728 2453 793 2493 vel
825 2451 985 2507 argenti
1010 2452 1086 2493 sibi
1120 2451 1271 2493 alicubi
1303 2465 1497 2506 reponere
1528 2463 1598 2490 vo-

72 2543 198 2578 Christi
215 2546 375 2591 praecipio
388 2545 450 2579 tibi
464 2551 502 2579 ut
518 2546 595 2589 ista,
606 2557 662 2579 me
673 2545 817 2588 vivente,
832 2556 898 2578 non
917 2544 1010 2578 dicas
1024 2557 1033 2586 3
1058 2555 1114 2577 1110
1128 2544 1298 2587 defuncto,
1315 2548 1411 2589 potes
1429 2554 1468 2576 ea
1485 2541 1596 2575 dicere

69 2590 282 2670 Sgssgcgnsilio
309 2592 517 2627 sacerdotis?
583 2592 659 2625 Hoc
685 2591 743 2625 ille
768 2591 817 2625 vir
843 2591 956 2635 modo,
986 2590 1171 2624 sacerdotis
1193 2592 1302 2634 jussu,
1333 2589 1506 2635 propalare
1527 2599 1595 2621 non

115 2683 124 2702 ¹
151 2663 225 2716 th
241 2683 346 2718 found
364 2684 398 2718 in
415 2684 473 2718 the
491 2684 587 2719 Harl.
606 2684 682 2718 MS.
1057 2682 1071 2702 ²
1085 2682 1175 2717 Pars
1190 2682 1332 2727 iniqua]
1355 2682 1417 2715 Sec
1435 2681 1452 2726 ξ
1472 2682 1551 2714 129.

114 2729 126 2748 ³
146 2729 336 2775 Decusati]
364 2731 557 2776 According
574 2736 608 2764 to
626 2730 648 2764 J
651 2730 705 2764 oh.
724 2730 765 2764 de
783 2730 805 2764 J
808 2741 895 2764 anua
912 2729 980 2763 this
998 2729 1077 2762 verb
1103 2730 1131 2762 is
1158 2729 1293 2762 derived
1310 2729 1396 2761 from
1424 2726 1597 2772 ί((100115,”

67 2774 134 2808 and
151 2775 180 2808 15
203 2776 393 2821 equivalent
418 2782 453 2809 to
471 2778 632 2820 “ornare,
650 2782 827 2810 venustare
843 2776 876 2818 ;’'
903 2788 959 2809 sce
984 2776 1041 2809 Du
1064 2775 1189 2819 Gange,
1215 2775 1251 2809 ii.
1280 2777 1381 2808 1353.
1434 2773 1517 2807 This
1539 2784 1599 2807 ex-

68 2820 238 2865 planation
258 2821 337 2855 does
354 2827 414 2855 not
431 2834 553 2867 appear
569 2823 793 2868 satisfactory,
811 2823 872 2856 but
889 2834 932 2856 no
949 2822 1060 2856 better
1076 2826 1229 2866 presents
1246 2820 1346 2854 itself.

116 2867 129 2886 ⁴
146 2867 316 2915 Pigmaei]
344 2868 407 2901 See
426 2866 444 2913 ξ
465 2870 543 2903 187.
1397 2914 1417 2945 2

1359 2923 1379 2946 T
