1839 3186
530 163 590 196 ΕΤ
625 163 892 196 MIRAOULIS
929 164 1217 202 5100011161.
1553 151 1634 192 169

102 266 228 323 igitur
246 266 282 309 ei
305 266 535 309 ¹Robertus
562 266 690 308 abbas
726 265 777 306 de
807 266 926 308 Novo
951 266 1208 307 Monasterio
1239 266 1478 308 notissimus
1512 271 1636 320 atque

103 334 327 383 familiaris,
365 333 513 387 quique
555 333 592 373 ei
633 334 841 387 praecipue
886 332 1118 373 dilectionis
1165 334 1439 387 praerogativa
1481 333 1638 374 amicus

103 401 253 441 enituit
278 400 540 454 singulariter
569 404 714 454 gratus
736 404 777 439 et
799 399 1078 454 acceptabilis.
1150 399 1235 439 Hic
1255 399 1291 439 ei
1312 400 1454 441 vivens
1477 399 1637 440 domes-

103 467 210 508 ticus
235 466 402 507 Qdoctor
440 471 541 515 erat,
578 471 619 506 et
647 481 672 506 a
697 464 875 515 secretiS,
908 470 1054 520 utpote
1091 465 1393 506 confessionum
1427 466 1533 507 servi
1557 464 1637 506 Dei

103 532 345 587 mitissimus
366 532 552 573 medicus
573 536 614 573 et
639 532 877 586 probabilis.

162 599 180 651 §
204 601 299 641 160.
331 598 572 639 ³Redeunte
617 598 743 653 igitur
783 613 830 639 eo
871 613 896 639 a
928 596 1153 651 4colloquio
1196 598 1262 639 vel
1303 598 1539 640 visitatione
1573 613 1639 638 eo-

103 665 303 706 abbatum
331 680 498 707 suorum
530 664 580 705 de
613 665 799 719 partibus
820 664 986 719 Angliae
1018 664 1199 716 semotis,
1237 665 1350 707 venit
1385 665 1439 706 ad
1475 679 1637 707 servum

105 731 198 781 Dei,
224 736 493 787 percepturus
513 731 566 772 ab
586 731 674 786 ipso
696 731 868 772 verbum
889 730 1057 784 aliquod
1087 731 1165 785 piae
1192 732 1510 781 consolation1s3
1552 731 1639 788 ipse

105 798 307 852 siquidem
332 798 402 839 illo
437 798 640 839 divertere
662 797 810 852 saepius
833 802 1117 846 consueverat,
1142 803 1182 839 et
1210 813 1505 853 nonnunquam
1527 799 1639 854 apud

105 864 221 905 illum
246 864 391 906 diebus
415 864 600 919 integris,
633 872 706 905 aut
737 864 863 905 etiam
887 869 1008 905 nocte
1030 879 1112 905 una
1134 865 1476 919 perhendinabat.
1538 867 1640 907 Pos-

106 930 240 971 tulata
261 935 360 971 tunc
385 930 559 984 denique
580 945 606 971 a
626 945 742 971 servo
759 930 840 971 Dei
861 930 1041 980 licentia,
1061 930 1230 972 domum
1247 932 1370 972 rediit
1389 949 1399 980 ;
1429 937 1470 973 et
1491 933 1641 974 acerba

107 1001 318 1052 correptus
348 995 602 1045 infirmitate,
636 996 787 1037 lectulo
824 1011 897 1037 suo
931 995 1023 1052 ι111111
1065 1012 1168 1051 pene
1210 998 1481 1040 moribundus
1521 1015 1640 1040 aceu-

105 1063 208 1104 buit.
271 1062 330 1104 Et
352 1063 459 1117 quia,
484 1062 564 1103 Dei
588 1060 748 1118 judicio
785 1062 1039 1117 disponente,
1062 1078 1184 1104 nemo
1206 1064 1445 1105 mortalium
1468 1066 1641 1121 eripitur

106 1145 131 1171 a
156 1129 297 1171 debito
318 1130 464 1171 mortis
499 1127 515 1150 ⁵
523 1129 793 1184 persolvendo
819 1129 984 1181 talione,
1007 1129 1137 1172 abbas
1158 1130 1224 1171 ille
1247 1130 1467 1173 Dominico
1490 1132 1640 1174 viatico

153 1240 164 1260 ¹
185 1240 351 1275 Robertus
366 1240 461 1273 abbas
474 1241 512 1274 de
529 1240 626 1274 Novo
646 1238 886 1285 Monosterio]
914 1239 1157 1283 Newminster,
1175 1251 1255 1273 near
1273 1239 1434 1286 Morpeth
1458 1242 1493 1275 in
1512 1242 1642 1277 North—

107 1287 319 1330 umberland,
336 1299 404 1321 was
422 1287 570 1320 founded
588 1287 622 1320 in
642 1288 743 1330 1137,
761 1287 812 1320 for
831 1286 1018 1319 Cistercian
1044 1286 1165 1320 monks
1184 1286 1330 1332 brought
1347 1288 1432 1321 from
1452 1289 1641 1324 Fountains

108 1334 218 1379 abbey
235 1334 269 1367 in
290 1334 486 1377 Yorkshire,
512 1334 558 1379 by
584 1333 694 1378 Ralph
722 1333 762 1366 de
789 1332 922 1378 Merley
947 1332 1013 1366 and
1038 1332 1176 1367 Juliana
1199 1333 1252 1367 his
1270 1334 1359 1368 wife.
1409 1335 1472 1368 See
1491 1336 1641 1371 Monast.

109 1380 244 1425 Anglic.
263 1393 293 1413 v.
312 1383 391 1414 398.
442 1381 473 1413 A
499 1380 686 1425 biography
704 1380 742 1413 of
762 1379 830 1412 this
857 1379 1046 1412 individual
1064 1391 1132 1413 was
1158 1381 1302 1422 written,
1329 1382 1528 1428 apparently
1551 1383 1598 1429 by
1623 1396 1642 1417 a

109 1434 376 1473 contemporary,
404 1426 515 1460 which
545 1427 698 1460 contains
728 1426 785 1459 the
813 1426 987 1471 following
1012 1438 1153 1471 passage
1182 1426 1285 1460 about
1312 1428 1513 1473 St.Godric,
1531 1430 1642 1464 which

109 1485 224 1518 agrees
243 1473 369 1519 closely
395 1473 476 1506 with
501 1473 559 1506 the
585 1472 752 1507 incidents
779 1472 924 1506 detailed
951 1473 985 1506 in
1011 1473 1079 1506 this
1104 1473 1171 1506 and
1196 1473 1253 1507 the
1279 1474 1450 1520 following
1476 1476 1641 1521 chapters.

111 1522 130 1538 ‘⁴
146 1520 307 1554 Sanctum
325 1520 427 1553 etiam
446 1520 645 1563 Godricum,
671 1526 789 1565 utpote
810 1519 1033 1553 confessionis
1059 1526 1092 1552 et
1118 1521 1334 1554 conscientiae
1360 1521 1451 1555 illius
1476 1523 1641 1567 medicus,

110 1567 234 1612 saepius
253 1567 396 1600 invisere
414 1573 447 1600 et
465 1566 590 1611 alloqui
609 1566 795 1601 consuevit.
844 1566 896 1599 De
918 1566 1044 1600 morbis
1063 1567 1220 1600 vitiorum
1239 1575 1272 1600 et
1291 1568 1453 1602 virtutum
1472 1570 1643 1614 remediis,

109 1614 151 1647 de
171 1614 308 1647 secretis
326 1613 521 1647 coelestibus
540 1619 573 1646 et
590 1613 751 1658 angelicis
770 1612 1030 1656 visitationibus,
1049 1613 1090 1647 de
1108 1620 1300 1647 sanctorum
1326 1615 1533 1660 patrociniis,
1558 1617 1645 1650 inter

111 1672 146 1694 se
165 1660 379 1701 disserentes,
399 1660 489 1693 diem
507 1671 585 1693 cum
603 1659 760 1693 noctibus
787 1659 1041 1693 continuabant.
1092 1660 1247 1705 Cumque
1266 1661 1434 1695 Godricus
1452 1663 1587 1696 tandem
1608 1664 1642 1697 in

110 1706 196 1740 cella
213 1719 274 1740 sua
299 1707 511 1747 consisteret,
528 1706 611 1739 vidit
631 1705 714 1739 duos
739 1717 854 1739 muros
880 1706 1041 1739 candidos
1060 1706 1102 1739 ad
1120 1707 1244 1740 coelum
1274 1719 1381 1753 usque
1411 1708 1555 1743 directos
1573 1723 1581 1751 ;
1608 1711 1643 1743 in

111 1765 254 1798 quorum
280 1765 347 1786 uno
364 1759 432 1786 tres
458 1753 595 1797 spiritus
621 1752 765 1797 angelici
790 1753 1006 1797 apparebant,
1037 1753 1093 1797 qui
1120 1753 1276 1798 spiritum
1302 1755 1430 1799 praefati
1450 1755 1581 1790 abbatis
1607 1757 1642 1790 in

110 1799 210 1844 globo
231 1800 329 1845 igneo
355 1799 397 1833 ad
423 1811 567 1844 superna
593 1799 799 1833 deferebant.
852 1799 950 1832 Unus
968 1811 987 1832 a
1005 1799 1146 1843 dextris,
1174 1800 1258 1833 alter
1275 1813 1294 1834 a
1312 1801 1456 1835 sinistris
1481 1803 1642 1847 procede-

111 1846 213 1880 bant:
239 1847 359 1879 tertius
383 1858 482 1891 snpra
507 1846 658 1878 omnium
678 1846 837 1879 verticem
862 1845 968 1879 nimia
993 1858 1070 1879 cum
1089 1846 1317 1880 exsultatione
1334 1848 1486 1893 praeibat.
1536 1850 1545 1867 ‘
1560 1849 1643 1883 Non

111 1893 226 1936 enim,’
245 1893 355 1938 inquit
373 1892 552 1935 Godricus,
571 1892 769 1937 disponente
788 1892 946 1936 Domino,
968 1892 1060 1926 solus
1077 1905 1096 1926 a
1114 1904 1251 1939 corpore
1268 1894 1411 1939 migrare
1428 1895 1549 1940 potuit,
1564 1897 1644 1941 quia

112 1951 189 1972 cum
208 1951 247 1972 eo
265 1939 418 1984 quaedam
437 1939 534 1972 bonae
553 1939 630 1972 vitae
648 1938 773 1971 femina
791 1938 832 1972 de
859 1939 1043 1984 Hastinges
1061 1939 1227 1984 discessit,
1246 1941 1382 1974 nomine
1408 1942 1546 1975 Editha.
1597 1942 1644 1976 Et

110 1986 191 2019 licet
212 1986 337 2019 fuerint
353 1985 453 2030 longo
478 1992 640 2018 terrarum
665 1986 774 2031 spatio
798 1985 954 2030 separati,
974 1985 1091 2019 eadem
1109 1993 1222 2020 tamen
1248 1987 1330 2021 hora
1348 1988 1382 2021 in
1400 1988 1516 2022 eadem
1536 1988 1643 2022 beati-

112 2032 240 2066 tudinis
267 2039 355 2066 sorte
382 2038 460 2065 sunt
487 2031 671 2075 conjuncti.
723 2031 897 2065 Irruerunt
914 2032 948 2065 in
967 2044 1144 2066 occursum
1171 2034 1323 2077 ejusdem
1349 2034 1481 2069 abbatis
1505 2036 1643 2080 spiritus

112 2090 280 2123 nequam,
306 2078 366 2112 sed
391 2078 641 2112 decertantibus
666 2090 725 2123 pro
744 2090 783 2111 eo
801 2078 940 2123 angelis,
959 2079 1113 2112 diabolus
1138 2080 1173 2113 in
1199 2092 1260 2114 sua
1282 2082 1545 2127 praesumptione
1563 2094 1644 2116 con-

111 2125 264 2159 funditur
281 2138 289 2167 3
315 2131 348 2158 61
366 2125 399 2158 111
418 2125 528 2159 sinum
545 2124 693 2158 Abrahae
712 2125 879 2159 Robertus
898 2137 1013 2159 servus
1028 2126 1154 2159 Christi
1173 2127 1367 2172 excipitur.'
1416 2128 1510 2162 Obiit
1528 2135 1643 2163 autem

112 2184 186 2205 A.D.
203 2174 302 2215 1159,
322 2172 465 2217 septimo
484 2171 559 2204 idus
577 2171 710 2205 Junii.”
738 2171 902 2217 Capgrav.
922 2172 1013 2206 Nov.
1032 2172 1181 2218 Legend.
1199 2173 1258 2208 fol.
1277 2175 1345 2208 274
1361 2185 1368 2209 :
1395 2187 1451 2209 see
1469 2175 1540 2209 also
1554 2177 1644 2210 Acta

112 2218 263 2252 Sanctor.
282 2218 363 2251 Jun.
382 2218 418 2252 ii.
436 2221 493 2252 49.
964 2219 976 2239 ²
996 2218 1157 2266 Boccor]
1185 2220 1301 2264 Dolor,
1323 2220 1369 2255 H.

158 2265 172 2285 3
191 2263 394 2311 Redeunce]
421 2265 599 2299 Redeunte
621 2265 723 2310 igitur
740 2276 779 2298 60
804 2272 881 2309 post
906 2265 1069 2299 sollemne
1097 2266 1293 2312 Capitulum
1318 2267 1479 2301 abbatum
1505 2280 1643 2303 suorum

113 2311 154 2344 de
171 2311 322 2356 partibus
340 2312 586 2352 transmarinis,
605 2311 696 2344 venit
713 2312 766 2355 ad,
789 2311 836 2345 H.

157 2359 169 2378 4
190 2356 394 2404 Colloqzdo]
423 2358 496 2391 The
511 2358 697 2391 Cistercian
716 2358 803 2391 Rule
821 2357 975 2402 required
988 2358 1060 2392 that
1079 2359 1206 2392 certain
1220 2360 1258 2393 of
1271 2360 1314 2393 its
1328 2360 1507 2396 adherents
1522 2362 1643 2396 should

112 2404 228 2437 attend
245 2404 303 2437 the
320 2404 457 2437 Annua]
485 2404 633 2449 Chapter
662 2404 786 2437 holden
810 2410 843 2437 at
866 2404 1025 2438 Citeaux.
1072 2405 1238 2450 Reginald
1268 2406 1449 2441 elsewhere
1473 2409 1643 2442 mentions

112 2449 185 2483 that
201 2450 254 2483 his
280 2450 388 2484 friend
406 2450 523 2484 Ailred
542 2451 579 2484 of
600 2450 754 2484 Riveaux
779 2451 847 2484 had
873 2462 963 2497 upon
989 2463 1052 2485 one
1077 2454 1233 2486 occasion
1258 2453 1345 2487 been
1369 2461 1504 2499 present
1523 2462 1555 2488 at
1573 2455 1643 2489 this

111 2497 293 2542 assembly.
320 2496 440 2531 Libell.
460 2497 500 2530 de
518 2497 551 2530 S.
567 2497 691 2530 Cuthb.
708 2509 740 2542 p.
761 2498 837 2532 176.

159 2544 172 2562 ⁵
191 2544 411 2577 Person-endo
430 2542 581 2590 talione]
611 2543 694 2577 This
713 2544 908 2589 expression
927 2544 992 2578 and
1010 2544 1068 2578 the
1086 2545 1231 2590 epithets
1248 2546 1420 2592 generally
1438 2547 1571 2592 applied
1597 2547 1643 2593 by

114 2589 279 2634 Reginald
297 2597 330 2623 to
345 2590 468 2633 Death,
487 2590 570 2623 such
584 2602 620 2623 as
639 2592 659 2608 ‘⁶
671 2590 882 2632 liorrendae,’'
899 2588 939 2635 ἕξ
958 2593 1033 2633 137,
1052 2594 1128 2635 166,
1147 2592 1210 2626 816.
1226 2605 1282 2626 are
1295 2600 1329 2626 to
1344 2593 1385 2626 be
1399 2593 1579 2639 explained
1596 2594 1643 2639 by

113 2637 256 2680 viewing
281 2636 381 2669 death
399 2648 435 2670 as
453 2636 510 2669 the
534 2636 754 2682 punishment
772 2637 809 2670 of
830 2637 893 2680 sin,
911 2638 977 2671 and
995 2637 1112 2683 taking
1129 2639 1155 2671 it
1173 2639 1207 2671 in
1225 2640 1415 2672 connexion
1433 2640 1514 2673 with
1541 2641 1642 2674 Rom.

113 2683 155 2716 vi.
175 2685 232 2716 23.
283 2682 356 2716 The
381 2683 538 2728 teaching
564 2683 601 2716 of
621 2683 678 2717 the
706 2683 860 2717 Catholic
880 2684 1016 2717 Church
1041 2685 1070 2717 is
1096 2685 1278 2730 expressed
1304 2685 1382 2719 thus
1407 2685 1451 2731 by
1470 2686 1574 2721 Alex.
1601 2688 1642 2721 de

115 2729 231 2772 Hales,
250 2735 331 2762 tom.
350 2729 385 2762 ii.
404 2741 435 2773 q.
456 2732 532 2773 105,
551 2735 613 2763 art.
637 2732 652 2762 1
672 2742 678 2763 :
706 2731 727 2747 “
742 2730 837 2763 Mors
859 2737 909 2763 est
927 2730 1054 2764 malum
1080 2743 1189 2776 poenae
1206 2743 1265 2776 pro
1283 2731 1458 2776 peceat0.”
1508 2734 1552 2767 So
1570 2734 1641 2768 also

113 2775 161 2810 St.
182 2775 372 2820 Augustine
398 2775 522 2820 quoted
547 2776 593 2820 by
610 2776 667 2809 the
693 2788 785 2809 same
811 2777 932 2810 author
952 2789 958 2811 :
994 2777 1172 2810 “Constat
1197 2778 1283 2810 inter
1308 2778 1509 2813 catholicam
1537 2780 1641 2814 fidem

113 2827 278 2863 tenentes,
309 2822 415 2866 ipsam
441 2821 538 2855 nobis
563 2823 710 2867 corporis
735 2829 877 2856 mortem
905 2835 971 2856 non
997 2823 1070 2868 lege
1096 2830 1236 2867 naturae,
1255 2836 1320 2869 qua
1346 2825 1471 2859 nullan]
1498 2834 1640 2861 mortem

113 2868 242 2903 homini
261 2868 354 2902 Deus
371 2868 452 2902 facit
469 2881 476 2910 ;
503 2868 562 2902 sed
580 2869 699 2902 merito
719 2869 883 2903 inflictam
909 2882 981 2904 esse
1007 2870 1135 2915 peccati
1152 2883 1160 2911 ς
1187 2871 1345 2915 quoniam
1373 2879 1549 2917 peccatum
1569 2874 1640 2908 vin-
