1839 3186
520 208 579 238 ET
614 206 881 238 MIRAcqus
918 207 951 237 s.
986 204 1203 236 Gonmcr.
1568 190 1623 236 27

95 312 257 368 penitus
287 316 349 353 est
384 311 642 360 frustratum,
676 310 726 350 de
752 310 862 364 pisce
895 313 1059 350 mortuo
1091 323 1204 349 escas
1235 307 1311 350 sibi
1342 323 1423 349 non
1451 308 1626 349 timebat

95 378 317 428 exscidere,
356 394 477 432 quem
512 378 567 418 ad
611 391 702 418 esus
738 375 967 417 viventium
1007 374 1121 416 novit
1157 390 1183 415 a
1223 374 1404 415 Domi-uo
1439 379 1626 415 creatum

94 445 231 486 fuisse.
301 445 519 486 Accedens
550 443 677 499 igitur
704 447 745 484 et
779 442 958 483 cultrum
986 441 1269 482 acutissimum
1292 441 1547 496 protrahens,
1575 440 1625 481 de

94 512 204 566 pisce
233 516 396 552 mortuo
423 511 579 565 aliquot
616 509 692 551 sibi
720 509 852 550 frusta
880 508 1092 557 conscidit,
1125 507 1387 561 humerisque
1419 506 1495 548 sibi
1517 522 1626 548 com-

94 593 261 633 ponens,
285 592 333 618 ac
355 578 411 619 sic
430 582 623 618 oneratus
643 575 849 625 incedens,
876 575 1045 616 domum
1066 573 1199 615 redire
1222 573 1437 628 disposuit.

154 645 263 697 §13.
301 645 392 697 Quo
432 644 613 685 reditum
649 642 918 692 accelerante,
953 639 1125 697 jamque
1167 640 1404 696 permodico
1441 639 1627 680 confecto

94 711 252 762 itinere,
279 726 384 763 ecce,
417 710 553 753 subito
588 710 639 751 de
665 724 780 770 more
809 707 959 750 fluctus
989 707 1137 748 marini
1167 708 1355 757 redeunt,
1394 706 1629 762 patriasque

95 793 240 820 arenas
264 778 351 819 lata
382 778 588 819 undarum
618 781 754 831 strage
786 775 862 817 sibi
899 773 1165 830 1subjiciunt.
1237 774 1425 815 Tandem
1457 788 1509 814 ex
1540 773 1631 814 aliis

97 845 283 887 similiter
313 845 439 886 maris
469 844 637 894 sinibus,
667 842 817 884 fluctus
840 842 1021 883 naturali
1051 841 1113 883 sui
1135 845 1294 883 statuto
1315 844 1630 895 prorumpentes

97 912 376 953 adventantur
411 916 536 965 atque
572 910 805 958 dissiliunt;
854 909 898 950 in
936 923 1145 962 unumque
1178 923 1219 949 se
1258 907 1509 962 colligentes,
1549 922 1630 948 ser-

97 993 195 1020 vum
223 978 303 1019 Dei
337 978 582 1032 quandoque
616 976 957 1030 circumcingunt.
1021 974 1101 1027 Qui
1133 974 1378 1028 quandoque
1406 973 1537 1015 lenius
1558 988 1629 1029 ap-

97 1046 345 1100 propiantes,
373 1059 483 1085 nunc
516 1044 654 1099 pedes,
687 1057 795 1084 nunc
827 1042 945 1092 talos,
980 1056 1089 1082 nunc
1118 1056 1266 1096 genua,
1297 1045 1397 1081 tunc
1422 1055 1540 1081 crura
1568 1040 1628 1081 in-

97 1112 296 1153 vadentes
336 1111 511 1161 alluunt,
548 1110 691 1164 suique
726 1113 950 1165 augmento
981 1108 1179 1163 vigentes,
1214 1107 1385 1148 tandem
1413 1112 1557 1161 pectus
1587 1113 1630 1149 et

97 1193 168 1219 ora
201 1183 405 1233 caputque
432 1183 569 1219 totum
603 1176 810 1231 cooperire
846 1180 1068 1231 coeperunt.
1129 1174 1311 1228 Jamque
1343 1178 1457 1215 totus
1492 1172 1630 1215 flucti-

98 1245 174 1287 bus
202 1245 359 1287 obsitus
389 1250 430 1286 et
466 1249 645 1300 opertus,
675 1243 789 1284 nulla
809 1243 989 1298 corporis
1020 1239 1106 1296 ejus
1128 1240 1359 1282 substantia
1386 1240 1633 1295 superfuisse

98 1312 342 1368 comparuit,
371 1311 466 1367 quia
495 1312 669 1367 abyssus
699 1310 815 1351 illum
843 1310 1071 1352 vallaverat
1103 1313 1144 1349 et
1178 1312 1302 1363 caput
1332 1307 1441 1349 illius
1462 1307 1633 1363 pelagus

98 1378 383 1434 adoperuerat.
453 1377 516 1419 At
553 1378 634 1419 Dei
661 1377 840 1419 famulus
875 1376 990 1432 signo
1020 1374 1115 1416 fidei
1148 1386 1197 1416 66
1222 1374 1424 1423 munivit,
1461 1372 1633 1430 jamque

98 1445 221 1487 ‘³11ihil
252 1445 411 1493 videns,
446 1445 711 1486 nihilominus
741 1449 882 1485 tamen
906 1443 1132 1499 gradiendo
1170 1442 1245 1483 sub
1280 1440 1474 1482 fluctibus
1510 1456 1633 1496 super

100 1528 141 1554 se
170 1513 411 1554 natantibus
442 1512 563 1553 reniti
593 1527 666 1567 pro
692 1510 846 1553 viribus
874 1510 1006 1566 coepit.
1064 1509 1152 1550 Nec
1179 1524 1252 1564 pro
1274 1508 1348 1549 tali
1370 1508 1630 1549 incommodo

100 1594 224 1621 onera
253 1579 402 1634 praedae
437 1594 519 1620 61166
554 1578 770 1633 deposuit;
811 1577 883 1619 sed
910 1592 1054 1631 neque,
1089 1581 1136 1617 ut
1172 1576 1258 1630 ipse
1286 1575 1435 1616 referre
1464 1590 1631 1616 consue-

99 1646 173 1697 vit,
217 1646 378 1687 animus
413 1645 541 1701 ipsius
575 1645 712 1699 aliquo
748 1644 918 1700 periculi
955 1643 1207 1684 imminentis
1241 1647 1358 1683 metu
1403 1642 1630 1683 contabuit.

101 1712 250 1767 Sicque
286 1713 361 1754 sub
393 1727 592 1766 aquarum
621 1711 785 1767 gurgite
817 1710 992 1765 amplius
1024 1725 1106 1750 uno
1133 1709 1307 1750 milliare
1339 1707 1568 1758 conficiens,
1592 1709 1634 1749 in

102 1779 245 1820 eodem
278 1779 432 1820 littoris
466 1779 567 1829 loco,
603 1778 695 1819 Deo
730 1778 845 1829 duce,
887 1776 1154 1832 applicuerat,
1191 1776 1241 1816 de
1273 1790 1352 1829 quo
1382 1775 1495 1829 prius
1526 1790 1632 1830 prae-

102 1846 199 1886 dam
243 1845 486 1900 quaesiturus
530 1845 584 1886 ad
635 1860 823 1899 aequorea
862 1844 953 1884 loca
997 1842 1278 1884 descenderat.
1369 1841 1633 1896 Domumque

101 1927 320 1967 regressus,
364 1912 603 1967 parentibus
637 1911 720 1953 suis
750 1916 899 1952 cuncta
930 1909 1124 1959 retexuit,
1158 1914 1199 1950 et
1230 1908 1363 1949 frusta
1393 1923 1467 1950 sua
1497 1908 1636 1950 omnia

101 1994 271 2020 numero
306 1979 469 2034 integra
508 1978 587 2019 illis
623 1993 761 2019 coram
799 1977 1002 2033 exposuit,
1035 1976 1205 2030 illosque
1240 1975 1294 2016 ad
1331 1975 1412 2016 Dei
1444 1990 1634 2016 enarran-

103 2045 199 2086 dam
230 2045 403 2101 gloriam
440 2050 538 2086 tunc
571 2044 795 2094 succendit,
831 2044 937 2086 sicut
971 2048 1012 2084 et
1044 2043 1203 2097 quoties
1229 2042 1331 2083 illud
1363 2041 1453 2083 aliis
1477 2042 1633 2091 retulit,

101 2112 234 2153 facere
256 2112 495 2160 consuevit3
535 2117 576 2152 et
599 2127 720 2165 quem
742 2126 879 2165 aequor
907 2110 1046 2152 furens
1072 2110 1133 2151 ita
1154 2108 1438 2158 circumdedit,
1461 2109 1636 2163 posteris

102 2179 356 2233 temporibus
376 2177 691 2234 glorificandum
716 2178 775 2219 ita
803 2177 972 2218 Domini
994 2175 1255 2231 providentia
1278 2176 1481 2216 liberavit.

162 2245 272 2286 Haec
306 2245 423 2287 nobis
450 2245 508 2286 illi
539 2244 770 2286 retulerunt
798 2244 867 2300 qui
895 2243 937 2285 id
968 2243 1020 2284 ab
1053 2258 1099 2284 eo
1127 2242 1269 2284 audire
1300 2242 1448 2297 saepius
1478 2241 1636 2283 3meru-

103 2317 235 2353 erunt.

151 2415 161 2435 ¹
182 2414 396 2461 Sufficiunt]
425 2415 516 2449 Here
534 2415 599 2449 and
618 2415 799 2449 elsewhere
818 2416 838 2434 ‘⁴
852 2414 1061 2459 subiciunt,''
1080 2415 1156 2448 MS.

151 2462 164 2480 ²
184 2461 311 2508 Nihil]
340 2462 415 2495 MS.
433 2462 550 2502 nichil,
569 2462 824 2496 nichilominus.

151 2509 164 2528 ³
183 2508 415 2555 Mer-aeruna]
444 2509 517 2542 The
542 2520 753 2554 anonymous
780 2508 877 2542 Harl.
896 2507 1033 2553 Legend
1058 2507 1137 2541 thus
1162 2507 1323 2553 proceeds
1340 2520 1347 2542 ε
1375 2508 1395 2525 “
1411 2507 1474 2540 Est
1491 2507 1585 2540 loeus
1603 2506 1638 2540 in

106 2555 296 2599 maritimis,
305 2555 526 2589 lVellestrem
544 2556 667 2599 dictus,
679 2555 778 2598 villae,
794 2567 868 2600 quae
887 2555 1069 2600 Spaldinga
1085 2561 1232 2598 vocatur,
1251 2566 1347 2599 paene
1365 2554 1543 2598 contiguus
1554 2566 1562 2594 3
1580 2553 1638 2586 ubi

107 2601 257 2635 refluxus
290 2602 392 2635 maris
425 2601 623 2647 plerumque
651 2613 710 2647 per
737 2608 879 2646 quatuor
905 2601 1063 2634 milliaria
1090 2601 1197 2634 siccas
1221 2600 1382 2645 relinquit
1404 2611 1532 2633 arenas.
1584 2599 1637 2632 Ibi

106 2659 180 2681 mos
213 2654 264 2681 est
285 2648 542 2693 provincialium
566 2660 666 2681 causa
688 2648 772 2681 lucri
795 2648 909 2681 littora
931 2647 1144 2693 perlustrare.
1195 2647 1263 2680 Hic
1292 2647 1346 2680 die
1373 2646 1518 2691 quadam
1546 2645 1637 2679 solus

108 2693 326 2728 deambulans
344 2695 523 2737 Godricus,
542 2700 575 2728 et
591 2695 778 2740 propinquo
803 2694 887 2727 nihil
911 2694 1096 2737 inveniens,
1125 2706 1183 2739 per
1204 2694 1268 2726 tria
1293 2692 1451 2725 milliaria
1474 2693 1639 2738 processit

108 2752 127 2773 a
143 2746 242 2783 terra,
260 2753 298 2774 ac
316 2747 382 2774 tres
401 2741 576 2786 delphines
589 2741 718 2774 invenit
731 2741 766 2774 in
783 2741 885 2784 sicce,
904 2752 1045 2785 quorum
1064 2740 1129 2773 duo
1146 2739 1366 2785 palpitabant,
1386 2739 1504 2772 tertius
1522 2744 1636 2772 autem

107 2793 260 2820 mortuus
278 2787 470 2832 apparebat.
522 2787 584 2821 Ille
601 2787 831 2821 misericordia
848 2794 971 2830 motus,
990 2787 1139 2820 viventes
1157 2786 1293 2830 reliquit
1310 2786 1466 2826 intactos,
1486 2786 1526 2818 de
1548 2797 1639 2818 mor-

108 2838 167 2865 tuo
193 2833 256 2866 sibi
281 2840 410 2878 partem
428 2834 547 2878 secuit,
571 2839 794 2878 oneratusque
824 2833 973 2867 recessit.
1022 2833 1062 2866 In
1088 2833 1180 2866 brevi
1208 2831 1360 2865 resiliens
1384 2831 1507 2865 fluctus
1534 2832 1637 2866 maris

109 2880 324 2924 consequitur
340 2880 569 2914 festinantem.
619 2880 733 2913 Primo
750 2880 853 2925 pedes
868 2886 901 2913 et
918 2879 1018 2913 tibias
1033 2878 1224 2920 madefecit,
1243 2877 1364 2911 deinde
1382 2878 1553 2923 superiora
1566 2890 1638 2911 cor-

109 2926 198 2970 poris
216 2925 352 2960 vallavit
368 2926 521 2971 abyssus,
540 2932 573 2959 et
590 2926 727 2960 tandem
745 2932 845 2971 caput
864 2926 1005 2971 operuit.
1055 2925 1118 2958 Ille
1143 2924 1363 2958 nihilominus
1389 2925 1484 2958 fortis
1510 2925 1544 2958 in
1569 2925 1637 2958 fide
