1839 3186
161 207 243 246 202
679 214 912 246 LIBELLUS
950 214 1013 245 DE
1051 213 1166 245 VITA

159 418 249 444 CAP.
282 417 394 443 XCIII.
456 414 782 447 QUEMADMODUM
818 414 945 441 NOCTE
990 413 1187 439 PASCHALI
1218 413 1397 441 ANGELOS
1431 414 1517 440 CUM
1547 414 1697 440 SANCTO

215 484 417 510 NICHOLAO
452 483 566 509 CIRCA
602 482 871 508 SEPULCHRUM
897 481 1046 507 DOMINI
1076 481 1283 506 CANENTES
1319 482 1368 507 ET
1400 481 1698 507 MINISTRANTES

219 552 396 587 VIDERIT,
433 551 481 576 ET
512 551 597 576 CUM
629 550 688 575 EIS
718 549 876 574 CANERE
906 548 1169 574 COMMONITUS
1200 531 1298 572 SIT.l

217 651 236 703 ᾗ
263 652 361 693 192.
394 649 458 690 ΕΤ
480 649 576 703 quia
597 647 852 690 consuetudo
874 647 970 689 talis
992 648 1218 690 inoleverat
1240 648 1350 703 quod
1371 650 1483 692 omni
1505 649 1571 691 die
1592 649 1698 692 festo

157 718 306 772 aliquis
333 716 594 758 sacerdotum
625 715 676 756 de
710 715 891 756 coenobio
928 713 1200 756 Dunelmensi
1220 716 1308 757 viro
1330 715 1411 757 Dei
1445 717 1597 759 Missas
1629 732 1695 758 ce-

156 784 314 826 lebrare
336 783 527 833 debebat,
544 781 637 824 veni
653 780 717 822 2et
736 782 822 836 ipse
844 781 952 832 illuc,
971 786 1013 822 et
1029 781 1270 835 aliquandiu
1291 796 1385 823 cum
1407 798 1453 823 eo
1470 784 1692 838 permansi,

160 851 256 905 quia
279 855 379 891 tunc
408 850 504 891 talis
536 847 753 889 ministerii
778 863 920 889 curam
950 847 1183 903 delegatam
1203 848 1345 890 habui.
1415 848 1549 891 Nocte
1570 850 1697 905 igitur

159 917 298 958 media
327 916 542 958 Paschalis
575 914 760 965 solennii,
795 914 870 956 sub
901 918 1119 969 tempestae
1142 914 1276 956 noctis
1297 915 1462 957 silentio
1483 916 1526 957 in
1549 917 1695 958 cellam

160 983 288 1039 ipsius
324 987 539 1038 soporatus
563 981 808 1023 obdormivi.
881 981 957 1022 Ille
990 982 1118 1036 igitur
1138 996 1238 1022 voce
1273 982 1316 1023 in
1352 982 1562 1024 altissimis
1586 983 1695 1024 elata

160 1050 384 1092 clarissime
412 1047 635 1105 jubilabat,
672 1052 713 1089 et
749 1048 984 1102 frequenter
1017 1047 1138 1089 Beati
1174 1047 1366 1089 Nicholai
1398 1064 1548 1091 nomen
1581 1049 1694 1092 invo-

162 1117 311 1166 cabat;
345 1117 456 1158 unde
486 1115 716 1156 admiratus
752 1114 943 1169 evigilavi
977 1119 1018 1155 et
1052 1114 1271 1169 diligenter
1301 1130 1443 1156 aurem
1478 1116 1692 1166 adhibens,

160 1199 281 1225 mane
302 1183 427 1234 facto,
452 1197 576 1237 quare
596 1182 653 1224 sic
675 1186 716 1222 et
741 1182 865 1223 toties
886 1181 1100 1223 cecinisset
1121 1181 1173 1222 ab
1197 1181 1267 1222 illo
1287 1182 1523 1237 perquisivi.
1585 1183 1693 1224 Tum

160 1251 241 1302 ille,
276 1254 302 1273 ‘⁶
325 1249 527 1301 Viclens,”
569 1248 717 1303 inquit,
752 1252 777 1271 ‘⁶
799 1248 885 1290 vidi
918 1248 1093 1291 visiones
1124 1248 1217 1298 Dei,
1242 1253 1284 1289 et
1313 1248 1498 1304 Angelos
1523 1249 1603 1291 Dei
1639 1250 1693 1291 ad

162 1317 315 1359 Christi
337 1316 599 1372 sepulchrum
621 1315 880 1365 descendere,
910 1320 951 1356 et
972 1315 1029 1356 ibi
1053 1313 1257 1356 dulcifluis
1288 1315 1459 1356 laudum
1480 1316 1694 1371 praeconiis

161 1385 202 1425 in
226 1400 323 1426 voce
354 1383 641 1425 exsultationis
672 1382 852 1423 Domino
884 1380 1090 1438 jubilare3
1122 1381 1230 1423 inter
1270 1397 1371 1436 quos
1409 1386 1451 1423 et
1487 1383 1694 1425 confessor

163 1451 332 1492 Domini
355 1449 557 1491 3Sanctus
576 1449 800 1490 Nicholaus
821 1448 951 1498 affuit,
979 1453 1020 1489 et
1042 1448 1170 1490 melos
1199 1448 1461 1504 hymnidicos
1480 1464 1574 1490 cum
1594 1450 1693 1505 ipsis

162 1517 388 1559 clarissima
408 1532 507 1558 voce
536 1516 746 1571 persolvit.
818 1514 1025 1556 Dulcifiuo
1060 1515 1188 1570 igitur
1223 1515 1386 1556 illorum
1419 1517 1526 1557 melo
1560 1517 1693 1558 delec-

162 1589 288 1634 tatus,
316 1583 471 1625 diutius
484 1583 656 1624 reticere
677 1598 757 1623 non
779 1582 908 1637 potui,
932 1581 1004 1623 sed
1026 1586 1124 1623 vota
1145 1582 1282 1636 qualia
1304 1582 1400 1623 novi
1423 1582 1603 1624 Domino
1623 1583 1694 1624 do-

161 1651 367 1692 minorum
395 1665 489 1692 cum
525 1649 623 1705 ipsis
653 1649 830 1690 reddidi.
903 1648 961 1689 Et
986 1648 1142 1690 Beatus
1171 1648 1396 1690 Nicholaus
1417 1655 1464 1690 ut
1489 1665 1583 1690 cum
1614 1649 1695 1692 illis

162 1723 374 1759 cantarem
397 1732 464 1758 me
491 1716 769 1764 commonuit;
805 1715 976 1771 dignum
1007 1730 1093 1756 esse
1128 1715 1266 1757 dicens
1296 1720 1344 1756 ut
1365 1731 1447 1756 vox
1477 1716 1693 1757 hominum

160 1785 277 1826 bonae
295 1784 518 1826 voluntatis
543 1783 711 1825 vocibus
733 1782 1035 1823 consociaretur
1056 1781 1311 1837 Angelicis.⁵'
1372 1782 1531 1835 Quibus
1553 1783 1688 1833 dictis,

159 1852 341 1906 graviter
373 1851 581 1906 suspirans
615 1849 833 1904 ingemuit,
877 1854 919 1890 et
954 1849 1082 1891 verba
1120 1849 1423 1904 interrumpens
1464 1849 1694 1891 diutissime

160 1917 300 1967 flevit;
340 1933 413 1973 pro
436 1918 582 1972 quibus
599 1932 674 1972 ego
692 1916 791 1958 satis
811 1915 1076 1957 meticulosus
1100 1915 1270 1957 effectus
1292 1916 1486 1966 conticui,
1509 1921 1550 1957 et
1572 1916 1692 1957 simul

159 1984 267 2036 flevi,
309 1986 377 2039 qui
411 1999 484 2039 pro
520 1984 700 2039 peccatis
739 1983 842 2024 meis
884 1981 1068 2023 4tantum
1100 1997 1231 2023 caecus
1264 1987 1305 2023 et
1346 1982 1495 2024 surdus
1531 1983 1688 2034 exstiti,

162 2052 272 2106 quod
310 2051 411 2092 talia
446 2051 597 2092 sentire
622 2065 704 2090 non
741 2049 898 2104 potui.”
960 2049 1206 2103 Respirante
1232 2048 1406 2102 denique
1429 2049 1511 2100 illo,
1537 2049 1689 2090 iterum

158 2117 363 2173 postulavi
399 2122 446 2158 ut
471 2117 504 2158 si
540 2116 722 2171 placeret
757 2115 937 2156 ediceret
968 2115 1164 2169 quamdiu
1199 2115 1300 2155 talia
1329 2115 1511 2156 vidisset.
1575 2116 1691 2157 Tunc

158 2185 239 2235 ille,
264 2183 341 2224 “A
364 2184 508 2238 primae
537 2183 671 2224 noctis
691 2181 808 2223 initio
832 2197 957 2235 usque
978 2181 1021 2222 in
1044 2196 1165 2222 mane
1196 2181 1352 2222 oriente
1390 2181 1581 2233 diluculo,
1610 2198 1690 2237 qua

158 2251 260 2291 hora
281 2250 469 2292 Christus
492 2249 717 2290 resurrexit
738 2263 763 2289 a
783 2248 969 2298 mortuis,
1004 2253 1045 2288 et
1075 2255 1166 2288 orto
1194 2246 1284 2303 jam
1305 2247 1388 2289 sole
1411 2247 1598 2303 Angelus
1629 2250 1687 2290 la-

159 2317 298 2372 pidem
320 2317 370 2357 de
393 2316 606 2370 sepulchro
628 2314 818 2356 removit.
867 2314 1038 2369 Semper
1059 2314 1225 2355 interim
1246 2314 1381 2369 ipsum
1402 2313 1418 2335 ⁵
1426 2315 1687 2370 sepulchrum

159 2383 444 2433 circumibant,
469 2387 510 2423 et
534 2380 725 2423 dulciflue
741 2381 994 2422 modulando
1015 2381 1218 2421 odorifera
1238 2386 1544 2436 unguentorum
1565 2386 1605 2422 et
1627 2382 1687 2422 in-

160 2450 422 2505 explicabilia
447 2443 792 2505 6thymiamatum
815 2452 1002 2488 aromata
1023 2447 1130 2488 infra
1160 2447 1262 2488 illud
1298 2452 1339 2488 et
1371 2448 1687 2503 circumquaque

205 2555 213 2574 ¹
242 2555 282 2589 In
299 2555 356 2588 the
378 2554 474 2588 Harl.
492 2553 566 2587 MS.
585 2553 722 2598 chapter
741 2552 799 2587 CI.

204 2603 217 2621 ²
236 2602 281 2635 Ec
301 2601 393 2646 ipsa]
418 2601 464 2634 Et
481 2612 542 2645 ego
559 2601 643 2645 ipsc,
664 2599 711 2633 H.

204 2649 217 2668 ³
234 2648 371 2682 Sanctus
392 2647 601 2692 Niclzolaus]
628 2646 701 2679 The
728 2645 895 2679 incidents
921 2645 1099 2679 contained
1118 2646 1151 2679 in
1170 2646 1228 2679 the
1245 2646 1366 2691 legend
1385 2646 1423 2679 of
1443 2646 1511 2679 this
1537 2645 1633 2679 Saint
1649 2657 1686 2679 as

155 2695 316 2729 recorded
333 2695 378 2740 by
397 2694 513 2727 Surius
532 2695 570 2738 (6
588 2692 689 2738 Dec.)
706 2692 836 2726 furnish
860 2704 903 2725 no
920 2704 1038 2725 reason
1055 2692 1106 2725 for
1130 2693 1183 2726 his
1208 2692 1437 2726 introduction
1455 2704 1498 2725 on
1523 2704 1565 2725 an
1591 2704 1688 2726 occa-

156 2742 229 2775 sion
246 2741 315 2774 like
332 2741 389 2774 the
406 2747 551 2785 present.

202 2789 213 2807 ⁴
238 2786 408 2833 Tantum]
438 2787 465 2820 T
469 2793 594 2830 antam,
618 2785 662 2819 H.

204 2835 216 2855 ⁵
235 2833 472 2879 Sepulchrum]
501 2834 555 2867 An
581 2832 723 2866 allusion
743 2838 776 2865 to
795 2832 851 2864 the
878 2830 1086 2875 “Sepulchri
1115 2831 1311 2875 Officiunl,⁷’
1330 2831 1533 2876 conccrning
1550 2831 1606 2864 thc
1632 2843 1686 2864 cc-

157 2882 322 2914 rcmonics
341 2881 378 2913 of
392 2880 500 2913 which
519 2892 574 2913 sec
593 2879 648 2912 Du
668 2879 792 2922 Gange,
812 2877 924 2912 Gloss‚
944 2878 987 2911 vi.
1007 2878 1085 2912 397.

199 2928 212 2947 ‘⁵
236 2925 525 2972 1'l13snn'amacu›n.]
554 2926 628 2959 Ms.
647 2925 884 2958 timiamatum.
