1839 3186
191 171 248 212 94
716 180 952 213 LIBELLUS
988 180 1052 212 DE
1088 180 1204 213 VITA

192 299 316 340 super
337 299 430 325 eum
455 283 615 325 effudit.
679 283 834 327 Postea
858 300 952 326 cum
980 300 1088 339 aqua
1109 284 1355 335 ¹urceolum,
1382 289 1423 326 et
1446 283 1595 326 deinde
1616 283 1729 339 quic-

193 351 293 405 quid
314 366 437 405 supra
465 351 623 406 lignum
655 354 843 402 steterat,
877 367 956 405 quo
996 352 1047 393 de
1075 366 1189 393 more
1220 350 1395 392 infixum
1425 351 1562 392 fuerat
1588 351 1731 393 Crucis

194 422 465 458 sacrosanctae
489 417 703 459 vexillum.
768 417 920 458 Omnia
940 417 1029 459 heec
1063 417 1282 459 2minutim
1304 418 1483 472 collegit,
1506 423 1548 459 et
1571 417 1614 458 in
1636 432 1731 458 eum

195 482 431 538 3sigillatim
462 483 624 538 singula
655 498 829 538 quaeque
860 481 1047 539 projecit.
1117 483 1224 525 Cum
1250 489 1392 525 autern
1416 499 1490 539 pro
1511 483 1576 525 his
1600 483 1730 525 omni-

195 549 272 591 bus
291 549 352 591 vir
380 549 461 590 Dei
482 550 535 590 ab
557 550 741 590 oratione
762 565 844 591 non
866 555 1119 604 exsurgeret,
1151 550 1220 591 ille
1250 550 1476 591 frendendo
1499 550 1728 601 desaeviret,

195 630 294 656 mox
312 613 459 670 majori
480 615 764 671 indignatione
795 620 910 657 totus
932 615 1121 657 efferbuit
1139 633 1150 663 ς
1186 621 1227 657 et
1249 614 1430 671 4lignum
1451 616 1493 657 in
1515 632 1595 670 quo
1616 615 1730 659 Crux

195 681 324 722 infixa
344 682 492 731 fuerat,
516 697 610 723 cum
633 681 743 723 omni
779 682 1052 737 suppellectili
1075 682 1244 736 reliquo,
1267 698 1321 724 ex
1341 683 1545 724 ulterutro
1572 681 1730 737 pariete

196 748 345 789 evulsit
376 753 500 802 atque
521 748 561 789 in
584 763 679 789 eum
704 746 892 803 projecit.
955 748 1018 789 At
1049 747 1116 789 ille
1147 763 1222 789 nec
1243 748 1300 790 sic
1321 749 1374 790 ab
1395 764 1517 804 opere
1548 763 1622 790 suo
1654 749 1730 790 im—

195 814 329 869 pediri
350 815 500 869 potuit,
529 814 602 856 sed
632 814 888 856 orationibus
918 814 1204 869 procumbens,
1228 814 1441 856 inimicum
1471 819 1731 871 grassantem

194 880 436 935 gravissime
457 881 718 936 exasperavit
736 898 747 929 3
782 886 985 935 nocteque
1007 885 1099 922 tota
1129 880 1201 922 illa
1221 881 1263 922 in
1284 896 1379 923 eum
1400 880 1663 932 cachinnans,
1688 886 1730 923 et

194 946 322 988 furias
348 947 605 989 multimodae
641 947 993 1003 tergiversationis
1026 947 1256 1002 exagitans,
1289 947 1428 989 omnia
1457 947 1730 989 ludibriorum

197 1028 364 1055 suorum
395 1011 595 1069 figmenta
618 1014 817 1065 exercuit,
848 1013 920 1055 sed
955 1013 1058 1055 nihil
1093 1014 1262 1055 demum
1285 1013 1501 1069 proficiens
1536 1014 1729 1056 confusus

195 1079 406 1130 abscessit,
432 1085 680 1135 tantumque
710 1078 921 1122 ⁵foetorem
945 1085 1040 1135 post
1062 1095 1104 1122 se
1127 1080 1308 1122 deseruit
1330 1081 1441 1135 quod
1458 1080 1531 1123 vix
1551 1079 1730 1122 hominis

196 1146 394 1187 odoratus
415 1146 531 1187 illum
552 1147 753 1188 sustinere
771 1146 968 1202 potuerit.
1010 1146 1125 1188 Nihil
1150 1151 1292 1188 tamen
1307 1147 1493 1188 omnium
1514 1162 1604 1201 quae
1618 1146 1729 1189 evul-

196 1218 318 1264 serat,
360 1211 610 1267 dispersione
651 1213 782 1255 hostis
816 1227 842 1253 a
876 1228 962 1254 suae
998 1213 1221 1255 soliditatis
1251 1213 1491 1268 integritate
1521 1212 1730 1255 laesionem

193 1278 376 1333 aliquam
401 1279 660 1334 praeferebat.
731 1277 929 1321 crucifixi
960 1279 1086 1320 etiam
1117 1279 1265 1334 imago,
1306 1279 1493 1334 quamvis
1527 1283 1635 1322 esset
1668 1283 1728 1320 te-

195 1345 386 1396 nerrima,
410 1345 453 1386 in
474 1345 587 1387 nulla
607 1345 772 1400 penitus
794 1350 856 1386 est
877 1345 1043 1400 regione
1064 1345 1232 1388 detrita.

258 1412 279 1466 §
303 1413 373 1453 84.
407 1411 470 1453 At
492 1412 555 1453 vir
578 1412 672 1462 Dei,
696 1407 867 1467 6utpote
898 1411 1027 1453 laicus
1058 1417 1099 1453 et
1134 1406 1392 1462 ⁷illiteratus,
1423 1412 1512 1453 haec
1538 1412 1731 1453 manibus

197 1478 434 1533 contingere
458 1493 539 1519 non
561 1478 834 1533 praesumpsit,
866 1493 942 1519 nec
973 1478 1024 1519 de
1055 1478 1140 1520 solo
1172 1478 1327 1533 erigere
1358 1493 1482 1520 ausus
1509 1478 1601 1529 fuit,
1633 1478 1730 1520 mit-

198 1549 369 1598 tensque
391 1560 463 1600 pro
488 1545 622 1599 priore
656 1544 863 1600 8R0ger0‚
902 1543 1040 1585 omnia
1070 1544 1107 1585 ei
1137 1544 1320 1586 seriatim
1349 1545 1522 1593 retulit;
1560 1549 1603 1586 et
1636 1559 1730 1586 con-

196 1610 370 1652 fessione
394 1611 517 1661 facta,
550 1626 622 1666 per
652 1626 823 1652 manum
855 1610 963 1652 illius
988 1615 1149 1661 cuncta,
1182 1616 1229 1652 ut
1259 1610 1373 1666 prius
1402 1611 1578 1661 fuerant,
1606 1625 1731 1665 supra

200 1677 349 1718 Altare
381 1678 625 1732 composuit.
693 1676 709 1704 9
727 1677 860 1718 Nocte
885 1692 981 1718 vero
1012 1677 1211 1731 sequenti,
1245 1693 1340 1718 cum
1371 1677 1482 1732 prior
1507 1676 1731 1732 praedictus

197 1743 482 1795 obdormisset,
509 1758 616 1794 ecce,
643 1744 804 1785 daemon
825 1743 862 1784 ei
884 1743 1148 1785 turbulentus
1173 1743 1321 1794 astitit,
1346 1748 1387 1785 et
1412 1743 1470 1785 sic
1491 1742 1730 1785 terribiliter

244 1854 254 1875 ¹
279 1853 480 1933 Urceolmnq
510 1854 584 1887 The
602 1854 709 1888 vessel
727 1854 761 1887 in
778 1853 890 1887 which
907 1865 975 1887 was
992 1853 1074 1898 kept
1099 1852 1156 1886 the
1174 1858 1276 1886 water
1301 1858 1336 1886 to
1359 1852 1402 1885 be
1426 1851 1544 1886 mixed
1566 1851 1649 1886 wi-th
1673 1851 1731 1886 the

196 1900 283 1934 wine
301 1901 335 1934 in
353 1901 411 1933 the
429 1912 466 1934 ce
482 1900 634 1934 ebration
652 1901 690 1933 of
703 1900 760 1934 the
778 1901 887 1934 Mass.

245 1948 257 1966 2
275 1947 452 1981 Minutim.
501 1947 712 1990 Minutatim,
729 1947 776 1981 H.

240 1994 253 2014 ³
272 1993 463 2038 Sigillacim.
511 1993 587 2027 MS.
605 1993 815 2037 singillatim.

242 2041 254 2060 ⁴
278 2039 451 2085 Lignum]
479 2040 542 2072 See
567 2036 607 2084 ἓξ
636 2042 691 2082 90,
717 2042 795 2082 145,
821 2039 899 2078 147,
927 2040 1006 2072 259.
1056 2039 1106 2072 As
1135 2037 1193 2071 the
1221 2037 1329 2071 whole
1358 2036 1442 2071 altar
1469 2037 1634 2071 furniture
1662 2049 1731 2071 was

194 2085 313 2130 placed
339 2097 429 2130 upon
458 2085 526 2118 this
554 2085 653 2118 beam
687 2085 713 2118 it
740 2084 841 2119 could
867 2090 925 2117 not
951 2085 993 2118 be
1022 2085 1079 2118 the
1109 2084 1311 2128 tabernaclo,
1339 2096 1382 2117 on
1410 2083 1521 2118 which
1550 2084 1647 2118 alone
1673 2084 1733 2117 the

200 2132 354 2165 Crucifix
372 2131 472 2165 could
489 2131 530 2164 be
547 2131 678 2176 placed.

242 2180 255 2199 5
276 2176 466 2223 fictorem]
494 2178 556 2210 See
576 2174 616 2222 ἐξ
632 2180 709 2221 156,
729 2179 807 2220 248,
825 2176 891 2210 and
908 2176 965 2210 the
983 2177 1072 2210 Acta
1089 2176 1148 2209 SS.
1163 2176 1243 2211 Jun.
1262 2177 1306 2211 iv.
1321 2179 1401 2211 543.

244 2225 257 2245 ⁶
280 2225 401 2269 Utpote
418 2222 548 2269 laicus]
578 2224 610 2256 It
628 2235 695 2256 was
713 2223 874 2267 provided
891 2223 937 2268 by
954 2223 1011 2256 the
1032 2223 1148 2255 Canon
1168 2223 1248 2256 Law
1270 2223 1343 2256 that
1366 2228 1425 2256 not
1449 2223 1529 2269 only
1545 2223 1668 2257 should
1684 2235 1727 2257 no

196 2272 332 2316 layman
350 2270 453 2303 touch
470 2270 527 2303 the
546 2269 670 2303 vessels
688 2270 725 2302 of
738 2269 795 2303 the
813 2269 908 2312 altar,
931 2269 992 2302 but
1015 2269 1153 2312 further,
1169 2269 1241 2302 that
1260 2269 1327 2302 this
1344 2269 1506 2314 privilege
1524 2269 1645 2303 should
1670 2275 1729 2303 not

196 2318 238 2351 be
256 2316 427 2350 extended
444 2321 478 2349 to
492 2328 578 2349 nuns
604 2316 670 2348 and
695 2316 791 2349 those
813 2315 888 2348 who
911 2327 998 2348 were
1028 2316 1062 2348 in
1091 2315 1148 2348 the
1175 2315 1284 2348 minor
1314 2315 1438 2349 orders.
1491 2316 1585 2348 Thus
1615 2316 1650 2349 in
1672 2316 1730 2349 the

199 2364 334 2397 Decret.
353 2363 375 2396 i.
389 2375 421 2407 p.
441 2362 519 2395 dist.
535 2365 589 2404 24,
608 2374 637 2396 c.
651 2365 695 2396 30
710 2375 720 2395 .·
748 2364 768 2380 ‘⁴
781 2362 863 2395 Non
877 2367 1009 2406 oportet
1026 2361 1210 2395 insacratos
1228 2361 1400 2395 ministros
1417 2362 1589 2395 licentiam
1607 2362 1730 2395 habere

200 2411 235 2443 in
262 2409 464 2452 sacrarium,
488 2408 577 2453 quod
605 2408 717 2442 Graeci
751 2408 954 2441 Diaconium
981 2407 1163 2453 appellant,
1198 2408 1340 2452 ingredi,
1370 2414 1403 2441 et
1432 2408 1626 2453 contingere
1652 2420 1731 2441 vasa

199 2455 415 2489 Dominica.’⁷
466 2455 506 2487 In
532 2467 561 2488 c.
580 2457 623 2488 26
646 2454 704 2487 the
729 2466 822 2487 same
851 2454 1041 2487 restriction
1068 2454 1097 2487 is
1125 2454 1245 2499 placed
1270 2466 1359 2499 upon
1389 2454 1610 2497 subdeacons,
1640 2466 1730 2499 upon

196 2502 308 2536 whom
325 2502 352 2534 it
365 2500 537 2534 remained
554 2500 640 2533 until
659 2501 715 2533 the
733 2500 863 2533 twelfth
881 2506 1034 2545 century,
1048 2500 1146 2533 when
1164 2500 1245 2545 they
1256 2500 1395 2533 became
1410 2502 1431 2519 ‘⁴
1442 2500 1587 2533 ministri
1607 2500 1730 2534 sacri.''

243 2549 256 2572 7
277 2546 497 2592 Illitteratus]
525 2547 587 2580 See
605 2546 675 2580 also
693 2545 732 2591 ἓξ
754 2549 832 2587 103,
856 2548 932 2587 183,
958 2549 1036 2580 288.
1086 2546 1253 2579 Mabillon
1278 2546 1388 2579 shows
1406 2545 1479 2578 that
1496 2546 1542 2590 by
1559 2546 1627 2579 this
1645 2552 1730 2579 term

198 2607 248 2628 we
267 2606 322 2628 are
339 2599 373 2626 to
391 2593 597 2626 understand
616 2604 679 2625 one
703 2592 778 2625 who
801 2592 868 2625 had
886 2592 1029 2625 devoted
1051 2592 1192 2625 himself
1210 2598 1244 2625 to
1262 2604 1281 2625 a
1305 2591 1470 2624 monastic
1495 2591 1565 2634 life,
1588 2592 1731 2625 without

196 2641 320 2685 having
344 2640 430 2672 been
456 2639 621 2672 educatcd
646 2639 731 2672 from
757 2638 809 2671 his
835 2638 940 2683 youth
966 2638 1001 2671 in
1026 2650 1045 2671 a
1062 2644 1267 2683 monastery.
1316 2638 1379 2670 See
1398 2637 1496 2671 Praef.
1515 2638 1549 2670 in
1567 2638 1656 2671 Aeta
1673 2639 1732 2672 SS.

200 2687 282 2720 Ord.
301 2687 334 2719 S.
352 2685 481 2719 Bened.
498 2697 564 2719 sec.
582 2685 625 2719 vi.
642 2697 675 2729 p.
693 2685 730 2718 ii.
750 2682 767 2728 δ
788 2687 843 2717 89.

247 2734 259 2752 Β
278 2731 441 2777 Rogero]
469 2732 590 2776 Roger,
607 2731 697 2776 prior
722 2731 759 2763 of
780 2730 944 2772 Durham,
970 2730 1120 2762 attained
1147 2729 1219 2762 that
1243 2729 1374 2774 dignity
1396 2730 1431 2762 in
1450 2741 1524 2764 ΑΛ).
1545 2731 1646 2774 1137,
1663 2730 1730 2763 and

199 2779 277 2812 died
295 2779 329 2811 in
349 2780 450 2812 1149.
500 2778 563 2811 See
582 2776 828 2810 Hutchinson's
848 2775 1011 2818 Durham,
1029 2775 1066 2809 ii.
1084 2778 1141 2809 91.

243 2826 255 2844 9
275 2825 382 2858 Nocte
396 2823 502 2870 vera]
531 2824 695 2868 Compare
721 2823 777 2855 tho
804 2822 953 2855 incident
979 2821 1049 2855 told
1073 2821 1118 2866 by
1138 2822 1328 2856 Germanus
1345 2821 1536 2867 rcspecting
1552 2822 1620 2856 this
1637 2833 1729 2855 same

196 2871 286 2915 prior
304 2871 414 2914 Roger
432 2870 465 2903 in
484 2871 540 2903 the
558 2876 636 2903 note
654 2868 829 2914 appended
847 2873 881 2901 to
899 2867 916 2912 ξ
938 2868 1015 2902 127.
