1839 3186
222 185 307 225 268
753 192 985 226 LIBELLUS
1016 192 1081 225 DE
1113 192 1228 225 VITA

224 395 311 420 CAP.
344 393 517 420 CXXXIX.
579 394 781 424 QUALITER
823 395 1005 422 MOESTUM
1047 396 1208 421 PATREM
1248 395 1486 431 CONSOLANS,
1529 396 1672 421 FILIUM
1712 395 1753 421 ΕΙ

281 461 531 486 REDEUNTEM
563 462 740 499 VIDERIT,
772 462 821 487 ET
851 463 953 487 DIEM
984 462 1154 488 REDITUS
1184 462 1314 488 ILLIUS
1344 463 1384 488 ΕΙ
1414 442 1700 488 PRAEDIXERIT.¹

283 562 428 616 §254
467 561 569 602 VIRI
607 559 823 617 cujusdam
862 559 994 602 fidelis
1037 559 1144 602 filius
1184 561 1226 602 in
1273 561 1416 603 Gestre
1457 560 1749 611 conversantis,

227 628 370 670 Sancti
391 627 421 668 J
424 628 543 669 acobi
562 627 706 668 limina
735 626 940 669 invisurus
970 642 1140 682 peregre
1160 627 1369 682 profectus
1390 631 1465 678 est,
1488 626 1561 669 sed
1582 626 1752 669 diversis

223 696 356 736 causis
388 694 704 750 emergentibus,
746 693 902 735 diutius
936 693 1067 734 multo
1103 708 1228 748 supra
1266 693 1516 749 praefinitum
1551 692 1752 735 redeundi

221 766 386 817 ternpus
404 776 429 802 a
452 765 583 816 patre,
606 760 648 801 in
672 760 814 801 alienis
836 758 985 801 finibus
1009 759 1247 801 demoratus
1269 765 1356 808 est3
1392 775 1514 814 quem
1545 759 1640 814 quia
1663 764 1751 801 tam

221 828 404 869 diutinas
424 842 560 869 moras
580 826 622 867 in
642 825 863 867 remeando
885 826 1113 877 contexuit,
1140 831 1258 881 pater
1289 841 1411 882 super
1430 826 1500 867 illo
1525 825 1748 877 sollicitior,

213 893 304 950 jam
327 894 535 949 sepultum
557 892 746 934 credidit.
817 892 943 933 Unde
967 893 1019 933 ad
1045 892 1179 934 virum
1201 892 1281 934 Dei
1308 893 1516 948 profectus
1536 897 1655 947 pater
1675 892 1748 943 ait,

223 965 248 983 ‘⁶
265 961 428 1001 Domne
449 966 579 1015 pater,
604 974 709 1010 ecce,
735 957 842 1001 filius
871 974 987 1000 meus
1007 974 1175 1014 peregre
1205 960 1426 1014 profectus,
1448 964 1636 1000 mortuus
1660 963 1748 1008 est3

221 1027 331 1068 unde
363 1042 433 1068 oro
468 1032 514 1068 ut
547 1025 731 1067 defuncti
767 1025 957 1081 spiritum
982 1025 1147 1067 Christo
1182 1026 1370 1081 precibus
1404 1025 1678 1077 commendes,
1708 1030 1750 1066 et

222 1094 329 1148 quia,
348 1099 395 1135 ut
411 1093 533 1143 nosti,
556 1108 629 1148 pro
649 1108 696 1133 eo
719 1092 828 1146 quod
849 1092 937 1133 vita
949 1092 1099 1133 animae
1116 1107 1218 1133 ineae
1234 1093 1325 1143 fuit,
1346 1092 1461 1147 quasi
1476 1092 1621 1133 unicus
1642 1107 1666 1133 a
1683 1107 1751 1133 me

222 1160 397 1201 dilectus
420 1159 538 1201 saiw
600 1159 819 1213 Flevitque
840 1174 978 1199 coram
1003 1174 1049 1199 eo
1071 1163 1112 1199 et
1134 1158 1334 1200 consolari
1355 1159 1590 1199 nullatenus
1606 1158 1748 1209 voluit,

222 1227 318 1281 quia
338 1226 468 1267 filium
499 1241 619 1267 suum
649 1230 859 1266 mortuum
891 1225 1056 1266 omnino
1088 1225 1277 1266 credidit.
1349 1225 1425 1266 Oui
1446 1224 1509 1267 vir
1540 1224 1620 1266 Dei
1641 1240 1750 1266 com-

221 1308 378 1348 passus,
404 1298 445 1334 et
469 1292 604 1347 capite
635 1291 813 1347 pendulo
836 1292 976 1333 divina
1007 1292 1162 1332 diutius
1191 1291 1430 1341 meditatus,
1453 1306 1673 1333 conversus
1696 1291 1750 1332 ad

223 1376 329 1412 eum,
349 1360 421 1410 ait,
462 1363 487 1382 ‘⁶
504 1359 600 1400 Noli
630 1359 804 1413 plorare,
827 1358 900 1399 sed
930 1358 1061 1413 magis
1095 1358 1243 1413 gaude,
1267 1358 1363 1412 quia
1383 1358 1491 1399 filius
1512 1362 1609 1399 tuus
1629 1357 1748 1407 vivit,

222 1431 263 1467 et
294 1427 435 1467 oculus
466 1425 543 1467 iste
572 1425 697 1466 modo
731 1425 846 1465 illum
878 1425 1087 1466 viventem
1125 1424 1260 1473 Vidit;
1295 1440 1391 1465 nam
1424 1439 1562 1479 sospes
1586 1425 1629 1466 in
1659 1425 1749 1466 An-

221 1493 349 1548 gliam
376 1492 523 1541 rediit3
559 1497 600 1533 et
623 1491 730 1532 infra
757 1496 849 1532 octo
883 1491 970 1532 dies
996 1491 1051 1532 ad
1072 1496 1113 1531 te
1134 1491 1353 1542 rediturus,
1378 1491 1500 1532 hodie
1522 1490 1579 1532 cis
1610 1490 1750 1532 Hum-

222 1560 293 1600 bre
321 1557 474 1599 1111111011
506 1557 734 1600 0011515111.”
804 1557 963 1610 Quibus
995 1557 1055 1598 vir
1085 1556 1318 1599 laetificatus
1349 1557 1518 1598 domum
1548 1557 1684 1609 rediit,
1709 1562 1751 1599 et

221 1626 327 1666 infra
348 1626 458 1666 diem
479 1625 700 1680 septimum
722 1623 852 1665 filium
873 1624 985 1665 domi
1003 1623 1245 1665 redeuntem
1266 1624 1420 1679 recepit
1438 1641 1448 1672 ;
1489 1624 1557 1678 qui
1587 1624 1749 1679 perqui-

220 1707 314 1733 rens
337 1707 362 1733 a
383 1690 478 1741 filio,
513 1692 579 1732 die
610 1691 699 1746 ipsa
729 1690 845 1731 illum
876 1690 930 1731 ad
959 1690 1151 1731 Humbre
1172 1689 1325 1731 flumen
1346 1691 1504 1732 venisse
1533 1691 1747 1745 comperit,

221 1774 302 1813 qua
332 1759 394 1800 vir
425 1758 506 1799 Dei
536 1758 618 1799 ista
648 1757 698 1798 de
729 1757 798 1797 1110
834 1757 1073 1812 prophetice
1103 1757 1314 1812 praedixit.
1386 1757 1436 1797 In
1469 1756 1616 1811 quibus
1647 1758 1748 1798 satis

222 1830 338 1879 patet
368 1825 512 1879 quanti
542 1823 679 1865 meriti
700 1824 763 1865 vir
794 1823 875 1864 Dei
906 1823 1080 1873 exstitit,
1112 1823 1179 1877 qui
1211 1828 1252 1864 et
1275 1821 1474 1878 juvenem
1505 1823 1547 1864 in
1578 1823 1748 1865 remotis

219 1890 369 1933 finibus
390 1891 511 1940 vidit,
536 1896 660 1945 atque
681 1895 845 1945 tempus
865 1889 1039 1931 redituri
1061 1890 1277 1945 praenovit.

278 1957 419 2014 Hujus
448 1957 636 1999 miraculi
670 1962 788 2011 pater
819 1961 860 1998 et
891 1955 997 1998 filius
1027 1961 1154 1998 testes
1184 1956 1395 2007 assistunt,
1429 1956 1497 2010 qui
1529 1956 1630 1997 mihi
1660 1955 1748 1997 haec

216 2025 440 2067 assertione
461 2024 642 2066 veridica
662 2023 930 2065 21011110111111.

219 2140 256 2168 111
279 2140 415 2167 sanctus
441 2132 589 2166 divinam
615 2132 693 2165 inde
719 2131 909 2165 consuleret
934 2131 1154 2166 voluntatem.
1205 2132 1272 2174 Qui
1291 2132 1390 2165 flexis
1414 2131 1557 2177 genibus
1575 2133 1609 2166 in
1626 2139 1748 2166 terram

218 2192 330 2214 coram
348 2186 483 2226 petente
508 2178 735 2224 provolvitur3
760 2178 918 2221 mirabili,
937 2177 1024 2211 sicut
1042 2178 1131 2211 idem
1157 2179 1246 2224 prior
1263 2179 1391 2222 asserit,
1409 2178 1623 2212 lacrimarum
1649 2180 1747 2213 inun-

218 2227 353 2260 datione
382 2227 548 2271 perfusus.
610 2224 650 2257 In
678 2224 740 2257 hac
770 2224 948 2257 devotione
977 2224 1087 2257 cordis
1116 2225 1313 2270 aliquandiu
1341 2231 1577 2269 commoratus,
1608 2226 1744 2259 tandem

218 2274 352 2307 hilarior
370 2273 411 2306 dc
425 2278 511 2305 terra
529 2271 686 2312 surrexit,
702 2277 734 2303 et
747 2270 794 2303 ait
810 2283 815 2305 :
843 2272 851 2288 ‘
864 2270 957 2304 Deus
975 2282 1034 2315 per
1051 2283 1105 2304 mc
1116 2271 1177 2304 tibi
1195 2271 1333 2304 mandat
1348 2278 1380 2304 et
1393 2272 1556 2317 praecipit,
1574 2278 1611 2305 ut
1628 2273 1746 2306 11111115-

216 2320 337 2353 terium
367 2318 543 2364 pastoralis
561 2329 650 2351 curae
674 2329 740 2350 non
759 2317 916 2358 descras3
942 2317 1020 2361 quia
1045 2318 1208 2361 majorem
1234 2318 1398 2363 percipies
1425 2318 1503 2351 inde
1528 2319 1744 2352 mercedem?

218 2366 291 2410 Ille,
310 2366 526 2408 confortatus,
546 2376 659 2397 curam
678 2375 748 2397 suae
765 2363 1002 2396 sollicitudinis
1023 2375 1089 2396 non
1107 2364 1281 2409 reliquit.”

262 2414 271 2434 ¹
300 2413 383 2445 This
402 2412 539 2456 chapter
557 2410 636 2443 does
654 2416 712 2443 not
729 2421 829 2443 occur
847 2410 881 2442 in
899 2410 955 2442 the
976 2410 1070 2443 Harl.
1088 2410 1164 2443 MS.

260 2460 273 2480 2
293 2457 525 2504 Reculermzt]
553 2457 596 2490 So
614 2456 768 2490 narrated
792 2456 826 2489 in
844 2456 901 2489 the
927 2468 1136 2501 anonymous
1161 2456 1323 2490 Harlcian
1347 2456 1492 2502 legend:
1519 2456 1663 2491 “Filius
1681 2457 1741 2490 viri

214 2506 391 2551 cujusdam
409 2505 465 2550 qui
484 2509 554 2538 erat
571 2503 601 2536 ci
619 2509 729 2546 notus,
747 2502 790 2535 ad
807 2503 967 2536 Sanctum
986 2503 1007 2536 J
1011 2503 1153 2536 acobum
1171 2503 1331 2536 orationis
1349 2515 1450 2536 causa
1471 2503 1652 2548 profectus,
1671 2509 1744 2537 tan-

215 2560 283 2587 tam
302 2552 381 2586 fecit
399 2552 431 2585 111
451 2552 570 2584 11111010
592 2561 733 2590 moram,
752 2549 840 2594 quod
858 2555 951 2594 pater
974 2550 1079 2594 ipsius
1105 2549 1245 2594 putabat
1263 2561 1339 2582 eum
1358 2561 1401 2582 ex
1419 2549 1481 2583 hac
1498 2549 1574 2583 luce
1591 2550 1742 2583 subtrac-

216 2607 299 2633 tum.
352 2599 439 2632 Cum
462 2609 539 2642 ergo
557 2597 703 2630 venisset
720 2596 762 2629 ad
780 2595 887 2628 virum
911 2595 986 2639 Dei,
1005 2607 1082 2628 cum
1105 2595 1253 2629 lacrimis
1277 2595 1358 2629 dicit
1377 2596 1432 2629 ei:
1459 2598 1467 2614 ‘
1480 2596 1625 2637 Domno,
1651 2596 1742 2630 filius

214 2658 310 2679 meus
329 2657 440 2690 quem,
458 2645 506 2678 sic
524 2643 624 2686 nosti,
642 2643 740 2676 unice
758 2642 950 2686 diligebam,
967 2654 1103 2687 peregre
1126 2648 1278 2675 mortuus
1295 2648 1345 2675 cst
1362 2655 1370 2683 ;
1396 2654 1453 2675 ora
1469 2654 1528 2687 pro
1546 2642 1629 2676 illo?
1680 2642 1743 2676 Ille

214 2692 422 2737 compatiens
440 2690 635 2735 aliquandiu
653 2689 775 2722 tacitus
798 2688 991 2731 meditatur,
1010 2694 1042 2721 et
1060 2694 1176 2733 postea
1193 2688 1241 2721 sic
1259 2688 1449 2733 respondit:
1478 2692 1488 2708 ‘
1501 2688 1583 2722 Noli
1602 2688 1742 2734 plorare,

214 2740 292 2784 quia
309 2739 399 2771 filius
418 2744 495 2771 tuus
514 2737 606 2775 vivit,
626 2741 657 2769 et
672 2747 787 2780 sospes
804 2735 837 2768 in
857 2734 1016 2778 Angliam
1035 2741 1085 2768 cst
1104 2746 1266 2768 reversus.
1298 2734 1410 2768 Hodie
1424 2735 1542 2768 transit
1562 2735 1739 2779 Umbram,

214 2787 352 2820 domum
371 2784 456 2818 infra
473 2784 545 2818 dies
563 2788 638 2817 octo
656 2781 838 2817 venturus.⁷
887 2781 973 2815 Haec
991 2781 1103 2815 omnia
1121 2781 1208 2815 sieut
1226 2780 1358 2815 dixerat
1375 2781 1594 2816 evenerunt.'’
