1839 3186
190 167 272 207 428
713 176 949 209 LIBELLUS
981 175 1045 207 DE
1077 176 1192 207 VITA

190 282 364 323 lentium
385 281 522 323 turba.
587 281 735 336 Itaque
748 280 839 337 jam
861 281 1144 323 semianimem
1165 281 1429 323 vulneratum
1449 281 1628 323 brachiis
1649 280 1727 323 cir-

191 349 458 403 cumplexum
483 348 534 389 de
555 349 656 390 sella
677 348 901 402 equitantis
921 348 1165 404 suscipiunt,
1190 354 1231 390 et
1262 349 1304 389 in
1331 353 1448 390 scuto
1478 363 1551 389 suo
1572 348 1727 403 reposi-

188 419 281 456 tum
312 415 354 456 in
384 420 505 456 terrae
532 415 689 471 gremio
718 415 1010 470 deposuerunt.
1072 414 1130 456 Et
1162 415 1258 469 quia
1288 414 1377 456 vita
1407 414 1534 470 ipsius
1565 414 1725 456 cunctis

192 481 458 536 desperabilis
486 482 663 531 exstitit,
687 482 885 523 accersito
915 497 1039 536 quam
1070 481 1191 523 citius
1222 481 1449 532 sacerdote,
1473 481 1725 522 confessione

190 547 241 588 de
264 549 454 590 omnibus
473 548 600 598 facto,
627 548 896 590 sacrosanctis
926 547 1136 603 mysteriis
1168 547 1502 590 communicavit.
1565 547 1725 600 Quibus

189 615 379 669 peractis,
400 620 489 656 tam
509 615 698 656 sacerdos
717 630 841 669 quam
863 615 989 655 ceteri
1011 614 1160 668 quique
1182 614 1498 656 circumstantes
1519 614 1556 655 ei
1578 629 1725 655 consu-

189 681 301 722 luere
329 681 473 723 Sancti
508 681 678 722 Thomae
711 681 768 736 pii
802 680 998 736 martyris
1033 680 1264 735 patrocinia
1295 681 1516 735 postulare,
1539 685 1581 721 et
1614 680 1650 722 ei
1681 695 1723 722 se

189 748 290 789 totis
322 748 539 789 affectibus
575 746 670 788 fidei
702 748 917 798 devovere,
952 747 1038 802 ipse
1073 747 1269 788 nimirum
1302 762 1463 802 semper
1497 746 1734 802 desperatis>

191 815 404 856 consuevit
425 815 581 865 adesse,
609 819 650 855 et
675 813 821 856 ceteris
851 818 1089 855 sanctorum
1120 813 1290 855 celerius
1312 813 1601 869 compatiendo
1630 813 1728 855 sub-

188 880 342 922 venire.
405 880 527 935 Quod
552 885 593 922 et
623 880 779 922 diutius
803 880 914 930 fecit,
941 880 1014 922 sed
1041 879 1084 920 id
1111 880 1221 934 quod
1248 880 1314 935 pie
1336 881 1574 935 postulabat
1596 880 1727 935 impe-

188 951 300 989 trare
321 962 402 988 non
430 946 596 1002 potuit3
636 947 732 1001 quia
762 946 877 1003 cujus
904 946 1042 988 meriti
1068 946 1216 988 beatus
1249 946 1454 989 &rodricus
1484 947 1646 996 fuisset,
1669 947 1726 988 sic

190 1014 361 1055 Domini
385 1014 605 1055 clementia
628 1014 783 1055 mundo
805 1013 1012 1055 declarare
1036 1013 1202 1068 delegit.

247 1080 265 1133 ἕ
283 1083 379 1122 542.
405 1081 515 1122 Nam
530 1081 638 1122 inter
655 1081 782 1122 verba
799 1079 1097 1135 desperationis
1112 1080 1260 1121 ultima
1276 1084 1318 1120 et
1335 1079 1520 1121 omnium
1539 1084 1636 1121 vota
1652 1094 1724 1135 spe

189 1146 405 1199 destituta,
429 1162 522 1188 ecce
544 1147 712 1201 quidam
728 1147 791 1189 vir
811 1152 999 1188 maturus
1023 1146 1172 1188 canitie
1196 1146 1358 1188 decenti
1379 1147 1552 1197 refusus,
1577 1146 1724 1187 baculo

187 1213 366 1264 innixus,
386 1219 583 1268 totusque
604 1213 765 1255 exuviis
786 1214 963 1255 amictus
984 1213 1269 1263 candentibus,
1300 1213 1437 1254 subito
1459 1213 1567 1254 inter
1588 1212 1725 1267 queri-

188 1281 348 1322 monias
368 1281 599 1336 lugentium
621 1295 663 1322 se
684 1280 867 1336 ingessit,
892 1285 933 1321 et
958 1279 1100 1320 taliter
1126 1294 1296 1321 exorsus
1328 1279 1450 1330 dixit,
1477 1284 1503 1302 “
1521 1279 1726 1321 Novimus
1782 1295 1785 1297 ·

188 1352 231 1388 et
262 1347 423 1402 experti
456 1362 598 1389 sumus
636 1347 842 1401 quendam
872 1347 1007 1388 virum
1044 1346 1348 1388 sanctissimum
1379 1361 1510 1401 nuper
1534 1346 1577 1387 in
1612 1353 1724 1387 terra

189 1413 424 1468 Anglorum
446 1418 681 1456 sanctorum
704 1413 783 1454 Dei
806 1412 963 1454 meritis
986 1418 1257 1467 coaequatum,
1282 1427 1403 1466 quem
1424 1412 1567 1467 lingua
1588 1412 1724 1467 patria

190 1480 392 1522 Sanctum
425 1480 650 1521 Godricum
685 1485 848 1521 constat
881 1494 969 1521 esse
1004 1484 1225 1528 vocatum3
1270 1494 1391 1533 quem
1427 1479 1515 1530 tibi,
1557 1484 1722 1534 aegrote,

188 1547 312 1588 laudo
334 1552 380 1588 ut
402 1547 643 1588 medullitus
663 1547 841 1596 invoces,
867 1551 908 1587 et
929 1546 988 1586 illi
1012 1550 1054 1586 te
1076 1545 1319 1587 devovendo
1345 1545 1472 1600 ipsius
1493 1560 1615 1600 super
1635 1560 1721 1586 om-

188 1613 258 1655 nia
278 1613 509 1668 patrocinia
530 1619 572 1654 et
593 1613 750 1655 auxilia
770 1612 1020 1667 interpelles.
1083 1612 1243 1667 Nempe
1271 1613 1358 1666 ipse
1380 1627 1422 1653 se
1449 1612 1608 1653 cunctis
1629 1627 1723 1653 eum

184 1680 472 1722 invocantibus
490 1680 618 1736 pium,
636 1695 824 1735 pronum,
844 1694 892 1720 ac
910 1678 1275 1721 clementissimum
1295 1693 1382 1720 esse
1398 1677 1602 1726 ostendit;
1628 1678 1724 1732 quia

186 1746 478 1788 misericordiae
508 1746 732 1788 visceribus
760 1744 945 1796 affluens,
971 1745 1155 1786 omnium
1188 1745 1430 1787 miserorum
1452 1745 1559 1787 votis
1580 1744 1724 1786 adesse

190 1813 443 1856 consuevit.”
505 1813 787 1868 Obstupentes
811 1812 938 1867 igitur
970 1811 1120 1867 singuli
1142 1812 1193 1853 de
1224 1817 1312 1853 tam
1340 1811 1528 1853 inaudito
1558 1811 1723 1853 nomine

190 1879 334 1921 Sancti
357 1879 539 1931 Godrici,
555 1879 671 1921 illum
691 1879 893 1920 attentius
907 1893 1063 1933 coepere
1085 1878 1201 1932 quasi
1220 1878 1441 1933 postulare,
1457 1883 1498 1919 et
1514 1876 1722 1919 infirmum

188 1946 243 1987 ad
277 1946 385 1988 illius
418 1946 721 1988 invocationem
756 1945 932 1987 nominis
963 1944 1115 1987 sedulis
1147 1945 1507 1986 exhortationibus
1535 1943 1721 1985 incitare.

191 2013 272 2065 Qui
294 2028 392 2054 mox
415 2012 592 2054 consiliis
613 2012 922 2053 condolentium
944 2011 1095 2066 paruit,
1114 2011 1186 2053 sed
1206 2011 1357 2052 mirum
1373 2011 1416 2052 in
1436 2010 1606 2051 modum
1627 2025 1724 2051 con-

188 2079 326 2121 festim
358 2084 405 2120 ut
440 2079 594 2120 Sancto
623 2078 803 2120 Godrico
836 2093 878 2119 se
904 2078 1097 2126 devovit;
1136 2077 1334 2131 illumque
1365 2092 1459 2118 cum
1491 2077 1650 2131 gemitu
1681 2081 1723 2117 et

188 2145 367 2187 lacrimis
388 2146 608 2195 invocavit,
631 2150 800 2199 repente
823 2143 960 2185 omnia
987 2143 1100 2199 prius
1122 2143 1251 2185 effusa
1278 2143 1435 2185 viscera
1463 2148 1505 2184 et
1526 2143 1724 2184 intestina

188 2227 274 2261 sua,
298 2212 340 2253 in
362 2226 404 2253 se
425 2212 479 2252 ad
500 2212 590 2252 loca
611 2211 785 2266 pristina
814 2210 947 2252 redire
980 2225 1027 2251 ac
1055 2210 1236 2251 naturali
1257 2210 1399 2250 ordine
1423 2209 1533 2251 intra
1561 2224 1603 2251 se
1625 2210 1721 2250 resi-

189 2278 285 2319 dere
309 2278 524 2332 persensit.
588 2277 714 2318 Unde
736 2277 885 2332 singuli
916 2277 1003 2318 haec
1028 2276 1205 2318 videndo
1236 2276 1489 2317 admirantes
1517 2280 1558 2317 et
1588 2274 1722 2316 laetifi-

189 2344 271 2385 cati
301 2345 352 2385 de
379 2359 457 2385 acu
487 2349 529 2385 et
560 2342 627 2384 filo
653 2359 808 2398 coepere
836 2343 1060 2398 plurimum
1092 2342 1299 2397 conqueri,
1325 2358 1372 2383 eo
1395 2342 1505 2396 quod
1526 2342 1580 2383 ad
1601 2356 1722 2383 suen-

190 2411 287 2452 dam
309 2411 474 2466 plagam
495 2410 604 2452 illius
625 2410 750 2451 latius
771 2414 985 2464 patentem
1008 2424 1057 2450 ea
1078 2410 1131 2451 ab
1147 2409 1227 2450 illis
1248 2409 1289 2450 in
1312 2409 1468 2464 campis
1485 2408 1723 2450 constitutis

189 2477 359 2519 minime
380 2481 603 2532 potuerunt
624 2475 821 2531 repperiri
839 2492 849 2522 ς
874 2475 946 2517 sed
961 2475 1060 2516 dum
1078 2475 1234 2517 diutius
1249 2474 1482 2516 contristati
1495 2474 1598 2515 nihil
1617 2473 1724 2515 inter

190 2559 232 2585 se
253 2549 426 2599 potuere
448 2543 624 2598 reperire
647 2540 896 2597 hujusmodi,
919 2541 1072 2582 iterum
1094 2541 1193 2582 dum
1217 2542 1360 2583 Sancti
1384 2540 1551 2582 Godrici
1573 2540 1723 2581 auxili-

190 2625 261 2651 um
282 2610 537 2660 invocavere,
561 2609 697 2651 subito
716 2608 825 2649 inter
846 2608 993 2649 herbas
1009 2608 1188 2649 virentes
1211 2622 1328 2649 secus
1349 2607 1523 2662 vestigia
1538 2622 1612 2648 sua
1630 2607 1724 2647 abs-

187 2692 264 2730 que
287 2676 397 2717 omni
420 2691 489 2731 spe
510 2691 630 2717 acum
654 2673 856 2716 infilatam
887 2674 1092 2715 invenere.
1156 2674 1257 2727 Quae
1279 2674 1538 2728 accipientes,
1567 2672 1721 2713 Sancto

190 2742 359 2783 Domini
383 2742 562 2783 Gsodrico
583 2742 739 2797 gratias
760 2741 948 2790 retulere,
972 2745 1012 2780 et
1037 2740 1167 2794 plagae
1188 2740 1327 2780 hiatus
1346 2745 1522 2788 suentes,
1546 2739 1721 2780 militem

188 2808 304 2849 illum
322 2824 459 2850 secum
480 2809 534 2850 ad
555 2809 699 2850 urbem
721 2808 932 2855 detulere;
967 2806 1039 2848 sed
1056 2806 1189 2847 virum
1211 2806 1456 2861 praedictum
1478 2810 1718 2860 quaerentes,

188 2890 390 2928 nusquam
413 2880 604 2929 poterant
631 2875 826 2924 invenire,
852 2873 961 2915 unde
987 2872 1199 2927 Angelum
1223 2873 1302 2915 Dei
1324 2873 1447 2915 fuisse
1469 2871 1592 2913 inulti
1615 2871 1720 2913 exis-
