1839 3186
205 173 287 213 358
732 180 964 213 LIBELLUS
995 181 1060 213 DE
1092 182 1207 213 VITA

205 285 241 326 ei
278 283 417 325 omnia
447 298 540 339 quae
580 299 604 325 a
638 284 829 339 malignis
865 284 1075 339 spiritibus
1109 298 1325 339 perpessus
1363 282 1513 333 fuerat,
1540 283 1736 325 secretius

205 366 344 393 secum
368 350 409 391 in
431 350 681 392 confessione
707 351 883 392 detexit.
946 349 1074 405 Cujus
1101 350 1358 392 absolutione
1381 349 1539 400 habita,
1562 354 1603 390 et
1640 365 1734 391 cum

208 417 375 458 consilio
400 415 486 473 ejus
505 416 719 472 disciplina
740 418 792 458 ab
814 433 860 458 eo
882 422 1088 472 percepta,
1111 416 1300 458 admissis
1322 416 1372 457 de
1394 416 1502 457 intro
1523 416 1735 457 monachis

207 488 248 525 et
272 483 470 525 ministris
506 483 575 537 qui
606 499 699 524 cum
736 484 868 539 priore
899 484 1164 532 advenerant,
1205 483 1338 538 priore
1365 481 1541 537 jubente
1571 487 1619 523 ut
1641 497 1736 523 eum

205 550 372 605 publica
395 550 644 591 confessione
679 550 948 591 confunderet
970 549 1039 603 qui
1061 564 1155 590 eum
1188 549 1231 589 in
1253 550 1413 590 occulto
1448 548 1576 589 tantis
1605 548 1737 603 plagis

205 616 376 657 lividum
398 616 669 666 contudisset,
702 617 822 670 coepit
852 630 992 657 servus
1013 615 1095 656 Dei
1118 630 1170 656 ex
1193 615 1334 656 ordine
1356 620 1505 656 cuncta
1534 620 1734 666 retexere,

207 688 248 724 et
270 683 397 724 verba
421 697 469 723 ac
493 683 676 734 verbera,
708 682 877 723 nomina
912 696 1052 722 eorum
1077 686 1118 722 et
1140 696 1276 736 opera,
1310 681 1527 722 informem
1561 682 1736 736 figuram

206 754 248 790 et
281 754 444 803 turpem
480 753 696 800 staturam,
722 749 821 790 satis
844 748 1094 802 competenti
1126 747 1324 788 relatione
1346 747 1554 788 disserere.
1618 747 1739 788 Prior

206 830 302 857 vero
325 815 474 855 exinde
511 815 699 856 arborem
736 814 921 856 avulsam
960 814 1002 854 in
1023 814 1111 855 loco
1136 828 1208 854 suo
1229 814 1371 868 reponi
1405 813 1516 865 fecit,
1539 817 1580 853 et
1603 813 1736 855 virum

206 881 298 931 Dei,
319 886 365 922 ut
387 881 441 921 ad
466 882 692 922 certamina
725 881 961 922 daemonum
988 880 1232 935 perferenda
1254 880 1427 921 alacrior
1454 878 1582 930 fieret,
1607 885 1648 920 et
1669 880 1738 934 pia

206 947 521 1002 longanimitate
557 947 772 989 devincere
808 947 1008 996 studeret,
1031 947 1175 988 multis
1207 947 1333 988 sacris
1363 946 1584 988 verborum
1614 946 1737 987 docu-

203 1015 356 1055 mentis
375 1014 586 1055 instruxit.

285 1081 307 1135 §
342 1083 439 1122 338.
474 1080 605 1121 Nocte
643 1095 739 1122 vero
778 1079 976 1134 sequenti,
1019 1078 1129 1120 idem
1165 1078 1332 1134 spiritus
1370 1077 1577 1133 malignus
1613 1079 1739 1134 priori

206 1147 517 1202 semi-soporato
559 1147 709 1194 astitit,
756 1152 798 1187 et
841 1161 991 1187 nomen
1023 1161 1142 1187 suum
1186 1160 1234 1186 ac
1264 1144 1412 1186 sororis
1454 1159 1536 1186 suae
1570 1145 1606 1186 ei
1641 1160 1735 1187 cum

208 1213 406 1254 cachinno
443 1228 653 1268 exponens
676 1213 748 1263 ait,
784 1217 808 1235 ‘⁶
828 1212 934 1266 Quia
957 1212 1184 1253 Godricum
1217 1211 1333 1252 illum
1355 1211 1643 1252 stercorarium
1665 1212 1736 1253 ad-

204 1295 368 1321 versum
389 1295 454 1320 me
477 1285 518 1321 et
545 1295 724 1321 sororem
745 1294 882 1320 meam
902 1294 984 1319 non
1009 1278 1186 1320 timuisti
1219 1283 1266 1318 ut
1289 1277 1482 1319 rebellem
1518 1277 1734 1330 instruere,

205 1347 279 1387 tali
308 1362 333 1387 a
356 1347 474 1388 nobis
501 1346 831 1387 remuneraberis
863 1345 1095 1386 niercede.”
1177 1344 1422 1398 Emissoque
1447 1359 1541 1384 cum
1563 1345 1736 1386 stridore

205 1413 461 1454 foetidissimo
493 1413 673 1467 paedore,
696 1412 809 1454 velut
834 1427 859 1453 a
879 1417 996 1467 parte
1028 1410 1115 1466 ejus
1149 1410 1386 1466 posteriore,
1408 1425 1507 1451 mox
1540 1411 1733 1460 evanuit3

206 1479 279 1520 sed
316 1495 388 1534 per
412 1479 610 1529 triduum,
648 1479 753 1520 sicut
786 1479 896 1533 prior
920 1478 1075 1528 retulit,
1097 1478 1217 1518 foetor
1237 1478 1304 1518 ille
1335 1492 1360 1518 a
1389 1476 1556 1518 naribus
1591 1477 1737 1532 prioris

206 1545 386 1599 perfecte
407 1561 489 1586 non
510 1546 692 1588 recessit.
756 1545 883 1586 Forte
908 1544 1072 1598 quidem
1094 1544 1275 1599 graviter
1298 1544 1428 1584 tulere
1451 1544 1561 1597 quod
1593 1544 1738 1585 delira-

206 1617 348 1653 menta
369 1627 509 1653 eorum
542 1612 704 1653 occulta
737 1612 778 1652 in
799 1611 963 1666 publico
995 1610 1093 1652 fecit
1123 1625 1339 1665 exponere,
1376 1625 1451 1650 nec
1475 1610 1737 1652 mediocriter

206 1678 311 1719 ferre
329 1684 500 1733 potuere
523 1679 631 1732 quod
663 1694 736 1733 pro
758 1678 937 1732 ipsorum
968 1677 1145 1718 ludibrio
1176 1677 1344 1718 nomina
1375 1691 1515 1717 eorum
1537 1682 1578 1718 et
1610 1692 1735 1732 opera

206 1745 353 1799 saepius
375 1760 513 1786 coram
534 1745 719 1799 pluribus
740 1749 1008 1786 consueverat
1029 1758 1232 1784 enarrare.

275 1810 384 1851 Haec
405 1811 543 1852 omnia
562 1816 771 1852 testantur
790 1815 832 1851 et
867 1811 1049 1851 referunt
1079 1814 1167 1851 tam
1187 1809 1378 1850 monachi
1400 1824 1523 1863 quam
1546 1810 1641 1851 laici
1664 1810 1733 1864 qui

208 1882 307 1918 tunc
329 1892 423 1918 cum
448 1877 583 1932 priore
605 1877 673 1918 illo
705 1881 994 1927 convenerant,
1029 1881 1070 1917 et
1090 1877 1182 1917 haec
1204 1876 1393 1917 viderant
1416 1881 1456 1916 et
1479 1876 1696 1917 audierant
1720 1894 1731 1925 3

209 1949 332 1997 atque
364 1959 492 1997 usque
520 1944 562 1984 in
586 1944 831 1984 hodiernum
854 1943 962 1983 diem
998 1942 1167 1997 quidam
1206 1957 1346 1983 eorum
1380 1942 1514 1983 adhuc
1546 1943 1739 1997 supersti-

209 2014 271 2051 tes
288 2015 396 2050 sunt.

212 2249 298 2273 CAP.
333 2247 436 2275 XVII.
474 2248 676 2277 QUALITER
712 2248 755 2273 IN
791 2248 897 2273 sICCA
934 2248 1038 2272 PENE
1060 2247 1196 2272 ARENA
1216 2247 1335 2272 RETIA
1369 2247 1445 2273 ΒΗΑ
1479 2249 1601 2274 TENDI
1633 2250 1740 2275 PRAE-

277 2315 468 2346 cepenrr3
529 2315 576 2338 ET
606 2314 737 2339 JUXTA
772 2314 813 2338 ID
844 2314 950 2342 QUOD
982 2313 1202 2346 PRAEDixff,
1241 2314 1427 2339 ssnsrioLA
1460 2315 1661 2344 AQUATICA
1693 2317 1737 2341 IN

278 2380 337 2406 E1s
358 2381 486 2405 CAPTA
510 2365 691 2405 FUERIT.¹

270 2463 288 2515 ἓ
319 2465 414 2505 339.
481 2461 626 2502 SOLITO
678 2461 848 2516 pietatis
903 2476 1017 2501 more
1050 2466 1091 2502 et
1127 2461 1286 2503 devotae
1328 2464 1635 2507 consuetudinis
1674 2464 1738 2507 vir

212 2529 382 2570 Domini
415 2528 619 2569 Godricus
663 2528 774 2568 omni
807 2527 871 2567 die
906 2527 1079 2568 Sabbati
1110 2529 1358 2582 pauperibus
1389 2545 1462 2584 pro
1486 2546 1623 2572 amore
1655 2532 1736 2573 Dei

213 2594 434 2636 Genitricis
458 2594 604 2635 Mariae
630 2594 680 2634 de
710 2608 784 2634 sua
804 2598 1047 2647 paupertate
1069 2594 1218 2648 stipem
1240 2594 1446 2636 alimoniae
1469 2604 1735 2640 consueverat

213 2676 394 2716 erogare.
465 2660 634 2701 Accidit
675 2659 814 2713 itaque
846 2659 1023 2713 quodam
1056 2664 1240 2714 tempore
1270 2666 1317 2701 ut
1341 2662 1442 2702 nihil
1477 2664 1642 2704 omnino
1684 2665 1738 2705 ci-

214 2728 361 2768 borum
383 2728 423 2767 in
447 2726 569 2767 domo
594 2725 681 2781 ejus
702 2731 929 2780 superesset
951 2725 1060 2766 unde
1083 2740 1229 2767 manus
1262 2742 1490 2781 pauperum
1522 2730 1734 2781 consolari,

210 2791 438 2849 adimpleri,
471 2793 533 2833 vel
557 2791 727 2833 refoveri
759 2791 974 2846 potuisset.
1036 2791 1260 2833 Advocans
1282 2792 1455 2848 denique
1489 2795 1735 2847 ministrum,

551 2870 559 2890 ¹
589 2870 670 2903 This
690 2870 825 2915 chapter
844 2870 870 2903 is
890 2874 945 2902 not
964 2869 1067 2903 found
1086 2870 1119 2903 in
1138 2869 1193 2903 the
1210 2871 1304 2905 Harl.
1323 2871 1398 2905 MS.
