1839 3186
554 221 613 251 ET
645 221 906 253 MIRAcULrs
938 220 970 252 s.
999 219 1215 252 conarer.
1566 211 1647 250 145

123 324 417 374 disseruissent,
437 328 477 364 et
499 324 688 378 spiritum
712 323 850 364 dilecti
873 324 963 364 Deo
988 323 1063 364 viri
1082 323 1236 364 visione
1262 321 1560 378 jocundissima
1581 340 1646 365 re-

121 391 329 439 fovissent,
358 405 517 431 sursum
551 391 593 431 in
627 397 723 431 aera
758 390 1130 441 1conscenderunt3
1163 404 1238 430 nec
1274 405 1353 443 quo
1384 390 1641 440 diverterint,

120 457 204 497 ulla
236 461 348 497 certa
375 456 548 511 vestigia
571 456 835 510 reliquerunt.
910 457 1068 509 Quibus
1101 456 1168 496 ille
1199 455 1432 504 laetifactus,
1457 462 1497 497 et
1528 457 1569 497 in
1601 472 1643 498 se

120 537 318 572 reversus,
359 522 480 577 coepit
517 523 607 563 Deo
642 522 785 564 laudes
816 522 1101 564 devotissimas
1141 522 1365 572 exsolvere,
1392 527 1433 562 et
1473 523 1514 563 in
1548 523 1641 563 Suis

118 588 370 630 admirandis
397 589 587 643 operibus
621 589 848 644 gratulanti
884 589 1021 630 animo
1053 587 1378 643 conglorificare;
1419 588 1641 642 statimque

118 654 322 696 intellexit
347 655 456 708 quod
494 655 632 696 anima
662 655 808 696 sororis
844 670 929 696 suae
973 669 1094 709 super
1127 654 1358 696 coelestibus
1383 654 1652 709 Angelorum*

117 721 275 763 choreis
295 726 401 762 esset
416 722 629 773 associata,
651 726 691 762 et
708 721 788 762 Dei
805 721 1023 763 clementia
1035 721 1203 775 perenni
1224 720 1458 762 2foelieitate
1473 721 1641 762 donata.

117 1013 206 1040 OAP.
232 1013 344 1039 LXIV.
405 1013 606 1042 QUALITER
626 1012 700 1037 PRO
722 1013 858 1037 ANIMA
890 1013 1055 1038 FRATRIS
1077 1013 1139 1038 SUI
1161 1012 1454 1037 POENITENTIAM
1478 1013 1639 1045 EGERIT,

182 1080 315 1109 ATQUE
346 1080 372 1104 A
408 1080 535 1104 POENIS
566 1079 747 1114 ERUTAM,
781 1079 868 1103 EAM
905 1079 981 1103 SIBI
1012 1079 1326 1108 COLLOQUENTEM
1357 1063 1557 1104 VIDERI'I'.3

176 1178 317 1232 §137.
355 1179 503 1221 OMNIA
543 1195 666 1235 opera
699 1178 868 1219 Domini
908 1178 1192 1220 miserationes
1234 1178 1338 1235 Ejus
1381 1184 1644 1234 exsuperant,

119 1261 208 1300 quae
244 1246 356 1287 nullo
377 1262 558 1301 unquam
590 1245 669 1287 fine
701 1245 951 1300 deprehendi
984 1260 1025 1287 se
1060 1245 1180 1300 digne
1211 1262 1329 1301 posse
1350 1245 1643 1296 manifestant3

120 1328 272 1368 magna
312 1313 477 1367 quidem
511 1317 606 1354 sunt
637 1327 761 1367 opera
791 1310 907 1366 Ejus,
934 1312 1139 1366 exquisita
1172 1312 1214 1353 in
1249 1327 1390 1354 omnes
1414 1312 1647 1354 voluntates

122 1378 236 1435 Ejus,
262 1380 357 1434 quia
376 1380 471 1420 hinc
492 1383 755 1435 peccatorum
777 1379 934 1419 animas
954 1378 1112 1419 meritis
1135 1384 1370 1420 sanctorum
1392 1394 1416 1420 a
1434 1378 1562 1434 poenis
1586 1378 1648 1418 in-

122 1445 225 1486 ferni
248 1447 366 1497 eruit,
394 1446 488 1487 hinc
513 1461 609 1488 vero
641 1445 808 1500 spiritus
844 1445 1068 1486 electorum
1099 1445 1177 1487 illis
1212 1445 1266 1486 ad
1295 1446 1473 1500 gratiam
1505 1460 1648 1486 conso-

121 1512 286 1554 lationis
325 1517 516 1567 patenter
551 1512 745 1554 ostendit.
810 1511 935 1552 Unde
968 1511 1046 1552 hoc
1079 1511 1324 1553 miraculum
1362 1512 1472 1566 quod
1508 1512 1648 1552 subse-

122 1578 273 1632 quitur,
318 1579 418 1633 quid
449 1594 590 1634 preces
623 1578 834 1634 justorum
874 1593 947 1633 pro
990 1578 1171 1633 peccatis
1211 1579 1435 1620 errantium
1471 1577 1646 1627 valeant,

123 1645 223 1687 satis
241 1645 560 1687 luculentissime
582 1650 850 1700 protestatur.

182 1711 288 1753 Erat
336 1712 372 1753 ei
412 1712 540 1753 frater
580 1711 747 1765 quidam
789 1711 974 1761 carnalis,
1018 1710 1068 1752 de
1110 1726 1188 1765 quo
1232 1710 1538 1766 4praediximus,
1581 1712 1649 1766 qui

125 1778 315 1832 operibus
336 1778 585 1820 secularibus
606 1778 717 1818 omni
748 1783 836 1818 erat
872 1782 1056 1832 tempore
1091 1778 1282 1830 deditus3
1314 1778 1380 1819 hic
1414 1779 1455 1819 in
1480 1779 1649 1820 alterius

121 1844 348 1886 ministerio
362 1844 605 1894 deserviens,
623 1844 757 1885 lembo
773 1843 995 1897 aliquando
1015 1844 1222 1894 utebatur,
1249 1850 1373 1898 atque
1393 1860 1466 1899 per
1486 1845 1648 1887 alveum

174 1954 182 1972 ¹
204 1954 496 2000 conscenderunt]
523 1954 617 1988 Thus
634 1954 704 1987 also
723 1955 770 1987 St.
782 1954 934 1999 Gregory
952 1966 1019 1987 saw
1037 1954 1094 1987 the
1111 1954 1206 1999 spirit
1224 1954 1261 1987 of
1273 1954 1326 1988 his
1343 1955 1441 1989 sister
1459 1955 1586 1989 carried
1604 1967 1648 2001 up

128 2001 198 2034 into
215 2001 355 2034 heaven.
405 2001 467 2034 See
485 2001 618 2035 Mabill.
639 2001 727 2034 Acta
745 2001 802 2034 SS.
822 2001 904 2034 Ord.
923 2001 957 2034 S.
970 2001 1099 2034 Bened.
1117 2013 1184 2034 sec.
1204 2001 1225 2034 i.
1242 2013 1298 2046 pp.
1317 2004 1370 2046 22,
1389 2003 1444 2036 37.

174 2047 186 2066 ²
205 2047 389 2081 Foelicitate
402 2047 554 2094 donata]
583 2048 656 2081 The
672 2047 767 2082 Harl.
782 2059 991 2092 anonyrnous
1009 2047 1128 2080 author
1145 2047 1223 2080 thus
1242 2048 1352 2081 writes
1366 2061 1372 2082 :
1401 2051 1422 2067 ‘⁶
1436 2049 1545 2082 Cursu
1562 2056 1648 2082 tem-

127 2105 245 2138 porum
263 2094 465 2138 procedente
489 2094 581 2139 [MS.
600 2094 864 2139 procedentem],
882 2106 973 2127 soror
991 2095 1063 2137 ejus
1082 2094 1169 2126 viam
1195 2095 1358 2128 universae
1376 2096 1485 2128 carnis
1503 2096 1648 2140 ingredi-

127 2145 180 2172 tur
196 2153 204 2181 ;
230 2140 320 2173 unde
337 2140 520 2185 plurimum
538 2141 765 2183 contristatus,
782 2147 916 2186 propter
933 2140 1179 2173 absolutionem
1198 2140 1303 2186 ipsius
1321 2142 1487 2175 orationes
1502 2149 1535 2175 et
1552 2142 1649 2175 lacri—

126 2197 198 2219 mas
216 2186 410 2231 impendere
427 2198 494 2220 non
515 2187 669 2220 cessavit.
717 2187 859 2220 Beatam
885 2199 1016 2232 quoque
1036 2187 1211 2231 Virginem
1237 2188 1398 2221 attentius
1421 2188 1592 2232 exorabat,
1612 2194 1649 2222 ut

125 2232 216 2266 illius
233 2233 354 2266 animae
378 2234 523 2279 propitia
547 2234 750 2267 subveniret.
799 2233 953 2275 Quadam
973 2245 1049 2278 ergo
1074 2240 1173 2266 nocte
1199 2233 1394 2277 dormitans,
1414 2235 1509 2276 vidit,
1525 2247 1649 2280 praece-

128 2278 228 2312 dente
247 2279 354 2312 Beata
372 2280 525 2324 Virgine,
543 2280 626 2313 duos
645 2280 731 2313 viros
753 2280 837 2313 albis
863 2280 1004 2313 amictos
1024 2280 1217 2313 Oratorium
1244 2281 1375 2314 Sanctae
1394 2281 1578 2315 Genitricis
1599 2283 1650 2315 in-

127 2337 259 2369 gressos
275 2339 282 2366 ;
309 2326 364 2370 qui
383 2326 536 2371 spiritum
556 2338 625 2360 suae
643 2327 763 2360 sororis
780 2326 937 2367 ferentes,
950 2338 1024 2359 eam
1042 2338 1141 2372 super
1155 2326 1281 2360 Altaris
1300 2328 1505 2373 crepidinem
1524 2334 1651 2361 statue-

128 2378 217 2405 runt.
268 2372 355 2405 Cum
373 2379 486 2406 autem
510 2385 608 2418 super
630 2373 717 2406 hanc
735 2373 897 2406 visionem
924 2372 1017 2418 [MS.
1037 2373 1181 2418 visione]
1201 2373 1373 2418 gauderet,
1392 2374 1449 2407 illa
1463 2376 1650 2408 consistens

127 2418 161 2451 in
180 2418 292 2451 medio
310 2418 436 2452 Altaris
461 2419 533 2453 haec
551 2419 641 2452 dulci
659 2419 805 2452 melodia
822 2419 931 2452 verbis
950 2418 1103 2464 Anglicis
1121 2426 1254 2453 cantare
1272 2420 1394 2465 coepit:
1422 2423 1429 2438 ‘
1444 2421 1598 2454 Christus
1617 2427 1650 2454 et

130 2464 252 2498 Sancta
270 2465 380 2498 Maria
405 2477 459 2498 me
477 2465 690 2499 deduxerunt
707 2466 741 2498 in
767 2477 914 2508 scamno,
934 2477 975 2498 ne
1000 2466 1031 2498 in
1051 2466 1114 2499 hac
1132 2473 1219 2499 terra
1244 2466 1335 2499 nudo
1360 2467 1445 2511 pede
1463 2468 1650 2502 calcarem.'

131 2510 227 2555 Tune
246 2511 312 2544 duo
330 2511 390 2544 viri
416 2512 486 2545 sive
504 2512 638 2556 Angeli,
657 2524 798 2556 quorum
824 2512 907 2545 alter
932 2512 1024 2545 stetit
1042 2512 1084 2545 ad
1110 2512 1284 2546 dexteram
1309 2519 1438 2558 partem
1457 2514 1595 2557 Asteris,
1618 2519 1651 2546 et

129 2556 277 2601 reliquus
295 2557 337 2590 ad
354 2558 534 2601 sinistram,
553 2564 727 2591 cantantes
741 2570 821 2592 voce
839 2559 1050 2600 suavissima,
1067 2559 1330 2604 responderunt:
1360 2560 1485 2605 ‘Kyrie
1503 2560 1651 2605 eleyson,

92 2601 94 2603 ’
131 2602 264 2636 Christe
290 2604 450 2649 eleyson,'
469 2605 525 2649 qui
550 2604 682 2638 libellos
700 2605 879 2638 tenderunt
897 2610 1039 2650 opertos,
1059 2606 1152 2649 quasi
1180 2606 1220 2639 de
1245 2606 1390 2650 pellibus
1413 2606 1601 2648 rubricatis,
1619 2613 1652 2639 et

129 2656 286 2682 canentes
304 2662 423 2684 manus
439 2651 631 2696 plaudendo
644 2651 819 2695 jactabant
832 2657 865 2684 et
876 2651 1037 2685 librorum
1051 2652 1131 2685 folia
1148 2652 1394 2697 dispergebant.
1432 2652 1496 2685 Illa
1514 2653 1650 2696 quidem

129 2696 300 2729 canticum
325 2696 450 2741 pluries
475 2697 620 2739 iteravit,
638 2704 671 2731 et
688 2698 810 2742 Angeli
830 2701 837 2715 ⁶
853 2698 959 2742 Kyric
976 2698 1124 2743 eleyson,
1145 2698 1277 2731 Christe
1296 2698 1456 2743 eleyson,'
1471 2699 1570 2731 toties
1585 2700 1653 2732 fine

131 2741 326 2785 subjiciunt.
358 2743 444 2776 Cum
462 2756 538 2777 vero
557 2744 604 2777 sic
619 2744 809 2777 diutissime
826 2744 1038 2786 cecinissent,
1052 2745 1246 2778 recedentes
1258 2745 1291 2777 in
1305 2756 1381 2777 aera
1398 2744 1653 2779 contenderunt.

123 2779 195 2820 Vir
220 2788 283 2820 Dei
304 2790 509 2832 jocundatus
531 2790 655 2823 Christi
681 2790 945 2824 misericordiam
971 2790 1186 2835 collaudavit,
1211 2790 1402 2835 intelligens
1427 2791 1516 2835 quod
1541 2792 1654 2825 anima

131 2834 252 2867 sororis
269 2834 422 2869 absoluta
439 2842 527 2870 esset
544 2848 563 2869 a
579 2837 725 2881 poenis.⁷'

178 2880 191 2898 ³
216 2880 255 2913 In
273 2880 330 2914 the
349 2882 445 2917 Harl.
463 2883 538 2917 MS.
557 2883 694 2928 chapter
713 2882 830 2916 LXII.
1001 2884 1013 2902 ⁴
1032 2882 1281 2928 Praediximus]
1306 2882 1343 2927 §§
1365 2885 1417 2927 10,
1439 2886 1515 2918 130.

1436 2985 1457 3008 L
