1839 3186
193 174 277 213 404
722 177 954 210 LIBELLUS
990 177 1054 208 DE
1090 176 1204 208 VITA

477 384 585 410 XCVI.
619 382 670 407 DE
702 381 823 407 MANU
847 380 1089 420 4(ΣῸΝΤΒΑΟΤΑ
1125 380 1173 405 ΕΤ
1204 379 1307 404 ΡΕΒΕ
1339 376 1509 403 SANATQ

257 486 395 539 §463
429 484 545 525 YSEL
576 482 627 523 de
650 480 829 524 Castello
862 479 1065 521 Bernarcli
1092 478 1320 534 progenita,
1352 492 1405 518 ex
1434 474 1556 516 unius
1584 488 1732 515 manue

200 551 480 595 contractione
502 549 613 591 omni
643 553 829 602 tempore
858 547 1131 595 laboraverat,
1153 545 1354 598 uniusque
1385 542 1500 597 pedis
1527 541 1731 582 incessum

200 620 364 674 penitus
403 632 519 671 aeque
551 614 802 670 perdiderat.
866 612 967 664 Quae
999 611 1049 652 de
1080 612 1294 665 utriusque
1324 609 1499 651 membri
1537 607 1730 649 invalitu-

202 687 296 727 dine
329 684 385 725 ibi
416 683 534 738 plene
557 679 779 730 convaluit,
802 683 926 733 atque
948 692 1086 733 sospes
1107 693 1154 719 ao
1177 692 1276 719 sana
1297 691 1391 717 cum
1414 675 1533 717 sociis
1562 674 1731 714 domum

200 767 294 794 eum
315 750 466 806 gaudio
488 746 702 789 remeavit.

774 843 898 869 XCVII.
930 842 982 868 DE
1012 842 1154 868 SURDO.

265 933 407 987 §464
441 931 564 970 Aemi·
595 928 764 982 quidam
787 927 922 968 dietus
943 926 1123 976 nomine,
1156 924 1264 967 filius
1299 925 1410 965 Pace
1443 924 1494 965 de
1517 923 1731 972 Wittune,

204 1000 273 1054 qui
296 1003 357 1040 est
379 998 421 1039 in
440 995 607 1051 regione
629 994 876 1042 Alvertune‚
908 993 991 1034 11110
1021 993 1169 1034 surdus
1200 1006 1253 1032 ex
1282 991 1404 1033 nnius
1438 991 1548 1032 auris
1583 990 1732 1044 impor-

203 1066 385 1107 tunitate
407 1064 646 1111 advenerat,
670 1060 742 1102 sed
763 1075 886 1101 sanus
907 1064 948 1100 et
969 1059 1141 1101 audiens
1161 1059 1215 1099 ad
1236 1059 1401 1114 propria
1421 1057 1646 1099 remeabat.

633 1223 776 1249 XCVIII.
808 1222 859 1247 DE
895 1222 1000 1247 CAEOO
1030 1222 1297 1247 ILLUMINATO.

261 1322 398 1374 §465
433 1321 609 1374 QUIDAM
630 1320 705 1369 vir,
730 1318 858 1374 Hugo
893 1319 1059 1360 nomine
1097 1325 1138 1360 et
1171 1319 1420 1374 Peregrinus
1452 1319 1587 1361 dietue
1608 1334 1734 1375 agno-

205 1389 330 1437 mine,
369 1388 492 1428 homo
526 1387 722 1428 Fuleonis
753 1385 912 1436 Painel,
946 1391 1123 1439 quatuor
1159 1387 1276 1427 annis
1307 1400 1438 1427 eaeeus
1469 1386 1634 1426 omnino
1666 1401 1736 1427 ex-

202 1455 324 1505 stitit,
347 1455 407 1495 ita
435 1454 545 1508 quod
576 1453 735 1494 nullum
756 1452 921 1507 penitus
941 1452 1081 1493 lumen
1099 1452 1239 1494 videre
1259 1452 1493 1507 praevaluit.
1564 1451 1739 1494 1Tribus

209 1536 303 1563 vero
340 1525 438 1562 ante
482 1520 674 1561 noctibus
708 1519 824 1560 nulla
858 1520 1025 1560 omnino
1062 1524 1185 1559 noete
1218 1519 1357 1560 videre
1394 1519 1549 1572 aliquid
1582 1520 1733 1574 potuit.

206 1588 397 1640 Quadam
429 1587 603 1640 denique
635 1585 714 1635 (lie,
739 1585 838 1626 dum
868 1590 990 1640 prata
1013 1590 1224 1626 secaturus
1245 1585 1469 1634 excideret,
1492 1585 1666 1640 contigit
1688 1590 1736 1626 ut

203 1654 307 1694 nihil
328 1653 383 1694 acl
407 1668 619 1708 vesperam
635 1652 791 1701 videns,
813 1652 925 1693 visus
947 1652 1112 1706 penitus
1133 1652 1343 1692 oculorum
1365 1651 1593 1693 amitteret.
1656 1651 1738 1704 Qui

204 1721 300 1762 illuc
322 1721 375 1761 ab
396 1720 486 1761 aliis
508 1719 723 1769 deductus,
748 1733 871 1760 sanus
893 1723 934 1760 et
959 1719 1100 1760 videns
1121 1718 1291 1759 domum
1312 1732 1499 1759 reversus
1520 1723 1596 1759 est.

731 1884 841 1909 XCIX.
879 1883 978 1908 ITEM
1010 1882 1062 1907 DE
1093 1882 1215 1907 CAECA.

266 1984 284 2036 ᾧ
306 1985 404 2026 466.
440 1985 634 2037 QUAEDAM
659 1983 812 2024 Emma
832 1983 1033 2024 vocabulo
1067 1983 1192 2032 dieta,
1224 1998 1331 2024 uxor
1361 1983 1512 2025 Lefrici
1535 1984 1740 2027 Sutherne

210 2051 261 2091 de
285 2050 430 2100 Leoca,
458 2051 499 2091 ²a
522 2051 755 2091 Nativitate
778 2049 948 2090 Domini
984 2064 1112 2103 usque
1147 2048 1201 2089 ad
1238 2050 1390 2090 festum
1413 2050 1554 2091 Sancti
1580 2051 1610 2091 J
1614 2052 1739 2093 ohan-

208 2117 273 2158 nis
295 2117 513 2172 Baptistae,
537 2116 647 2170 quod
679 2116 721 2156 in
748 2114 835 2171 ejus
856 2115 1141 2156 Decollatione
1168 2116 1411 2165 celebratur,
1435 2131 1554 2168 eaeca‚
1576 2118 1633 2159 ibi
1662 2124 1736 2167 est,

208 2183 364 2225 virtute
385 2182 551 2224 luminis
571 2182 748 2233 reddita,
772 2187 976 2237 reparata.

772 2346 806 2371 C.
838 2346 889 2370 DE
919 2346 1020 2371 TELA
1050 2345 1177 2371 OCULI.

272 2445 290 2496 ᾧ
312 2443 409 2488 467.
446 2444 570 2495 ALIA,
595 2444 758 2486 Aldusa
779 2451 940 2495 vocata,
963 2445 1226 2501 pauperrima
1252 2447 1294 2487 in
1323 2446 1446 2487 domo
1469 2446 1639 2488 Eluredi
1672 2445 1743 2488 filii

214 2510 435 2559 Aimundi,
459 2509 641 2566 ejusdem
662 2512 772 2553 villae
806 2511 919 2561 civis,
953 2511 1109 2554 diutius
1142 2518 1394 2563 conversata,
1418 2513 1595 2566 quinque
1625 2514 1743 2554 annis

213 2577 340 2618 telam
363 2577 587 2627 oculorum,
611 2577 647 2618 ei
675 2577 892 2632 palpebras
912 2579 1188 2619 obducentem
1214 2583 1255 2618 et
1287 2579 1426 2619 lumen
1458 2594 1578 2619 omne
1607 2580 1741 2620 oculo-

214 2658 307 2684 rum
335 2643 371 2683 ei
398 2644 563 2698 penitus
592 2644 861 2694 auferentem,
894 2645 1119 2693 sustinuit3
1155 2659 1243 2697 quae
1270 2644 1339 2685 illo
1361 2660 1386 2686 a
1406 2645 1524 2686 sociis
1546 2645 1739 2695 deducta,

215 2709 384 2750 sanitati
406 2717 469 2751 est
493 2709 672 2751 reddita.

493 2818 502 2837 ¹
527 2818 671 2865 Tribus]
701 2819 774 2852 The
791 2818 956 2852 narrative
973 2818 1053 2851 here
1070 2829 1180 2851 seems
1198 2818 1386 2863 imperfect.

447 2865 458 2883 ²
483 2865 514 2897 A
538 2866 728 2900 Nativitate
749 2864 917 2911 Domini]
946 2865 1049 2898 From
1069 2867 1112 2898 25
1131 2864 1215 2898 Dee.
1233 2870 1268 2898 to
1286 2867 1330 2898 29
1348 2865 1437 2908 Aug.
