1839 3186
516 230 574 260 ET
609 229 875 261 MIRACULIS
913 230 948 260 S.
975 230 1193 262 GODRICI.
1569 220 1619 265 73

86 434 173 459 CAP.
206 432 307 458 XXV.
356 431 556 461 QUALITER
588 431 756 456 DEVOTAE
787 432 981 457 MULIERIS
1014 432 1168 457 EXENIA
1192 433 1368 467 ACCEPIT,
1404 433 1491 458 SIVE
1522 434 1621 463 QUID

491 498 736 523 POSTMODUM
768 498 819 523 DE
855 498 914 525 EIS
950 499 1088 524 ACTUM
1125 483 1217 524 SIT.l

147 598 164 651 ξ
189 600 254 640 61.
292 599 397 639 DUM
426 599 468 640 in
499 599 568 640 illo
599 604 784 655 tempore
815 600 962 641 mulier
994 599 1187 654 quaedam
1212 600 1252 641 111
1284 599 1473 655 proximo
1504 599 1619 641 habi-

87 671 208 715 taret,
234 665 362 707 tantis
389 671 450 707 est
476 681 670 708 succensa
691 666 903 708 desideriis
924 666 1033 721 quod
1056 667 1132 707 sibi
1154 667 1334 721 quietem
1364 667 1475 707 nullo
1496 666 1620 707 modo

88 732 358 786 permitteret,
393 732 471 774 nisi
497 733 632 774 virum
663 733 744 774 Dei
773 733 957 775 vidisset.
1029 731 1140 775 Haec
1175 734 1216 774 in
1250 733 1393 775 villula
1425 733 1618 787 quadam,

88 797 102 820 ‘²
122 798 351 840 Lummelei
386 799 512 848 dicta,
545 800 756 841 solitudini
790 800 847 841 illi
878 816 960 841 non
994 800 1211 855 plusquam
1244 816 1326 841 uno
1352 799 1528 841 miliario
1561 815 1619 840 se-

87 870 214 915 mota,
258 866 504 914 habitabat,
563 882 655 920 quae
708 867 811 908 citra
857 865 1037 908 fluminis
1085 867 1218 922 ripam
1254 867 1362 908 inter
1406 881 1621 907 nemorosa

89 931 230 973 ³tecta
261 932 340 974 sita
369 933 597 974 constabat.
661 933 805 974 Noluit
841 939 980 974 tamen
1016 934 1155 974 vacuis
1183 934 1373 975 manibus
1404 933 1439 974 ei
1476 948 1620 973 occur-

88 1014 189 1048 rere,
214 998 285 1039 sed
311 999 552 1054 praeparatis
573 1000 822 1050 muneribus,
853 1000 1020 1054 pieta-tis
1044 1000 1181 1041 studio
1212 1000 1327 1041 illum
1357 1000 1439 1041 suis
1463 1000 1619 1041 exeniis

87 1065 301 1106 honorare.
376 1065 502 1106 Unde
529 1066 735 1107 nonnullis
768 1066 942 1121 panibus
975 1071 1016 1107 et
1053 1067 1180 1107 caseis
1216 1082 1309 1107 011111
1345 1066 1465 1121 adipe
1494 1066 1620 1107 butiri

90 1132 360 1187 congregatis,
410 1132 464 1172 ad
502 1132 635 1173 virum
673 1132 752 1173 Dei
791 1133 974 1182 accessit,
1017 1138 1058 1173 et
1106 1133 1141 1173 ei
1172 1133 1478 1187 gratulabunda
1520 1133 1620 1173 talia

89 1198 260 1239 donaria
294 1198 524 1253 gaudenter
554 1199 756 1240 exhibuit.
828 1199 908 1252 Qui
939 1198 1026 1255 ejus
1057 1199 1317 1240 devotionem
1353 1199 1509 1248 videns,
1545 1214 1621 1239 nec

88 1265 386 1319 aspernabatur
413 1265 520 1307 illius
551 1266 718 1320 pietatis
745 1265 1030 1315 reverentiam,
1063 1281 1138 1306 nec
1164 1266 1294 1307 voluit
1326 1281 1417 1306 eam
1449 1266 1621 1306 contris-

87 1331 166 1371 tari
189 1331 248 1372 illi
270 1347 354 1373 suae
376 1333 606 1386 praesentiae
630 1332 897 1374 subducendo
919 1332 1208 1374 consolationis
1229 1332 1504 1373 clementiam.
1559 1333 1621 1373 At

89 1402 228 1439 tamen
263 1399 456 1440 sustinuit
485 1399 613 1440 donec
640 1400 729 1454 ipsa
756 1399 906 1440 exinde
933 1399 1120 1447 recessit;
1162 1399 1310 1440 dehinc
1335 1414 1506 1440 munera
1533 1399 1621 1453 ipsa

90 1470 130 1505 et
169 1465 424 1506 oblationum
467 1465 614 1506 exenia
653 1466 843 1507 manibus
884 1481 1144 1521 componens,
1185 1466 1238 1507 ad
1275 1466 1432 1515 collem,
1476 1465 1543 1519 qui
1580 1465 1621 1505 111

89 1531 278 1585 proximo
306 1532 537 1583 videbatur,
576 1532 760 1580 accessit⁷
791 1538 832 1573 et
863 1533 1044 1574 Domino
1074 1533 1303 1587 gratiarum
1339 1532 1500 1573 actione
1531 1532 1622 1573 red-

91 1598 190 1647 dita,
217 1598 326 1639 elata
349 1598 391 1639 in
413 1599 558 1639 coelum
577 1599 749 1640 Summo
767 1599 872 1654 Regi
893 1600 984 1641 haec
1006 1600 1145 1640 omnia
1158 1599 1477 1640 commendavit.
1516 1599 1622 1641 Cum

91 1664 239 1705 deinde
268 1680 403 1720 genua
433 1665 475 1706 111
505 1670 658 1707 terram
692 1664 889 1716 flecteret,
917 1671 964 1707 ut
986 1682 1058 1721 pro
1081 1682 1129 1707 ea
1156 1667 1336 1707 Domino
1358 1665 1621 1720 supplicaret,

91 1736 132 1771 et
174 1737 272 1772 vota
307 1747 381 1773 sua
412 1747 549 1772 coram
589 1732 770 1773 Domino
801 1733 1004 1782 redderet,
1042 1749 1141 1774 mox
1178 1748 1393 1787 resurgens
1432 1732 1534 1772 nihil
1572 1733 1622 1773 de

90 1797 169 1838 illis
199 1799 389 1839 omnibus
425 1798 590 1853 reperit.
662 1798 801 1848 Unde,
839 1804 885 1839 ut
919 1800 1075 1849 retulit,
1107 1805 1205 1841 vota
1237 1814 1310 1839 sua
1341 1798 1521 1839 Domino
1557 1814 1623 1840 ac-

92 1869 213 1918 cepta
250 1864 442 1914 credidit,
484 1869 526 1905 et
568 1863 858 1906 sacrificiorum
898 1881 1071 1907 munera
1111 1882 1184 1920 per
1219 1881 1365 1907 manus
1399 1865 1623 1919 Angelicas

91 1930 332 1971 holocausta
353 1931 444 1971 Deo
465 1930 577 1972 facta
601 1932 787 1986 gratuita
815 1931 1034 1973 intellexit.
1098 1933 1178 1985 Qui
1200 1932 1308 1973 enim
1342 1931 1549 1986 quondam
1572 1932 1623 1972 de

91 1995 107 2018 4
127 1997 283 2038 Manue
325 1998 514 2038 manibus
545 2013 688 2039 carnes
723 1998 842 2039 vituli
873 2004 1076 2049 cruentas,
1110 1999 1274 2054 ignibus
1307 1998 1357 2039 de
1390 1999 1499 2040 silice
1530 2014 1623 2053 pro-

92 2064 252 2118 gressis,
276 2064 575 2119 absumpserat,
601 2064 695 2119 Ipse
722 2064 930 2106 modernis
952 2066 1206 2120 temporibus
1228 2065 1278 2106 de
1302 2064 1471 2105 Godrici
1492 2065 1621 2106 nostri

92 2130 281 2172 manibus
322 2146 448 2185 panes
489 2146 583 2171 cum
623 2131 815 2186 adipibus
849 2132 1093 2186 accipiebat.
1165 2132 1234 2173 Sic
1270 2132 1483 2172 multoties
1523 2131 1622 2172 dum

93 2196 309 2238 Altissimo
331 2197 504 2238 aliorum
522 2197 630 2238 dona
652 2197 841 2252 precibus
865 2198 1189 2246 commendaret,
1214 2198 1386 2253 contigit
1408 2203 1454 2239 ut
1486 2198 1622 2239 subito

93 2278 265 2316 quorum
301 2279 353 2304 ex
389 2263 472 2304 alto
506 2263 621 2306 Deus
646 2269 745 2305 vota
775 2270 1057 2319 prospexerat,
1091 2280 1231 2306 eorum
1252 2265 1393 2306 oblata
1421 2265 1473 2305 ab
1496 2265 1623 2306 oculis

92 2329 306 2370 hominum
343 2330 609 2371 subducendo
641 2331 913 2372 abstraheret.
978 2332 1207 2386 Multisque
1238 2331 1494 2386 temporibus
1529 2331 1623 2372 tali-

92 2401 155 2436 ter
183 2401 459 2448 conversatus,
482 2397 684 2452 paulatim
708 2397 762 2438 ad
783 2398 974 2438 notitiam
996 2398 1210 2439 hominum
1240 2403 1301 2439 est
1323 2396 1338 2419 ⁵
1352 2397 1587 2453 perductus.

140 2516 148 2534 ¹
175 2516 216 2549 In
233 2516 291 2549 the
310 2515 405 2550 Harl.
426 2516 500 2549 MS.
519 2516 657 2562 chapter
671 2517 814 2552 XXVI.

138 2562 153 2582 ²¹
169 2562 374 2608 Lummelei]
399 2562 610 2608 Lummeley,
628 2564 694 2605 H.;
720 2576 739 2597 a
757 2564 877 2609 village
896 2565 930 2598 in
947 2564 1004 2598 the
1023 2565 1218 2599 immediate
1237 2566 1378 2612 vicinity
1396 2567 1433 2600 of
1448 2565 1624 2600 Finchale.

141 2608 153 2627 3
175 2608 303 2655 Tecta]
330 2609 482 2652 Fruteta,
503 2609 552 2642 H.

140 2657 150 2674 ⁴
170 2655 327 2701 Manna]
351 2655 491 2699 Judges,
510 2656 584 2688 xiii.
605 2658 635 2700 1,
654 2658 685 2700 2,
705 2659 737 2699 3,
755 2668 847 2701 seqq.

138 2702 151 2721 ⁵
172 2700 386 2747 Perductus]
424 2702 585 2735 “Mulier
619 2703 774 2747 quaedam
802 2703 958 2737 habitans
992 2704 1026 2737 in
1060 2704 1176 2737 villula
1200 2705 1375 2738 Laernelci
1409 2704 1490 2751 [ita]
1520 2705 1622 2748 dicta,

93 2759 165 2792 quae
199 2760 266 2781 uno
291 2754 424 2781 tantum
451 2748 553 2781 distat
577 2749 723 2782 miliario
749 2749 790 2782 ab
815 2749 877 2783 hac
904 2751 1098 2793 solitudine,
1120 2752 1225 2784 virum
1252 2751 1315 2784 Dei
1342 2752 1427 2784 miro
1454 2751 1622 2784 desidera-

91 2793 148 2826 bat
174 2795 322 2835 affectu;
349 2800 382 2826 et
400 2806 441 2827 ne
465 2806 569 2827 vacua
594 2807 697 2828 manu
725 2796 852 2829 veniret
881 2796 923 2830 ad
944 2808 1032 2840 eum,
1061 2797 1174 2830 attulit
1200 2798 1229 2830 ci
1258 2809 1372 2842 panes,
1394 2804 1427 2830 et
1445 2809 1571 2841 caseos,
1590 2803 1623 2830 et

93 2839 263 2885 butyrum.
314 2840 377 2873 Ille
394 2840 544 2873 mulieris
563 2841 775 2875 devotionem
789 2848 958 2886 gratanter
974 2843 1153 2887 accipiens,
1178 2843 1286 2876 noluit
1304 2856 1376 2876 cam
1404 2844 1600 2877 contristare
1616 2857 1624 2885 ;

92 2897 297 2931 muneraque
315 2887 474 2931 suscepit.
526 2887 708 2932 Postquam
728 2888 785 2921 illa
803 2889 968 2932 discessit,
988 2889 1089 2921 11011111
1106 2890 1216 2922 ferens
1234 2890 1267 2922 in
1286 2890 1452 2933 manibus,
1472 2891 1623 2923 ascendit

94 2931 128 2964 111
152 2932 283 2976 collem,
303 2939 431 2966 etcum
448 2945 537 2977 genu
555 2933 656 2978 flexo,
684 2940 715 2967 ct
741 2934 918 2968 mulierem
946 2941 977 2968 ct
1003 2947 1143 2968 munera
1170 2935 1317 2969 Domino
1341 2937 1623 2976 commendasset,
