<?xml version="1.0" encoding="UTF-8"?>
<!DOCTYPE html PUBLIC "-//W3C//DTD XHTML 1.0 Transitional//EN"
    "http://www.w3.org/TR/xhtml1/DTD/xhtml1-transitional.dtd">
<html xmlns="http://www.w3.org/1999/xhtml" xml:lang="en" lang="en">
 <head>
  <title>
</title>
<meta http-equiv="Content-Type" content="text/html;charset=utf-8" />
  <meta name='ocr-system' content='tesseract 3.04.00' />
  <meta name='ocr-capabilities' content='ocr_page ocr_carea ocr_par ocr_line ocrx_word'/>
</head>
<body>
  <div class='ocr_page' id='page_1' title='image "./libellusdevitaet00regi_0478.png"; bbox 0 0 1839 3186; ppageno 0'>
   <div class='ocr_carea' id='block_1_1' title="bbox 205 173 1201 215">
    <p class='ocr_par' dir='ltr' id='par_1_1' title="bbox 205 173 1201 215">
     <span class='ocr_line' id='line_1_1' title="bbox 205 173 1201 215; baseline 0.001 -3"><span class='ocrx_word' id='word_1_1' title='bbox 205 173 289 212; x_wconf 73' lang='lat'>432</span> <span class='ocrx_word' id='word_1_2' title='bbox 715 183 947 215; x_wconf 82' lang='lat' dir='ltr'><strong>LIBELLUS</strong></span> <span class='ocrx_word' id='word_1_3' title='bbox 982 183 1045 214; x_wconf 86' lang='lat' dir='ltr'>DE</span> <span class='ocrx_word' id='word_1_4' title='bbox 1076 179 1201 214; x_wconf 80' lang='lat' dir='ltr'>VITA.</span> 
     </span>
    </p>
   </div>
   <div class='ocr_carea' id='block_1_2' title="bbox 203 286 1736 661">
    <p class='ocr_par' dir='ltr' id='par_1_2' title="bbox 203 286 1736 661">
     <span class='ocr_line' id='line_1_2' title="bbox 204 286 1732 342; baseline -0.001 -14"><span class='ocrx_word' id='word_1_5' title='bbox 204 287 271 328; x_wconf 89' lang='lat' dir='ltr'>hic</span> <span class='ocrx_word' id='word_1_6' title='bbox 306 286 455 337; x_wconf 85' lang='lat' dir='ltr'>fuerat,</span> <span class='ocrx_word' id='word_1_7' title='bbox 480 287 706 342; x_wconf 76' lang='lat' dir='ltr'><strong>perfectam</strong></span> <span class='ocrx_word' id='word_1_8' title='bbox 738 287 974 337; x_wconf 89' lang='lat' dir='ltr'>sanitatem,</span> <span class='ocrx_word' id='word_1_9' title='bbox 1008 303 1073 328; x_wconf 92' lang='lat' dir='ltr'>me</span> <span class='ocrx_word' id='word_1_10' title='bbox 1105 287 1217 342; x_wconf 89' lang='lat' dir='ltr'>apud</span> <span class='ocrx_word' id='word_1_11' title='bbox 1246 286 1473 328; x_wconf 90' lang='lat' dir='ltr'>Dominum</span> <span class='ocrx_word' id='word_1_12' title='bbox 1504 287 1732 337; x_wconf 79' lang='lat' dir='ltr'>obtinente,</span> 
     </span>
     <span class='ocr_line' id='line_1_3' title="bbox 203 353 1735 408; baseline -0.001 -14"><span class='ocrx_word' id='word_1_13' title='bbox 203 353 430 408; x_wconf 75' lang='lat' dir='ltr'>percepit.”</span> <span class='ocrx_word' id='word_1_14' title='bbox 492 353 601 395; x_wconf 87' lang='lat' dir='ltr'>Haec</span> <span class='ocrx_word' id='word_1_15' title='bbox 636 353 678 394; x_wconf 90' lang='lat' dir='ltr'>in</span> <span class='ocrx_word' id='word_1_16' title='bbox 713 354 791 395; x_wconf 92' lang='lat' dir='ltr'>hoc</span> <span class='ocrx_word' id='word_1_17' title='bbox 821 354 910 395; x_wconf 93' lang='lat' dir='ltr'>loco</span> <span class='ocrx_word' id='word_1_18' title='bbox 936 359 1050 396; x_wconf 87' lang='lat' dir='ltr'>stans</span> <span class='ocrx_word' id='word_1_19' title='bbox 1072 354 1134 395; x_wconf 91' lang='lat' dir='ltr'>vir</span> <span class='ocrx_word' id='word_1_20' title='bbox 1165 354 1245 395; x_wconf 92' lang='lat' dir='ltr'>Dei</span> <span class='ocrx_word' id='word_1_21' title='bbox 1278 353 1397 404; x_wconf 85' lang='lat' dir='ltr'>dixit,</span> <span class='ocrx_word' id='word_1_22' title='bbox 1427 354 1498 394; x_wconf 91' lang='lat' dir='ltr'>ubi</span> <span class='ocrx_word' id='word_1_23' title='bbox 1527 353 1735 407; x_wconf 90' lang='lat' dir='ltr'>quondam</span> 
     </span>
     <span class='ocr_line' id='line_1_4' title="bbox 203 419 1734 475; baseline 0 -15"><span class='ocrx_word' id='word_1_24' title='bbox 203 425 377 474; x_wconf 88' lang='lat' dir='ltr'>uterque</span> <span class='ocrx_word' id='word_1_25' title='bbox 411 420 633 461; x_wconf 89' lang='lat' dir='ltr'>sanitatem</span> <span class='ocrx_word' id='word_1_26' title='bbox 672 421 880 475; x_wconf 84' lang='lat' dir='ltr'>percepit;</span> <span class='ocrx_word' id='word_1_27' title='bbox 915 421 1025 461; x_wconf 90' lang='lat' dir='ltr'>unde</span> <span class='ocrx_word' id='word_1_28' title='bbox 1065 436 1158 461; x_wconf 88' lang='lat' dir='ltr'>cum</span> <span class='ocrx_word' id='word_1_29' title='bbox 1190 420 1363 461; x_wconf 88' lang='lat' dir='ltr'>aliorum</span> <span class='ocrx_word' id='word_1_30' title='bbox 1395 420 1645 461; x_wconf 76' lang='lat' dir='ltr'>testimoniis</span> <span class='ocrx_word' id='word_1_31' title='bbox 1683 419 1734 460; x_wconf 92' lang='lat' dir='ltr'>de</span> 
     </span>
     <span class='ocr_line' id='line_1_5' title="bbox 203 486 1736 542; baseline 0 -16"><span class='ocrx_word' id='word_1_32' title='bbox 203 486 372 541; x_wconf 79' lang='lat' dir='ltr'>leprosis</span> <span class='ocrx_word' id='word_1_33' title='bbox 413 487 502 528; x_wconf 85' lang='lat' dir='ltr'>istis</span> <span class='ocrx_word' id='word_1_34' title='bbox 539 488 692 528; x_wconf 88' lang='lat' dir='ltr'>curatis</span> <span class='ocrx_word' id='word_1_35' title='bbox 724 488 816 542; x_wconf 89' lang='lat' dir='ltr'>plus</span> <span class='ocrx_word' id='word_1_36' title='bbox 847 486 934 542; x_wconf 84' lang='lat' dir='ltr'>ejus</span> <span class='ocrx_word' id='word_1_37' title='bbox 965 487 1202 528; x_wconf 88' lang='lat' dir='ltr'>testimonio</span> <span class='ocrx_word' id='word_1_38' title='bbox 1235 486 1455 534; x_wconf 85' lang='lat' dir='ltr'>credimus,</span> <span class='ocrx_word' id='word_1_39' title='bbox 1488 501 1609 540; x_wconf 90' lang='lat' dir='ltr'>quem</span> <span class='ocrx_word' id='word_1_40' title='bbox 1641 500 1736 526; x_wconf 89' lang='lat' dir='ltr'>cum</span> 
     </span>
     <span class='ocr_line' id='line_1_6' title="bbox 206 552 1735 608; baseline -0.001 -14"><span class='ocrx_word' id='word_1_41' title='bbox 206 552 371 594; x_wconf 79' lang='lat' dir='ltr'>Christo</span> <span class='ocrx_word' id='word_1_42' title='bbox 399 568 570 608; x_wconf 87' lang='lat' dir='ltr'>regnare</span> <span class='ocrx_word' id='word_1_43' title='bbox 596 554 891 608; x_wconf 78' lang='lat' dir='ltr'>cognoscimus,</span> <span class='ocrx_word' id='word_1_44' title='bbox 924 569 1047 607; x_wconf 90' lang='lat' dir='ltr'>quam</span> <span class='ocrx_word' id='word_1_45' title='bbox 1082 552 1256 608; x_wconf 85' lang='lat' dir='ltr'>alicujus</span> <span class='ocrx_word' id='word_1_46' title='bbox 1284 553 1431 594; x_wconf 88' lang='lat' dir='ltr'>erroris</span> <span class='ocrx_word' id='word_1_47' title='bbox 1459 552 1735 608; x_wconf 76' lang='lat' dir='ltr'>desperationi</span> 
     </span>
     <span class='ocr_line' id='line_1_7' title="bbox 205 617 1009 661; baseline -0.001 -1"><span class='ocrx_word' id='word_1_48' title='bbox 205 620 269 660; x_wconf 91' lang='lat' dir='ltr'>vel</span> <span class='ocrx_word' id='word_1_49' title='bbox 291 619 544 661; x_wconf 74' lang='lat' dir='ltr'>contentioni</span> <span class='ocrx_word' id='word_1_50' title='bbox 567 617 691 661; x_wconf 89' lang='lat' dir='ltr'>fidem</span> <span class='ocrx_word' id='word_1_51' title='bbox 714 619 1009 661; x_wconf 89' lang='lat' dir='ltr'>ladmittimus.</span> 
     </span>
    </p>
   </div>
   <div class='ocr_carea' id='block_1_3' title="bbox 206 797 1736 958">
    <p class='ocr_par' dir='ltr' id='par_1_3' title="bbox 206 797 1736 958">
     <span class='ocr_line' id='line_1_8' title="bbox 206 797 1734 832; baseline -0.001 -8"><span class='ocrx_word' id='word_1_52' title='bbox 206 799 366 825; x_wconf 82' lang='lat' dir='ltr'>CLXXIII.</span> <span class='ocrx_word' id='word_1_53' title='bbox 400 800 450 824; x_wconf 89' lang='lat' dir='ltr'>DE</span> <span class='ocrx_word' id='word_1_54' title='bbox 480 799 639 824; x_wconf 84' lang='lat' dir='ltr'><strong>JUVENE</strong></span> <span class='ocrx_word' id='word_1_55' title='bbox 665 799 895 825; x_wconf 86' lang='lat' dir='ltr'>CONTRACTO</span> <span class='ocrx_word' id='word_1_56' title='bbox 919 800 1006 824; x_wconf 90' lang='lat' dir='ltr'>TAM</span> <span class='ocrx_word' id='word_1_57' title='bbox 1034 800 1201 825; x_wconf 88' lang='lat' dir='ltr'>PEDIBUS</span> <span class='ocrx_word' id='word_1_58' title='bbox 1233 799 1351 828; x_wconf 79' lang='lat' dir='ltr'>QUAM</span> <span class='ocrx_word' id='word_1_59' title='bbox 1374 798 1570 832; x_wconf 82' lang='lat' dir='ltr'>MANIBUS,</span> <span class='ocrx_word' id='word_1_60' title='bbox 1594 798 1661 823; x_wconf 87' lang='lat' dir='ltr'>CUI</span> <span class='ocrx_word' id='word_1_61' title='bbox 1686 797 1734 822; x_wconf 79' lang='lat' dir='ltr'>EX</span> 
     </span>
     <span class='ocr_line' id='line_1_9' title="bbox 263 864 1736 900; baseline -0.001 -10"><span class='ocrx_word' id='word_1_62' title='bbox 263 866 392 891; x_wconf 80' lang='lat' dir='ltr'><strong>PARTE</strong></span> <span class='ocrx_word' id='word_1_63' title='bbox 423 865 598 892; x_wconf 85' lang='lat' dir='ltr'>SANCTUS</span> <span class='ocrx_word' id='word_1_64' title='bbox 633 866 798 891; x_wconf 82' lang='lat' dir='ltr'>THOMAS</span> <span class='ocrx_word' id='word_1_65' title='bbox 834 866 1021 891; x_wconf 81' lang='lat' dir='ltr'>SALUTEM</span> <span class='ocrx_word' id='word_1_66' title='bbox 1058 866 1287 900; x_wconf 82' lang='lat' dir='ltr'>PRAEsTlTlT,</span> <span class='ocrx_word' id='word_1_67' title='bbox 1322 864 1496 891; x_wconf 82' lang='lat' dir='ltr'>SANCTUS</span> <span class='ocrx_word' id='word_1_68' title='bbox 1527 865 1632 890; x_wconf 84' lang='lat' dir='ltr'>VERO</span> <span class='ocrx_word' id='word_1_69' title='bbox 1667 864 1736 889; x_wconf 85' lang='lat' dir='ltr'>DEI</span> 
     </span>
     <span class='ocr_line' id='line_1_10' title="bbox 262 932 1154 958; baseline 0.001 -1"><span class='ocrx_word' id='word_1_70' title='bbox 262 932 454 958; x_wconf 85' lang='lat' dir='ltr'>GODRICUS</span> <span class='ocrx_word' id='word_1_71' title='bbox 484 932 693 958; x_wconf 84' lang='lat' dir='ltr'>INTEGRAM</span> <span class='ocrx_word' id='word_1_72' title='bbox 724 933 911 958; x_wconf 78' lang='lat' dir='ltr'>SALUTEM</span> <span class='ocrx_word' id='word_1_73' title='bbox 940 932 1154 958; x_wconf 88' lang='lat' dir='ltr'>CONTULIT.</span> 
     </span>
    </p>
   </div>
   <div class='ocr_carea' id='block_1_4' title="bbox 202 1014 1737 2561">
    <p class='ocr_par' dir='ltr' id='par_1_4' title="bbox 203 1014 1737 2199">
     <span class='ocr_line' id='line_1_11' title="bbox 264 1014 1736 1072; baseline -0.001 -15"><span class='ocrx_word' id='word_1_74' title='bbox 264 1015 406 1071; x_wconf 53' lang='lat' dir='ltr'>§52st</span> <span class='ocrx_word' id='word_1_75' title='bbox 439 1016 558 1057; x_wconf 82' lang='lat' dir='ltr'><strong>ERAT</strong></span> <span class='ocrx_word' id='word_1_76' title='bbox 596 1016 764 1070; x_wconf 89' lang='lat' dir='ltr'>quidam</span> <span class='ocrx_word' id='word_1_77' title='bbox 788 1015 956 1072; x_wconf 83' lang='lat' dir='ltr'>juvenis</span> <span class='ocrx_word' id='word_1_78' title='bbox 985 1016 1238 1057; x_wconf 88' lang='lat' dir='ltr'>miserrimus</span> <span class='ocrx_word' id='word_1_79' title='bbox 1271 1014 1337 1056; x_wconf 73' lang='lat' dir='ltr'>‘³in</span> <span class='ocrx_word' id='word_1_80' title='bbox 1366 1015 1560 1070; x_wconf 87' lang='lat' dir='ltr'>hospitali</span> <span class='ocrx_word' id='word_1_81' title='bbox 1594 1014 1736 1056; x_wconf 81' lang='lat' dir='ltr'>Sancti</span> 
     </span>
     <span class='ocr_line' id='line_1_12' title="bbox 206 1081 1735 1138; baseline 0 -15"><span class='ocrx_word' id='word_1_82' title='bbox 206 1082 322 1123; x_wconf 91' lang='lat' dir='ltr'>Petri</span> <span class='ocrx_word' id='word_1_83' title='bbox 345 1099 417 1138; x_wconf 90' lang='lat' dir='ltr'>per</span> <span class='ocrx_word' id='word_1_84' title='bbox 438 1098 567 1125; x_wconf 90' lang='lat' dir='ltr'>annos</span> <span class='ocrx_word' id='word_1_85' title='bbox 587 1083 784 1137; x_wconf 89' lang='lat' dir='ltr'>plurimos</span> <span class='ocrx_word' id='word_1_86' title='bbox 803 1083 1014 1124; x_wconf 83' lang='lat' dir='ltr'>educatus.</span> <span class='ocrx_word' id='word_1_87' title='bbox 1062 1082 1146 1123; x_wconf 92' lang='lat' dir='ltr'>Hic</span> <span class='ocrx_word' id='word_1_88' title='bbox 1167 1083 1396 1124; x_wconf 88' lang='lat' dir='ltr'>miserrimo</span> <span class='ocrx_word' id='word_1_89' title='bbox 1413 1097 1562 1137; x_wconf 81' lang='lat' dir='ltr'>genere</span> <span class='ocrx_word' id='word_1_90' title='bbox 1584 1081 1735 1123; x_wconf 88' lang='lat' dir='ltr'>doloris</span> 
     </span>
     <span class='ocr_line' id='line_1_13' title="bbox 205 1148 1735 1205; baseline -0.001 -15"><span class='ocrx_word' id='word_1_91' title='bbox 205 1150 364 1190; x_wconf 89' lang='lat' dir='ltr'>cunctis</span> <span class='ocrx_word' id='word_1_92' title='bbox 401 1149 545 1191; x_wconf 88' lang='lat' dir='ltr'>diebus</span> <span class='ocrx_word' id='word_1_93' title='bbox 580 1149 775 1205; x_wconf 89' lang='lat' dir='ltr'>elanguit,</span> <span class='ocrx_word' id='word_1_94' title='bbox 809 1149 905 1204; x_wconf 88' lang='lat' dir='ltr'>quia</span> <span class='ocrx_word' id='word_1_95' title='bbox 942 1154 1180 1190; x_wconf 90' lang='lat' dir='ltr'>contractus</span> <span class='ocrx_word' id='word_1_96' title='bbox 1217 1164 1268 1189; x_wconf 81' lang='lat' dir='ltr'>ex</span> <span class='ocrx_word' id='word_1_97' title='bbox 1300 1148 1516 1203; x_wconf 72' lang='lat' dir='ltr'>praecipuis</span> <span class='ocrx_word' id='word_1_98' title='bbox 1555 1148 1735 1202; x_wconf 85' lang='lat' dir='ltr'>corporis</span> 
     </span>
     <span class='ocr_line' id='line_1_14' title="bbox 205 1214 1736 1270; baseline -0.001 -14"><span class='ocrx_word' id='word_1_99' title='bbox 205 1216 267 1257; x_wconf 86' lang='lat' dir='ltr'>sui</span> <span class='ocrx_word' id='word_1_100' title='bbox 306 1216 502 1257; x_wconf 86' lang='lat' dir='ltr'>membris</span> <span class='ocrx_word' id='word_1_101' title='bbox 547 1216 641 1258; x_wconf 83' lang='lat' dir='ltr'>fuit.</span> <span class='ocrx_word' id='word_1_102' title='bbox 719 1216 879 1270; x_wconf 85' lang='lat' dir='ltr'>Nempe</span> <span class='ocrx_word' id='word_1_103' title='bbox 920 1221 1139 1269; x_wconf 87' lang='lat' dir='ltr'>utramque</span> <span class='ocrx_word' id='word_1_104' title='bbox 1179 1230 1379 1256; x_wconf 86' lang='lat' dir='ltr'>manuum</span> <span class='ocrx_word' id='word_1_105' title='bbox 1421 1229 1515 1255; x_wconf 91' lang='lat' dir='ltr'>cum</span> <span class='ocrx_word' id='word_1_106' title='bbox 1552 1214 1736 1268; x_wconf 88' lang='lat' dir='ltr'>utrisque</span> 
     </span>
     <span class='ocr_line' id='line_1_15' title="bbox 204 1281 1735 1336; baseline -0.001 -13"><span class='ocrx_word' id='word_1_107' title='bbox 204 1282 382 1323; x_wconf 87' lang='lat' dir='ltr'>brachiis</span> <span class='ocrx_word' id='word_1_108' title='bbox 418 1287 675 1323; x_wconf 89' lang='lat' dir='ltr'>contractam</span> <span class='ocrx_word' id='word_1_109' title='bbox 707 1282 867 1332; x_wconf 81' lang='lat' dir='ltr'>habuit,</span> <span class='ocrx_word' id='word_1_110' title='bbox 895 1297 1069 1336; x_wconf 89' lang='lat' dir='ltr'>quarum</span> <span class='ocrx_word' id='word_1_111' title='bbox 1098 1287 1274 1336; x_wconf 86' lang='lat' dir='ltr'>utraque</span> <span class='ocrx_word' id='word_1_112' title='bbox 1309 1282 1351 1322; x_wconf 92' lang='lat' dir='ltr'>in</span> <span class='ocrx_word' id='word_1_113' title='bbox 1381 1281 1551 1321; x_wconf 89' lang='lat' dir='ltr'>modum</span> <span class='ocrx_word' id='word_1_114' title='bbox 1582 1281 1735 1322; x_wconf 83' lang='lat' dir='ltr'>intexti</span> 
     </span>
     <span class='ocr_line' id='line_1_16' title="bbox 204 1347 1737 1399; baseline -0.001 -10"><span class='ocrx_word' id='word_1_115' title='bbox 204 1348 376 1390; x_wconf 81' lang='lat' dir='ltr'>funiculi</span> <span class='ocrx_word' id='word_1_116' title='bbox 416 1349 573 1390; x_wconf 91' lang='lat' dir='ltr'>intorta</span> <span class='ocrx_word' id='word_1_117' title='bbox 612 1349 704 1399; x_wconf 88' lang='lat' dir='ltr'>fuit,</span> <span class='ocrx_word' id='word_1_118' title='bbox 742 1349 852 1390; x_wconf 88' lang='lat' dir='ltr'>unde</span> <span class='ocrx_word' id='word_1_119' title='bbox 890 1348 1060 1390; x_wconf 86' lang='lat' dir='ltr'>brachia</span> <span class='ocrx_word' id='word_1_120' title='bbox 1100 1348 1224 1389; x_wconf 91' lang='lat' dir='ltr'>modo</span> <span class='ocrx_word' id='word_1_121' title='bbox 1264 1348 1465 1389; x_wconf 87' lang='lat' dir='ltr'>consimili</span> <span class='ocrx_word' id='word_1_122' title='bbox 1503 1362 1545 1389; x_wconf 90' lang='lat' dir='ltr'>se</span> <span class='ocrx_word' id='word_1_123' title='bbox 1580 1347 1737 1388; x_wconf 88' lang='lat' dir='ltr'>intorta</span> 
     </span>
     <span class='ocr_line' id='line_1_17' title="bbox 205 1413 1735 1470; baseline -0.001 -15"><span class='ocrx_word' id='word_1_124' title='bbox 205 1420 512 1465; x_wconf 77' lang='lat' dir='ltr'>contraxerant,</span> <span class='ocrx_word' id='word_1_125' title='bbox 536 1430 610 1456; x_wconf 89' lang='lat' dir='ltr'>nec</span> <span class='ocrx_word' id='word_1_126' title='bbox 643 1415 679 1456; x_wconf 90' lang='lat' dir='ltr'>ei</span> <span class='ocrx_word' id='word_1_127' title='bbox 710 1414 765 1456; x_wconf 92' lang='lat' dir='ltr'>ad</span> <span class='ocrx_word' id='word_1_128' title='bbox 795 1415 952 1469; x_wconf 88' lang='lat' dir='ltr'>aliquid</span> <span class='ocrx_word' id='word_1_129' title='bbox 982 1420 1082 1470; x_wconf 90' lang='lat' dir='ltr'>apta</span> <span class='ocrx_word' id='word_1_130' title='bbox 1112 1415 1197 1456; x_wconf 89' lang='lat' dir='ltr'>sive</span> <span class='ocrx_word' id='word_1_131' title='bbox 1228 1414 1383 1455; x_wconf 89' lang='lat' dir='ltr'>habilia</span> <span class='ocrx_word' id='word_1_132' title='bbox 1406 1414 1584 1455; x_wconf 84' lang='lat' dir='ltr'>fuerant.</span> <span class='ocrx_word' id='word_1_133' title='bbox 1647 1413 1735 1454; x_wconf 92' lang='lat' dir='ltr'>Nec</span> 
     </span>
     <span class='ocr_line' id='line_1_18' title="bbox 205 1479 1733 1537; baseline 0 -16"><span class='ocrx_word' id='word_1_134' title='bbox 205 1481 392 1523; x_wconf 87' lang='lat' dir='ltr'>dissimili</span> <span class='ocrx_word' id='word_1_135' title='bbox 423 1497 572 1536; x_wconf 84' lang='lat' dir='ltr'>genere</span> <span class='ocrx_word' id='word_1_136' title='bbox 596 1481 805 1536; x_wconf 82' lang='lat' dir='ltr'>languoris</span> <span class='ocrx_word' id='word_1_137' title='bbox 834 1481 876 1522; x_wconf 89' lang='lat' dir='ltr'>in</span> <span class='ocrx_word' id='word_1_138' title='bbox 904 1481 1078 1537; x_wconf 87' lang='lat' dir='ltr'>pedibus</span> <span class='ocrx_word' id='word_1_139' title='bbox 1103 1481 1272 1536; x_wconf 86' lang='lat' dir='ltr'>singulis</span> <span class='ocrx_word' id='word_1_140' title='bbox 1303 1481 1518 1522; x_wconf 81' lang='lat' dir='ltr'>laborabat</span> <span class='ocrx_word' id='word_1_141' title='bbox 1540 1485 1582 1521; x_wconf 92' lang='lat' dir='ltr'>et</span> <span class='ocrx_word' id='word_1_142' title='bbox 1610 1479 1733 1528; x_wconf 86' lang='lat' dir='ltr'>tibiis,</span> 
     </span>
     <span class='ocr_line' id='line_1_19' title="bbox 204 1546 1736 1603; baseline -0.001 -14"><span class='ocrx_word' id='word_1_143' title='bbox 204 1547 300 1601; x_wconf 82' lang='lat' dir='ltr'>quia</span> <span class='ocrx_word' id='word_1_144' title='bbox 320 1547 361 1588; x_wconf 88' lang='lat' dir='ltr'>in</span> <span class='ocrx_word' id='word_1_145' title='bbox 383 1548 447 1589; x_wconf 91' lang='lat' dir='ltr'>his</span> <span class='ocrx_word' id='word_1_146' title='bbox 468 1548 776 1603; x_wconf 86' lang='lat' dir='ltr'>perpetiebatur</span> <span class='ocrx_word' id='word_1_147' title='bbox 793 1546 993 1603; x_wconf 86' lang='lat' dir='ltr'>ejusmodi</span> <span class='ocrx_word' id='word_1_148' title='bbox 1016 1548 1222 1589; x_wconf 88' lang='lat' dir='ltr'>miseriam</span> <span class='ocrx_word' id='word_1_149' title='bbox 1239 1547 1544 1588; x_wconf 85' lang='lat' dir='ltr'>contractionis.</span> <span class='ocrx_word' id='word_1_150' title='bbox 1599 1546 1736 1601; x_wconf 83' lang='lat' dir='ltr'>Igitur</span> 
     </span>
     <span class='ocr_line' id='line_1_20' title="bbox 205 1612 1734 1669; baseline -0.001 -15"><span class='ocrx_word' id='word_1_151' title='bbox 205 1614 431 1655; x_wconf 90' lang='lat' dir='ltr'>amicorum</span> <span class='ocrx_word' id='word_1_152' title='bbox 456 1614 586 1655; x_wconf 87' lang='lat' dir='ltr'>fretus</span> <span class='ocrx_word' id='word_1_153' title='bbox 607 1614 788 1665; x_wconf 89' lang='lat' dir='ltr'>consilio,</span> <span class='ocrx_word' id='word_1_154' title='bbox 814 1614 1019 1669; x_wconf 90' lang='lat' dir='ltr'>quomodo</span> <span class='ocrx_word' id='word_1_155' title='bbox 1046 1614 1180 1669; x_wconf 87' lang='lat' dir='ltr'>potuit</span> <span class='ocrx_word' id='word_1_156' title='bbox 1207 1613 1440 1656; x_wconf 80' lang='lat' dir='ltr'>Gantuariae</span> <span class='ocrx_word' id='word_1_157' title='bbox 1472 1628 1514 1655; x_wconf 88' lang='lat' dir='ltr'>se</span> <span class='ocrx_word' id='word_1_158' title='bbox 1546 1612 1734 1662; x_wconf 91' lang='lat' dir='ltr'>contulit,</span> 
     </span>
     <span class='ocr_line' id='line_1_21' title="bbox 204 1679 1736 1736; baseline -0.001 -15"><span class='ocrx_word' id='word_1_159' title='bbox 204 1681 275 1721; x_wconf 87' lang='lat' dir='ltr'>ubi</span> <span class='ocrx_word' id='word_1_160' title='bbox 299 1680 452 1721; x_wconf 87' lang='lat' dir='ltr'>Sancto</span> <span class='ocrx_word' id='word_1_161' title='bbox 475 1681 637 1722; x_wconf 88' lang='lat' dir='ltr'>Thoma</span> <span class='ocrx_word' id='word_1_162' title='bbox 657 1681 837 1736; x_wconf 90' lang='lat' dir='ltr'>pretioso</span> <span class='ocrx_word' id='word_1_163' title='bbox 858 1686 1042 1736; x_wconf 85' lang='lat' dir='ltr'>martyre</span> <span class='ocrx_word' id='word_1_164' title='bbox 1065 1681 1219 1722; x_wconf 77' lang='lat' dir='ltr'>Christi</span> <span class='ocrx_word' id='word_1_165' title='bbox 1241 1680 1475 1729; x_wconf 86' lang='lat' dir='ltr'>miserante,</span> <span class='ocrx_word' id='word_1_166' title='bbox 1500 1695 1552 1720; x_wconf 84' lang='lat' dir='ltr'>ex</span> <span class='ocrx_word' id='word_1_167' title='bbox 1571 1694 1652 1720; x_wconf 90' lang='lat' dir='ltr'>una</span> <span class='ocrx_word' id='word_1_168' title='bbox 1673 1679 1736 1721; x_wconf 89' lang='lat' dir='ltr'>sui</span> 
     </span>
     <span class='ocr_line' id='line_1_22' title="bbox 204 1745 1732 1802; baseline -0.001 -14"><span class='ocrx_word' id='word_1_169' title='bbox 204 1751 322 1802; x_wconf 87' lang='lat' dir='ltr'>parte</span> <span class='ocrx_word' id='word_1_170' title='bbox 353 1747 535 1802; x_wconf 90' lang='lat' dir='ltr'>corporis</span> <span class='ocrx_word' id='word_1_171' title='bbox 566 1748 789 1789; x_wconf 89' lang='lat' dir='ltr'>sanitatem</span> <span class='ocrx_word' id='word_1_172' title='bbox 820 1747 1017 1802; x_wconf 88' lang='lat' dir='ltr'>percepit.</span> <span class='ocrx_word' id='word_1_173' title='bbox 1080 1747 1261 1788; x_wconf 84' lang='lat' dir='ltr'>Rediens</span> <span class='ocrx_word' id='word_1_174' title='bbox 1285 1761 1379 1788; x_wconf 90' lang='lat' dir='ltr'>vero</span> <span class='ocrx_word' id='word_1_175' title='bbox 1411 1746 1511 1787; x_wconf 88' lang='lat' dir='ltr'>satis</span> <span class='ocrx_word' id='word_1_176' title='bbox 1543 1745 1732 1796; x_wconf 87' lang='lat' dir='ltr'>indoluit,</span> 
     </span>
     <span class='ocr_line' id='line_1_23' title="bbox 205 1811 1736 1869; baseline -0.001 -15"><span class='ocrx_word' id='word_1_177' title='bbox 205 1813 301 1867; x_wconf 88' lang='lat' dir='ltr'>quia</span> <span class='ocrx_word' id='word_1_178' title='bbox 324 1814 414 1868; x_wconf 89' lang='lat' dir='ltr'>plus</span> <span class='ocrx_word' id='word_1_179' title='bbox 448 1814 499 1855; x_wconf 90' lang='lat' dir='ltr'>de</span> <span class='ocrx_word' id='word_1_180' title='bbox 533 1814 713 1869; x_wconf 88' lang='lat' dir='ltr'>corporis</span> <span class='ocrx_word' id='word_1_181' title='bbox 744 1814 806 1855; x_wconf 89' lang='grc'><strong>5111</strong></span> <span class='ocrx_word' id='word_1_182' title='bbox 836 1815 967 1855; x_wconf 90' lang='lat' dir='ltr'>salute</span> <span class='ocrx_word' id='word_1_183' title='bbox 998 1814 1198 1868; x_wconf 87' lang='lat' dir='ltr'>recepisse</span> <span class='ocrx_word' id='word_1_184' title='bbox 1229 1829 1311 1854; x_wconf 92' lang='lat' dir='ltr'>non</span> <span class='ocrx_word' id='word_1_185' title='bbox 1342 1812 1520 1860; x_wconf 73' lang='lat' dir='ltr'>meruit3</span> <span class='ocrx_word' id='word_1_186' title='bbox 1556 1812 1628 1854; x_wconf 92' lang='lat' dir='ltr'>sed</span> <span class='ocrx_word' id='word_1_187' title='bbox 1664 1811 1736 1853; x_wconf 90' lang='lat' dir='ltr'>ubi</span> 
     </span>
     <span class='ocr_line' id='line_1_24' title="bbox 205 1877 1735 1934; baseline -0.001 -14"><span class='ocrx_word' id='word_1_188' title='bbox 205 1880 278 1930; x_wconf 89' lang='lat' dir='ltr'>illi,</span> <span class='ocrx_word' id='word_1_189' title='bbox 313 1880 456 1922; x_wconf 88' lang='lat' dir='ltr'>multis</span> <span class='ocrx_word' id='word_1_190' title='bbox 493 1881 778 1929; x_wconf 76' lang='lat' dir='ltr'>referentibus,</span> <span class='ocrx_word' id='word_1_191' title='bbox 819 1880 869 1921; x_wconf 91' lang='lat' dir='ltr'>de</span> <span class='ocrx_word' id='word_1_192' title='bbox 908 1880 1060 1921; x_wconf 87' lang='lat' dir='ltr'>Sancto</span> <span class='ocrx_word' id='word_1_193' title='bbox 1099 1879 1277 1921; x_wconf 80' lang='lat' dir='ltr'>Godrico</span> <span class='ocrx_word' id='word_1_194' title='bbox 1319 1879 1513 1929; x_wconf 89' lang='lat' dir='ltr'>innotuit,</span> <span class='ocrx_word' id='word_1_195' title='bbox 1552 1878 1606 1919; x_wconf 91' lang='lat' dir='ltr'>ad</span> <span class='ocrx_word' id='word_1_196' title='bbox 1647 1877 1735 1934; x_wconf 83' lang='lat' dir='ltr'>ejus</span> 
     </span>
     <span class='ocr_line' id='line_1_25' title="bbox 204 1944 1735 2002; baseline -0.001 -15"><span class='ocrx_word' id='word_1_197' title='bbox 204 1951 327 2001; x_wconf 89' lang='lat' dir='ltr'>prout</span> <span class='ocrx_word' id='word_1_198' title='bbox 352 1946 488 2001; x_wconf 89' lang='lat' dir='ltr'>potuit</span> <span class='ocrx_word' id='word_1_199' title='bbox 511 1948 774 2002; x_wconf 86' lang='lat' dir='ltr'>sepulchrum</span> <span class='ocrx_word' id='word_1_200' title='bbox 796 1947 1046 2002; x_wconf 89' lang='lat' dir='ltr'>properavit,</span> <span class='ocrx_word' id='word_1_201' title='bbox 1072 1952 1196 2000; x_wconf 86' lang='lat' dir='ltr'>atque</span> <span class='ocrx_word' id='word_1_202' title='bbox 1219 1946 1316 1987; x_wconf 90' lang='lat' dir='ltr'>illuc</span> <span class='ocrx_word' id='word_1_203' title='bbox 1337 1945 1379 1986; x_wconf 88' lang='lat' dir='ltr'>in</span> <span class='ocrx_word' id='word_1_204' title='bbox 1402 1945 1568 2000; x_wconf 81' lang='lat' dir='ltr'>3vigilia</span> <span class='ocrx_word' id='word_1_205' title='bbox 1591 1944 1735 1985; x_wconf 88' lang='lat' dir='ltr'>Sancti</span> 
     </span>
     <span class='ocr_line' id='line_1_26' title="bbox 204 2011 1735 2068; baseline -0.001 -15"><span class='ocrx_word' id='word_1_206' title='bbox 204 2012 235 2053; x_wconf 85' lang='lat' dir='ltr'><strong>J</strong></span> <span class='ocrx_word' id='word_1_207' title='bbox 239 2013 412 2054; x_wconf 85' lang='lat' dir='ltr'>ohannis</span> <span class='ocrx_word' id='word_1_208' title='bbox 443 2013 645 2068; x_wconf 77' lang='lat' dir='ltr'>Baptistae</span> <span class='ocrx_word' id='word_1_209' title='bbox 686 2013 884 2061; x_wconf 80' lang='lat' dir='ltr'>advenit3</span> <span class='ocrx_word' id='word_1_210' title='bbox 936 2013 1008 2054; x_wconf 86' lang='grc'><strong>11111</strong></span> <span class='ocrx_word' id='word_1_211' title='bbox 1048 2012 1264 2068; x_wconf 88' lang='lat' dir='ltr'>procidens</span> <span class='ocrx_word' id='word_1_212' title='bbox 1310 2012 1381 2052; x_wconf 91' lang='lat' dir='ltr'>diu</span> <span class='ocrx_word' id='word_1_213' title='bbox 1422 2011 1619 2066; x_wconf 88' lang='lat' dir='ltr'>elanguit,</span> <span class='ocrx_word' id='word_1_214' title='bbox 1662 2011 1735 2052; x_wconf 90' lang='lat' dir='ltr'>sed</span> 
     </span>
     <span class='ocr_line' id='line_1_27' title="bbox 204 2076 1735 2135; baseline -0.001 -16"><span class='ocrx_word' id='word_1_215' title='bbox 204 2079 471 2134; x_wconf 88' lang='lat' dir='ltr'>postmodum</span> <span class='ocrx_word' id='word_1_216' title='bbox 517 2095 753 2135; x_wconf 84' lang='lat' dir='ltr'>exsurgens,</span> <span class='ocrx_word' id='word_1_217' title='bbox 798 2085 932 2120; x_wconf 88' lang='lat' dir='ltr'>totam</span> <span class='ocrx_word' id='word_1_218' title='bbox 980 2080 1156 2120; x_wconf 85' lang='lat' dir='ltr'>alteram</span> <span class='ocrx_word' id='word_1_219' title='bbox 1197 2078 1377 2133; x_wconf 88' lang='lat' dir='ltr'>corporis</span> <span class='ocrx_word' id='word_1_220' title='bbox 1419 2083 1581 2132; x_wconf 86' lang='lat' dir='ltr'>partem</span> <span class='ocrx_word' id='word_1_221' title='bbox 1624 2076 1735 2118; x_wconf 89' lang='lat' dir='ltr'>infir-</span> 
     </span>
     <span class='ocr_line' id='line_1_28' title="bbox 203 2144 1735 2199; baseline -0.001 -14"><span class='ocrx_word' id='word_1_222' title='bbox 203 2160 314 2186; x_wconf 87' lang='lat' dir='ltr'>mam</span> <span class='ocrx_word' id='word_1_223' title='bbox 348 2150 388 2186; x_wconf 91' lang='lat' dir='ltr'>et</span> <span class='ocrx_word' id='word_1_224' title='bbox 412 2150 682 2195; x_wconf 88' lang='lat' dir='ltr'>contractam,</span> <span class='ocrx_word' id='word_1_225' title='bbox 706 2151 794 2187; x_wconf 89' lang='lat' dir='ltr'>tam</span> <span class='ocrx_word' id='word_1_226' title='bbox 827 2146 877 2187; x_wconf 92' lang='lat' dir='ltr'>de</span> <span class='ocrx_word' id='word_1_227' title='bbox 906 2160 1032 2186; x_wconf 91' lang='lat' dir='ltr'>manu</span> <span class='ocrx_word' id='word_1_228' title='bbox 1064 2160 1187 2199; x_wconf 89' lang='lat' dir='ltr'>quam</span> <span class='ocrx_word' id='word_1_229' title='bbox 1210 2145 1260 2185; x_wconf 92' lang='lat' dir='ltr'>de</span> <span class='ocrx_word' id='word_1_230' title='bbox 1293 2144 1463 2185; x_wconf 86' lang='lat' dir='ltr'>brachio</span> <span class='ocrx_word' id='word_1_231' title='bbox 1485 2149 1526 2185; x_wconf 91' lang='lat' dir='ltr'>et</span> <span class='ocrx_word' id='word_1_232' title='bbox 1548 2144 1653 2198; x_wconf 91' lang='lat' dir='ltr'>pede</span> <span class='ocrx_word' id='word_1_233' title='bbox 1687 2159 1735 2184; x_wconf 90' lang='lat' dir='ltr'>ac</span> 
     </span>
    </p>

    <p class='ocr_par' dir='ltr' id='par_1_5' title="bbox 202 2238 1736 2561">
     <span class='ocr_line' id='line_1_29' title="bbox 252 2238 1736 2285; baseline -0.001 -13"><span class='ocrx_word' id='word_1_234' title='bbox 252 2239 259 2258; x_wconf 89' lang='lat'>¹</span> <span class='ocrx_word' id='word_1_235' title='bbox 279 2239 523 2285; x_wconf 64' lang='lat' dir='ltr'>Admittimus]</span> <span class='ocrx_word' id='word_1_236' title='bbox 552 2239 741 2272; x_wconf 83' lang='lat' dir='ltr'>“Minister</span> <span class='ocrx_word' id='word_1_237' title='bbox 758 2239 878 2272; x_wconf 84' lang='lat' dir='ltr'>domus</span> <span class='ocrx_word' id='word_1_238' title='bbox 896 2239 1047 2283; x_wconf 67' lang='lat' dir='ltr'>ejusdem</span> <span class='ocrx_word' id='word_1_239' title='bbox 1065 2239 1098 2271; x_wconf 90' lang='lat' dir='ltr'>in</span> <span class='ocrx_word' id='word_1_240' title='bbox 1117 2245 1281 2272; x_wconf 84' lang='lat' dir='ltr'>nocturna</span> <span class='ocrx_word' id='word_1_241' title='bbox 1299 2239 1426 2271; x_wconf 82' lang='lat' dir='ltr'>visione</span> <span class='ocrx_word' id='word_1_242' title='bbox 1444 2238 1622 2283; x_wconf 79' lang='lat' dir='ltr'>conspexit</span> <span class='ocrx_word' id='word_1_243' title='bbox 1633 2238 1736 2271; x_wconf 82' lang='lat' dir='ltr'>Sanc—</span> 
     </span>
     <span class='ocr_line' id='line_1_30' title="bbox 202 2284 1736 2330; baseline -0.001 -12"><span class='ocrx_word' id='word_1_244' title='bbox 202 2292 274 2318; x_wconf 87' lang='lat' dir='ltr'>tum</span> <span class='ocrx_word' id='word_1_245' title='bbox 291 2285 476 2319; x_wconf 88' lang='lat' dir='ltr'>Godricum</span> <span class='ocrx_word' id='word_1_246' title='bbox 494 2285 614 2318; x_wconf 87' lang='lat' dir='ltr'>baculo</span> <span class='ocrx_word' id='word_1_247' title='bbox 632 2286 827 2328; x_wconf 82' lang='lat' dir='ltr'>subnixum,</span> <span class='ocrx_word' id='word_1_248' title='bbox 846 2285 978 2330; x_wconf 85' lang='lat' dir='ltr'>singula</span> <span class='ocrx_word' id='word_1_249' title='bbox 995 2285 1083 2318; x_wconf 88' lang='lat' dir='ltr'>horti</span> <span class='ocrx_word' id='word_1_250' title='bbox 1101 2286 1152 2318; x_wconf 89' lang='lat' dir='ltr'>sui</span> <span class='ocrx_word' id='word_1_251' title='bbox 1170 2285 1256 2328; x_wconf 88' lang='lat' dir='ltr'>loca,</span> <span class='ocrx_word' id='word_1_252' title='bbox 1273 2284 1475 2330; x_wconf 81' lang='lat' dir='ltr'>procedente</span> <span class='ocrx_word' id='word_1_253' title='bbox 1492 2284 1644 2329; x_wconf 81' lang='lat' dir='ltr'>puerulo,</span> <span class='ocrx_word' id='word_1_254' title='bbox 1661 2296 1736 2329; x_wconf 87' lang='lat' dir='ltr'>per—</span> 
     </span>
     <span class='ocr_line' id='line_1_31' title="bbox 202 2330 1735 2377; baseline -0.001 -13"><span class='ocrx_word' id='word_1_255' title='bbox 202 2331 412 2365; x_wconf 85' lang='lat' dir='ltr'>lustrantem.</span> <span class='ocrx_word' id='word_1_256' title='bbox 462 2332 604 2365; x_wconf 86' lang='lat' dir='ltr'>Audivit</span> <span class='ocrx_word' id='word_1_257' title='bbox 628 2332 730 2365; x_wconf 89' lang='lat' dir='ltr'>etiam</span> <span class='ocrx_word' id='word_1_258' title='bbox 756 2333 867 2377; x_wconf 82' lang='lat' dir='ltr'>ipsum</span> <span class='ocrx_word' id='word_1_259' title='bbox 895 2332 941 2364; x_wconf 82' lang='lat' dir='ltr'>ita</span> <span class='ocrx_word' id='word_1_260' title='bbox 965 2331 1156 2365; x_wconf 85' lang='lat' dir='ltr'>dicentem:</span> <span class='ocrx_word' id='word_1_261' title='bbox 1184 2331 1315 2364; x_wconf 80' lang='lat' dir='ltr'>‘Multo</span> <span class='ocrx_word' id='word_1_262' title='bbox 1334 2331 1434 2364; x_wconf 83' lang='lat' dir='ltr'>citius</span> <span class='ocrx_word' id='word_1_263' title='bbox 1452 2331 1486 2364; x_wconf 89' lang='lat' dir='ltr'>in</span> <span class='ocrx_word' id='word_1_264' title='bbox 1504 2331 1568 2364; x_wconf 91' lang='lat' dir='ltr'>hoc</span> <span class='ocrx_word' id='word_1_265' title='bbox 1585 2330 1659 2363; x_wconf 91' lang='lat' dir='ltr'>loco</span> <span class='ocrx_word' id='word_1_266' title='bbox 1677 2330 1735 2363; x_wconf 89' lang='lat' dir='ltr'>ille</span> 
     </span>
     <span class='ocr_line' id='line_1_32' title="bbox 203 2376 1734 2423; baseline -0.001 -12"><span class='ocrx_word' id='word_1_267' title='bbox 203 2378 374 2411; x_wconf 85' lang='lat' dir='ltr'>convaluit</span> <span class='ocrx_word' id='word_1_268' title='bbox 392 2378 433 2411; x_wconf 89' lang='lat' dir='ltr'>de</span> <span class='ocrx_word' id='word_1_269' title='bbox 449 2378 542 2422; x_wconf 88' lang='lat' dir='ltr'>lepra</span> <span class='ocrx_word' id='word_1_270' title='bbox 559 2390 659 2422; x_wconf 85' lang='lat' dir='ltr'>quam</span> <span class='ocrx_word' id='word_1_271' title='bbox 685 2379 853 2412; x_wconf 87' lang='lat' dir='ltr'>Godricus</span> <span class='ocrx_word' id='word_1_272' title='bbox 879 2378 920 2411; x_wconf 93' lang='lat' dir='ltr'>de</span> <span class='ocrx_word' id='word_1_273' title='bbox 940 2378 1139 2423; x_wconf 84' lang='lat' dir='ltr'>gravissima</span> <span class='ocrx_word' id='word_1_274' title='bbox 1157 2378 1366 2422; x_wconf 61' lang='lat' dir='ltr'>aegritudine,</span> <span class='ocrx_word' id='word_1_275' title='bbox 1386 2389 1485 2422; x_wconf 85' lang='lat' dir='ltr'>quam</span> <span class='ocrx_word' id='word_1_276' title='bbox 1503 2377 1558 2410; x_wconf 90' lang='lat' dir='ltr'>hic</span> <span class='ocrx_word' id='word_1_277' title='bbox 1576 2377 1657 2410; x_wconf 85' lang='lat' dir='ltr'>olim</span> <span class='ocrx_word' id='word_1_278' title='bbox 1676 2376 1734 2410; x_wconf 89' lang='lat' dir='ltr'>diu</span> 
     </span>
     <span class='ocr_line' id='line_1_33' title="bbox 203 2424 1733 2469; baseline -0.001 -12"><span class='ocrx_word' id='word_1_279' title='bbox 203 2424 387 2458; x_wconf 81' lang='lat' dir='ltr'>sustinuit.’</span> <span class='ocrx_word' id='word_1_280' title='bbox 438 2425 494 2457; x_wconf 88' lang='lat' dir='ltr'>Ad</span> <span class='ocrx_word' id='word_1_281' title='bbox 520 2424 591 2457; x_wconf 84' lang='lat' dir='ltr'>haec</span> <span class='ocrx_word' id='word_1_282' title='bbox 616 2424 793 2458; x_wconf 82' lang='lat' dir='ltr'>minister:</span> <span class='ocrx_word' id='word_1_283' title='bbox 821 2424 998 2467; x_wconf 82' lang='lat' dir='ltr'>‘D01nne,&#39;</span> <span class='ocrx_word' id='word_1_284' title='bbox 1025 2425 1144 2469; x_wconf 87' lang='lat' dir='ltr'>inquit,</span> <span class='ocrx_word' id='word_1_285' title='bbox 1170 2424 1365 2469; x_wconf 86' lang='lat' dir='ltr'>‘leprosum</span> <span class='ocrx_word' id='word_1_286' title='bbox 1392 2424 1448 2457; x_wconf 88' lang='lat' dir='ltr'>hic</span> <span class='ocrx_word' id='word_1_287' title='bbox 1477 2429 1633 2457; x_wconf 85' lang='lat' dir='ltr'>sanatum</span> <span class='ocrx_word' id='word_1_288' title='bbox 1659 2434 1733 2456; x_wconf 86' lang='lat' dir='ltr'>esse</span> 
     </span>
     <span class='ocr_line' id='line_1_34' title="bbox 202 2470 1732 2515; baseline -0.001 -12"><span class='ocrx_word' id='word_1_289' title='bbox 202 2470 407 2504; x_wconf 84' lang='lat' dir='ltr'>audivimus.</span> <span class='ocrx_word' id='word_1_290' title='bbox 473 2470 538 2503; x_wconf 85' lang='lat' dir='ltr'>Sed</span> <span class='ocrx_word' id='word_1_291' title='bbox 568 2477 681 2504; x_wconf 79' lang='lat' dir='ltr'>utrum</span> <span class='ocrx_word' id='word_1_292' title='bbox 710 2471 744 2503; x_wconf 88' lang='lat' dir='ltr'>in</span> <span class='ocrx_word' id='word_1_293' title='bbox 774 2471 914 2504; x_wconf 84' lang='lat' dir='ltr'>veritate</span> <span class='ocrx_word' id='word_1_294' title='bbox 947 2471 996 2504; x_wconf 88' lang='lat' dir='ltr'>sic</span> <span class='ocrx_word' id='word_1_295' title='bbox 1023 2471 1134 2513; x_wconf 87' lang='lat' dir='ltr'>fuerit,</span> <span class='ocrx_word' id='word_1_296' title='bbox 1167 2470 1385 2515; x_wconf 83' lang='lat' dir='ltr'>ignoramus.&#39;</span> <span class='ocrx_word' id='word_1_297' title='bbox 1448 2470 1545 2503; x_wconf 89' lang='lat' dir='ltr'>Tunc</span> <span class='ocrx_word' id='word_1_298' title='bbox 1578 2470 1732 2512; x_wconf 86' lang='lat' dir='ltr'>Sanctus,</span> 
     </span>
     <span class='ocr_line' id='line_1_35' title="bbox 203 2515 1733 2561; baseline -0.001 -11"><span class='ocrx_word' id='word_1_299' title='bbox 203 2519 213 2535; x_wconf 85' lang='lat'>‘</span> <span class='ocrx_word' id='word_1_300' title='bbox 227 2517 377 2560; x_wconf 85' lang='lat' dir='ltr'>Revera,&#39;</span> <span class='ocrx_word' id='word_1_301' title='bbox 396 2516 493 2559; x_wconf 81' lang='lat' dir='ltr'>dixit,</span> <span class='ocrx_word' id='word_1_302' title='bbox 513 2518 521 2534; x_wconf 53' lang='grc' dir='ltr'><strong><em>ζ</em></strong></span> <span class='ocrx_word' id='word_1_303' title='bbox 533 2517 581 2550; x_wconf 86' lang='lat' dir='ltr'>ita</span> <span class='ocrx_word' id='word_1_304' title='bbox 597 2517 702 2550; x_wconf 84' lang='lat' dir='ltr'>fuisse</span> <span class='ocrx_word' id='word_1_305' title='bbox 719 2529 785 2550; x_wconf 90' lang='lat' dir='ltr'>non</span> <span class='ocrx_word' id='word_1_306' title='bbox 805 2517 948 2559; x_wconf 86' lang='lat' dir='ltr'>dubites,</span> <span class='ocrx_word' id='word_1_307' title='bbox 968 2517 1046 2561; x_wconf 89' lang='lat' dir='ltr'>quia</span> <span class='ocrx_word' id='word_1_308' title='bbox 1063 2529 1130 2550; x_wconf 89' lang='lat' dir='ltr'>non</span> <span class='ocrx_word' id='word_1_309' title='bbox 1153 2517 1262 2550; x_wconf 88' lang='lat' dir='ltr'>solum</span> <span class='ocrx_word' id='word_1_310' title='bbox 1283 2516 1384 2560; x_wconf 80' lang='lat' dir='ltr'>Hugo</span> <span class='ocrx_word' id='word_1_311' title='bbox 1406 2516 1463 2549; x_wconf 87' lang='lat' dir='ltr'>ille</span> <span class='ocrx_word' id='word_1_312' title='bbox 1487 2516 1656 2549; x_wconf 86' lang='lat' dir='ltr'>convaluit</span> <span class='ocrx_word' id='word_1_313' title='bbox 1677 2515 1733 2549; x_wconf 92' lang='lat' dir='ltr'>hic</span> 
     </span>
    </p>
   </div>
   <div class='ocr_carea' id='block_1_5' title="bbox 202 2562 1732 2608">
    <p class='ocr_par' dir='ltr' id='par_1_6' title="bbox 202 2562 1732 2608">
     <span class='ocr_line' id='line_1_36' title="bbox 202 2562 1732 2608; baseline 0 -12"><span class='ocrx_word' id='word_1_314' title='bbox 202 2563 243 2596; x_wconf 82' lang='grc'>(16</span> <span class='ocrx_word' id='word_1_315' title='bbox 260 2563 362 2608; x_wconf 82' lang='lat' dir='ltr'>lepra,</span> <span class='ocrx_word' id='word_1_316' title='bbox 380 2563 440 2596; x_wconf 85' lang='lat' dir='ltr'>sed</span> <span class='ocrx_word' id='word_1_317' title='bbox 466 2563 567 2596; x_wconf 88' lang='lat' dir='ltr'>etiam</span> <span class='ocrx_word' id='word_1_318' title='bbox 592 2563 649 2596; x_wconf 88' lang='lat' dir='ltr'>illa</span> <span class='ocrx_word' id='word_1_319' title='bbox 674 2563 795 2596; x_wconf 86' lang='lat' dir='ltr'>mulier</span> <span class='ocrx_word' id='word_1_320' title='bbox 816 2563 872 2596; x_wconf 89' lang='lat' dir='ltr'>hic</span> <span class='ocrx_word' id='word_1_321' title='bbox 897 2564 1082 2608; x_wconf 78' lang='lat' dir='ltr'>perfectam</span> <span class='ocrx_word' id='word_1_322' title='bbox 1109 2564 1198 2608; x_wconf 84' lang='lat' dir='ltr'>cepit</span> <span class='ocrx_word' id='word_1_323' title='bbox 1221 2562 1306 2596; x_wconf 84' lang='lat' dir='ltr'>meis</span> <span class='ocrx_word' id='word_1_324' title='bbox 1331 2562 1488 2607; x_wconf 84' lang='lat' dir='ltr'>precibus</span> <span class='ocrx_word' id='word_1_325' title='bbox 1514 2562 1732 2596; x_wconf 85' lang='lat' dir='ltr'>sanitatem.”</span> 
     </span>
    </p>
   </div>
   <div class='ocr_carea' id='block_1_6' title="bbox 201 2609 1734 2931">
    <p class='ocr_par' dir='ltr' id='par_1_7' title="bbox 202 2609 598 2654">
     <span class='ocr_line' id='line_1_37' title="bbox 202 2609 598 2654; baseline -0.003 -12"><span class='ocrx_word' id='word_1_326' title='bbox 202 2610 315 2643; x_wconf 86' lang='lat' dir='ltr'>Anon.</span> <span class='ocrx_word' id='word_1_327' title='bbox 336 2609 427 2643; x_wconf 81' lang='lat' dir='ltr'>Harl.</span> <span class='ocrx_word' id='word_1_328' title='bbox 450 2609 598 2654; x_wconf 84' lang='lat' dir='ltr'>Legend.</span> 
     </span>
    </p>

    <p class='ocr_par' dir='ltr' id='par_1_8' title="bbox 201 2654 1734 2931">
     <span class='ocr_line' id='line_1_38' title="bbox 248 2654 1732 2702; baseline -0.001 -13"><span class='ocrx_word' id='word_1_329' title='bbox 248 2656 261 2676; x_wconf 77' lang='lat'><strong>2</strong></span> <span class='ocrx_word' id='word_1_330' title='bbox 281 2656 326 2689; x_wconf 76' lang='lat' dir='ltr'>In</span> <span class='ocrx_word' id='word_1_331' title='bbox 342 2656 495 2701; x_wconf 68' lang='lat' dir='ltr'>hospitali</span> <span class='ocrx_word' id='word_1_332' title='bbox 514 2656 547 2690; x_wconf 88' lang='lat' dir='ltr'>S.</span> <span class='ocrx_word' id='word_1_333' title='bbox 565 2655 694 2702; x_wconf 51' lang='lat' dir='ltr'>Petra]</span> <span class='ocrx_word' id='word_1_334' title='bbox 723 2655 892 2700; x_wconf 84' lang='lat' dir='ltr'>Probably</span> <span class='ocrx_word' id='word_1_335' title='bbox 909 2655 966 2688; x_wconf 87' lang='lat' dir='ltr'>the</span> <span class='ocrx_word' id='word_1_336' title='bbox 984 2655 1131 2700; x_wconf 78' lang='lat' dir='ltr'>hospital</span> <span class='ocrx_word' id='word_1_337' title='bbox 1150 2655 1187 2688; x_wconf 83' lang='lat' dir='ltr'>of</span> <span class='ocrx_word' id='word_1_338' title='bbox 1206 2655 1255 2688; x_wconf 90' lang='lat' dir='ltr'>St.</span> <span class='ocrx_word' id='word_1_339' title='bbox 1276 2655 1405 2688; x_wconf 86' lang='lat' dir='ltr'>Peter&#39;s</span> <span class='ocrx_word' id='word_1_340' title='bbox 1422 2661 1457 2688; x_wconf 82' lang='lat' dir='ltr'>at</span> <span class='ocrx_word' id='word_1_341' title='bbox 1476 2655 1580 2697; x_wconf 86' lang='lat' dir='ltr'>York,</span> <span class='ocrx_word' id='word_1_342' title='bbox 1600 2666 1619 2688; x_wconf 86' lang='lat' dir='ltr'>a</span> <span class='ocrx_word' id='word_1_343' title='bbox 1635 2654 1732 2687; x_wconf 86' lang='lat' dir='ltr'>foun-</span> 
     </span>
     <span class='ocr_line' id='line_1_39' title="bbox 202 2700 1734 2745; baseline -0.001 -11"><span class='ocrx_word' id='word_1_344' title='bbox 202 2701 316 2735; x_wconf 87' lang='lat' dir='ltr'>dation</span> <span class='ocrx_word' id='word_1_345' title='bbox 334 2714 370 2735; x_wconf 87' lang='lat' dir='ltr'>as</span> <span class='ocrx_word' id='word_1_346' title='bbox 389 2702 443 2735; x_wconf 90' lang='lat' dir='ltr'>old</span> <span class='ocrx_word' id='word_1_347' title='bbox 466 2714 501 2735; x_wconf 86' lang='lat' dir='ltr'>as</span> <span class='ocrx_word' id='word_1_348' title='bbox 527 2702 584 2736; x_wconf 90' lang='lat' dir='ltr'>the</span> <span class='ocrx_word' id='word_1_349' title='bbox 610 2703 692 2735; x_wconf 86' lang='lat' dir='ltr'>time</span> <span class='ocrx_word' id='word_1_350' title='bbox 710 2702 748 2735; x_wconf 86' lang='lat' dir='ltr'>of</span> <span class='ocrx_word' id='word_1_351' title='bbox 771 2702 926 2734; x_wconf 83' lang='lat' dir='ltr'>William</span> <span class='ocrx_word' id='word_1_352' title='bbox 952 2701 1009 2734; x_wconf 87' lang='lat' dir='ltr'>the</span> <span class='ocrx_word' id='word_1_353' title='bbox 1035 2702 1241 2745; x_wconf 87' lang='lat' dir='ltr'>Conqueror.</span> <span class='ocrx_word' id='word_1_354' title='bbox 1292 2701 1323 2733; x_wconf 91' lang='lat' dir='ltr'>It</span> <span class='ocrx_word' id='word_1_355' title='bbox 1342 2713 1409 2734; x_wconf 87' lang='lat' dir='ltr'>was</span> <span class='ocrx_word' id='word_1_356' title='bbox 1427 2701 1605 2734; x_wconf 88' lang='lat' dir='ltr'>re-edified</span> <span class='ocrx_word' id='word_1_357' title='bbox 1624 2701 1657 2733; x_wconf 87' lang='lat' dir='ltr'>in</span> <span class='ocrx_word' id='word_1_358' title='bbox 1675 2700 1734 2733; x_wconf 89' lang='lat' dir='ltr'>the</span> 
     </span>
     <span class='ocr_line' id='line_1_40' title="bbox 201 2746 1734 2794; baseline -0.001 -13"><span class='ocrx_word' id='word_1_359' title='bbox 201 2748 284 2781; x_wconf 89' lang='lat' dir='ltr'>time</span> <span class='ocrx_word' id='word_1_360' title='bbox 302 2748 340 2781; x_wconf 84' lang='lat' dir='ltr'>of</span> <span class='ocrx_word' id='word_1_361' title='bbox 361 2748 453 2793; x_wconf 84' lang='lat' dir='ltr'>King</span> <span class='ocrx_word' id='word_1_362' title='bbox 471 2749 631 2794; x_wconf 84' lang='lat' dir='ltr'>Stephen,</span> <span class='ocrx_word' id='word_1_363' title='bbox 655 2748 721 2782; x_wconf 82' lang='lat' dir='ltr'>aud</span> <span class='ocrx_word' id='word_1_364' title='bbox 739 2760 807 2781; x_wconf 86' lang='lat' dir='ltr'>was</span> <span class='ocrx_word' id='word_1_365' title='bbox 833 2747 913 2780; x_wconf 85' lang='lat' dir='ltr'>then</span> <span class='ocrx_word' id='word_1_366' title='bbox 936 2747 1113 2780; x_wconf 81' lang='lat' dir='ltr'>dedicated</span> <span class='ocrx_word' id='word_1_367' title='bbox 1131 2753 1165 2780; x_wconf 90' lang='lat' dir='ltr'>to</span> <span class='ocrx_word' id='word_1_368' title='bbox 1183 2748 1232 2780; x_wconf 79' lang='lat' dir='ltr'>St.</span> <span class='ocrx_word' id='word_1_369' title='bbox 1252 2747 1416 2780; x_wconf 86' lang='lat' dir='ltr'>Leonard.</span> <span class='ocrx_word' id='word_1_370' title='bbox 1468 2748 1500 2781; x_wconf 92' lang='lat' dir='ltr'>It</span> <span class='ocrx_word' id='word_1_371' title='bbox 1518 2754 1608 2780; x_wconf 87' lang='lat' dir='ltr'>went</span> <span class='ocrx_word' id='word_1_372' title='bbox 1626 2746 1734 2779; x_wconf 88' lang='lat' dir='ltr'>under</span> 
     </span>
     <span class='ocr_line' id='line_1_41' title="bbox 201 2793 1732 2839; baseline -0.001 -13"><span class='ocrx_word' id='word_1_373' title='bbox 201 2794 281 2827; x_wconf 87' lang='lat' dir='ltr'>both</span> <span class='ocrx_word' id='word_1_374' title='bbox 306 2806 432 2837; x_wconf 85' lang='lat' dir='ltr'>names,</span> <span class='ocrx_word' id='word_1_375' title='bbox 451 2795 522 2836; x_wconf 89' lang='lat' dir='ltr'>but,</span> <span class='ocrx_word' id='word_1_376' title='bbox 545 2795 725 2839; x_wconf 74' lang='lat' dir='ltr'>according</span> <span class='ocrx_word' id='word_1_377' title='bbox 746 2801 781 2827; x_wconf 93' lang='lat' dir='ltr'>to</span> <span class='ocrx_word' id='word_1_378' title='bbox 801 2794 945 2838; x_wconf 85' lang='lat' dir='ltr'>Tanner,</span> <span class='ocrx_word' id='word_1_379' title='bbox 964 2794 1021 2827; x_wconf 87' lang='lat' dir='ltr'>the</span> <span class='ocrx_word' id='word_1_380' title='bbox 1038 2794 1104 2827; x_wconf 84' lang='lat' dir='ltr'>last</span> <span class='ocrx_word' id='word_1_381' title='bbox 1120 2793 1315 2827; x_wconf 82' lang='lat' dir='ltr'>mentioned</span> <span class='ocrx_word' id='word_1_382' title='bbox 1339 2793 1549 2838; x_wconf 82' lang='lat' dir='ltr'>designation</span> <span class='ocrx_word' id='word_1_383' title='bbox 1567 2805 1635 2826; x_wconf 86' lang='lat' dir='ltr'>was</span> <span class='ocrx_word' id='word_1_384' title='bbox 1660 2793 1732 2825; x_wconf 86' lang='lat' dir='ltr'>that</span> 
     </span>
     <span class='ocr_line' id='line_1_42' title="bbox 201 2839 1731 2886; baseline 0 -14"><span class='ocrx_word' id='word_1_385' title='bbox 201 2840 246 2885; x_wconf 90' lang='lat' dir='ltr'>by</span> <span class='ocrx_word' id='word_1_386' title='bbox 264 2840 375 2873; x_wconf 87' lang='lat' dir='ltr'>which</span> <span class='ocrx_word' id='word_1_387' title='bbox 393 2840 419 2873; x_wconf 86' lang='lat' dir='ltr'>it</span> <span class='ocrx_word' id='word_1_388' title='bbox 438 2852 504 2874; x_wconf 85' lang='lat' dir='ltr'>was</span> <span class='ocrx_word' id='word_1_389' title='bbox 522 2853 615 2875; x_wconf 89' lang='lat' dir='ltr'>more</span> <span class='ocrx_word' id='word_1_390' title='bbox 639 2841 811 2886; x_wconf 81' lang='lat' dir='ltr'>generally</span> <span class='ocrx_word' id='word_1_391' title='bbox 828 2840 962 2873; x_wconf 84' lang='lat' dir='ltr'>known.</span> <span class='ocrx_word' id='word_1_392' title='bbox 1011 2841 1072 2873; x_wconf 85' lang='lat' dir='ltr'>See</span> <span class='ocrx_word' id='word_1_393' title='bbox 1098 2840 1233 2873; x_wconf 90' lang='lat' dir='ltr'>Notitia</span> <span class='ocrx_word' id='word_1_394' title='bbox 1251 2839 1400 2873; x_wconf 79' lang='lat' dir='ltr'>Monast.</span> <span class='ocrx_word' id='word_1_395' title='bbox 1418 2840 1564 2873; x_wconf 84' lang='lat' dir='ltr'>Yorksli.</span> <span class='ocrx_word' id='word_1_396' title='bbox 1589 2839 1658 2874; x_wconf 91' lang='lat' dir='ltr'>No.</span> <span class='ocrx_word' id='word_1_397' title='bbox 1677 2841 1731 2880; x_wconf 81' lang='lat'>23,</span> 
     </span>
     <span class='ocr_line' id='line_1_43' title="bbox 201 2886 1636 2931; baseline -0.001 -12"><span class='ocrx_word' id='word_1_398' title='bbox 201 2886 308 2919; x_wconf 85' lang='lat' dir='ltr'>under</span> <span class='ocrx_word' id='word_1_399' title='bbox 325 2886 382 2919; x_wconf 89' lang='lat' dir='ltr'>the</span> <span class='ocrx_word' id='word_1_400' title='bbox 400 2887 469 2931; x_wconf 88' lang='lat' dir='ltr'>city</span> <span class='ocrx_word' id='word_1_401' title='bbox 487 2887 524 2920; x_wconf 87' lang='lat' dir='ltr'>of</span> <span class='ocrx_word' id='word_1_402' title='bbox 540 2888 660 2929; x_wconf 61' lang='lat' dir='ltr'>York„</span> <span class='ocrx_word' id='word_1_403' title='bbox 1026 2887 1038 2905; x_wconf 73' lang='lat'>³</span> <span class='ocrx_word' id='word_1_404' title='bbox 1063 2886 1185 2931; x_wconf 64' lang='lat' dir='ltr'>Vigilia</span> <span class='ocrx_word' id='word_1_405' title='bbox 1205 2886 1237 2919; x_wconf 87' lang='lat' dir='ltr'>S.</span> <span class='ocrx_word' id='word_1_406' title='bbox 1252 2886 1441 2931; x_wconf 54' lang='lat' dir='ltr'>Iohannis]</span> <span class='ocrx_word' id='word_1_407' title='bbox 1474 2889 1517 2920; x_wconf 77' lang='lat'>23</span> <span class='ocrx_word' id='word_1_408' title='bbox 1536 2886 1636 2919; x_wconf 85' lang='lat' dir='ltr'>June.</span> 
     </span>
    </p>
   </div>
  </div>
 </body>
</html>
