1839 3186
152 141 234 181 152
678 150 911 183 LIBELLUS
943 151 1007 182 DE
1038 151 1154 183 VITA

154 354 239 380 cAP.
264 355 395 380 LXVII.
427 352 752 384 QUEMADMODUM
774 353 854 378 ILLI
877 353 944 378 DEI
971 353 1203 379 CLEMENTIA
1226 352 1474 379 REVELASSET
1494 354 1538 379 IN
1562 353 1680 379 CUJUS

192 421 433 447 SANCTORUM
462 420 531 446 DEI
561 419 724 445 HONORE
764 418 858 446 EJUS
894 419 1129 446 ORATORIUM
1161 420 1351 446 DEDICARI
1380 404 1630 446 DEBUISSET.1

216 517 235 569 ᾧ
257 519 355 559 143.
389 516 487 558 CUM
511 524 603 574 post
624 523 812 574 tempora
841 518 1026 573 longiora
1046 518 1211 560 devotio
1232 517 1415 560 fidelium
1447 519 1555 560 circa
1587 534 1681 561 eum

159 584 339 625 crebrius
373 584 555 636 inolevit,
589 585 777 626 cellulam
807 582 1006 639 majorem
1043 584 1160 625 illum
1195 590 1429 626 construere
1461 585 1680 640 multiplex

161 654 203 690 et
231 650 373 691 sedula
402 650 565 693 illorum
601 651 836 705 deprecatio
861 649 1072 705 compulit.
1143 650 1327 703 Quorum
1361 652 1550 706 precibus
1585 652 1683 692 dum

160 730 242 757 non
263 716 464 771 potuisset
490 717 691 767 resistere,
730 716 871 764 cessit;
905 716 1150 770 permittens
1171 730 1240 758 eos
1270 717 1339 771 pia
1374 732 1448 758 sua
1483 717 1685 759 desideria

162 781 296 837 dignis
325 782 515 837 operibus
542 798 680 824 coram
713 781 893 823 Domino
917 782 1144 837 propalare.
1206 782 1320 823 Dum
1343 783 1470 838 igitur
1491 798 1543 824 ex
1567 788 1684 838 parte

161 848 345 888 maxima
376 847 508 904 major
548 848 584 889 ei
617 853 922 890 construeretur
959 848 1157 898 Ecclesia,
1195 849 1315 903 coepit
1349 849 1575 890 Dominum
1606 850 1684 890 fre-

163 914 426 968 quentissime
456 930 625 956 exorare
649 914 691 954 in
713 912 828 969 cujus
851 914 994 955 Sancti
1029 914 1193 955 nomine
1217 915 1282 956 vel
1303 915 1456 957 honore
1478 915 1684 957 debuisset

163 995 255 1020 eam
295 980 499 1022 dedicare.
576 981 766 1034 Quadam
804 980 931 1035 igitur
966 980 1051 1031 die,
1085 980 1251 1034 quidam
1288 981 1325 1022 ei
1355 981 1488 1037 specie
1521 982 1687 1036 praecla-

161 1045 346 1088 rissimus
386 1047 532 1097 astitit,
576 1052 617 1088 et
661 1047 976 1100 circumquaque
1014 1046 1152 1088 lumen
1196 1047 1304 1088 illius
1346 1047 1525 1096 effulsit;
1571 1047 1687 1103 cujus

162 1113 302 1154 vultus
334 1112 623 1154 desiderabiles
644 1113 706 1155 vir
735 1113 802 1154 ille
831 1113 1048 1168 diligenter
1069 1113 1256 1163 intuitus,
1280 1113 1490 1163 conticuit,
1524 1119 1565 1154 et
1600 1129 1687 1155 ora-

163 1178 344 1220 tionibus
374 1179 614 1220 medullitus
655 1194 748 1220 cum
778 1179 907 1219 nimia
938 1185 999 1220 est
1029 1179 1185 1234 pietate
1222 1179 1401 1221 deditus.
1473 1180 1590 1221 Tunc
1624 1181 1688 1222 vir

164 1245 231 1285 ille
266 1246 334 1299 qui
371 1245 407 1286 ei
439 1246 586 1296 astitit,
622 1245 678 1287 sic
712 1261 805 1286 eum
836 1245 1045 1299 alloquens
1079 1245 1150 1294 ait,
1183 1249 1207 1268 ‘⁶
1231 1245 1355 1287 Serve
1377 1246 1469 1296 Dei,
1496 1246 1688 1297 Godrice,

164 1311 247 1352 noli
269 1327 341 1366 pro
365 1312 545 1353 adventu
568 1327 659 1352 meo
682 1326 965 1366 expavescere,
999 1312 1095 1365 quia
1121 1326 1196 1366 ego
1229 1327 1318 1353 sum
1353 1316 1492 1353 tecum
1521 1317 1568 1353 ut
1600 1327 1688 1354 cns-

165 1378 323 1419 todiam
347 1384 403 1419 te.
464 1378 556 1433 Ego
587 1379 695 1419 enim
726 1393 816 1419 sum
847 1377 876 1418 J
881 1378 1062 1419 ohannes
1090 1393 1222 1432 praeco
1245 1377 1397 1420 Christi
1420 1384 1461 1419 et
1483 1378 1688 1433 Baptista,

166 1443 276 1485 cuia
301 1444 481 1485 Domino
513 1448 575 1486 est
599 1449 681 1485 tuae
702 1445 799 1485 vitae
828 1444 1016 1485 custodia
1043 1444 1245 1499 delegata.
1317 1445 1451 1497 Quare
1483 1450 1524 1486 et
1556 1450 1602 1486 tu
1631 1446 1692 1486 in-

166 1525 268 1552 voca
281 1526 346 1551 me
366 1511 409 1552 in
425 1511 536 1552 omni
551 1511 615 1552 die
636 1511 914 1552 tribulationis
927 1516 1025 1560 tuae,
1046 1510 1142 1564 quia
1158 1511 1328 1566 eripiam
1349 1516 1403 1561 te,
1430 1516 1471 1552 et
1492 1510 1691 1566 glorifica—

169 1577 278 1618 beris
308 1592 445 1618 coram
471 1577 650 1618 Domino
672 1593 745 1632 per
764 1592 856 1625 1nc3
892 1576 1001 1617 unde
1039 1591 1199 1631 semper
1230 1577 1312 1618 mei
1345 1582 1566 1631 memento,
1600 1577 1696 1631 quia

168 1644 358 1685 omnibus
393 1644 720 1685 invocationibus
761 1644 844 1684 tuis
889 1658 1049 1698 semper
1096 1643 1188 1697 pius
1228 1658 1276 1684 ac
1315 1643 1517 1698 propitius
1553 1644 1691 1685 adero.

171 1710 306 1751 Locus
326 1710 404 1751 iste
438 1710 479 1750 in
511 1710 675 1750 nomine
704 1724 794 1750 meo
828 1709 1099 1757 dedicabitur,
1120 1714 1167 1749 ut
1193 1709 1397 1750 Dominus
1417 1710 1483 1751 hic
1504 1710 1693 1751 omnibus

169 1791 235 1816 me
276 1776 563 1817 invocantibus
603 1775 837 1831 2placabilis
876 1775 1152 1817 inveniatur.”
1213 1776 1370 1829 Quibus
1406 1776 1544 1826 dictis,
1578 1777 1693 1826 abiit,

171 1842 243 1883 sed
266 1858 349 1897 prae
378 1842 593 1897 splendore
629 1841 715 1898 ejus
745 1842 871 1883 nimio
903 1841 1033 1895 qualis
1072 1842 1221 1896 speciei
1253 1842 1392 1890 fuerit,
1428 1842 1693 1898 perpendere,

172 1909 376 1950 aestimare
397 1909 462 1950 vel
483 1907 744 1958 3discernere,
768 1909 830 1949 vir
850 1908 917 1949 ille
937 1923 1019 1949 non
1040 1908 1189 1962 potuit.

242 1975 437 2016 Perfecta
463 1975 590 2029 igitur
621 1973 707 2029 ejus
740 1974 937 2024 Ecclesia,
964 1974 1126 2028 lapideo
1162 1974 1353 2015 tabulatu
1381 1973 1620 2029 composita,
1652 1975 1695 2015 in

177 2042 330 2082 honore
351 2040 592 2096 4Sepulchri
615 2032 783 2082 Doniini
809 2046 850 2081 et
874 2040 1016 2081 Sancti
1039 2040 1068 2080 J
1073 2040 1244 2081 ohannis
1274 2041 1475 2095 Baptistae
1497 2041 1696 2096 praeconis

177 2107 344 2156 Christi,
370 2107 541 2161 piissimi
572 2107 763 2148 advocati
800 2106 874 2156 sui,
913 2106 1104 2147 dedicata
1125 2111 1200 2156 est,
1225 2111 1266 2147 et
1286 2107 1398 2148 locus
1419 2107 1485 2147 ille
1509 2108 1698 2148 omnibus

176 2173 463 2214 celeberrimus
491 2173 660 2215 effectus
680 2178 756 2215 est.
827 2172 1099 2226 Asseruitque
1123 2187 1165 2213 se
1197 2173 1388 2213 eumdem
1412 2173 1591 2214 Beatum
1622 2173 1652 2213 J
1656 2188 1697 2213 0-

176 2239 354 2279 hannem
377 2239 613 2293 Baptistam
634 2240 780 2294 saepius
801 2239 963 2288 vidisse,
996 2243 1037 2279 et
1070 2238 1252 2279 dulciora
1272 2239 1330 2279 ori
1352 2237 1438 2294 ejus
1474 2254 1594 2294 super
1616 2239 1698 2279 mel

178 2310 219 2345 et
240 2305 381 2346 favum
412 2320 506 2345 cum
538 2320 585 2346 eo
607 2305 840 2359 frequenter
867 2304 1044 2358 alloquia
1074 2305 1336 2346 conseruisse.
1398 2305 1519 2345 Adeo
1557 2310 1700 2359 postea

177 2369 299 2426 hujus
319 2371 518 2412 memoria
551 2371 694 2412 Sancti
724 2371 853 2412 menti
878 2371 985 2412 illius
1008 2370 1238 2422 inhaeserat,
1272 2371 1381 2425 quod
1411 2386 1570 2426 semper
1600 2371 1700 2411 dum

178 2476 187 2493 ‘
201 2475 252 2508 Re
266 2486 353 2517 vera,
371 2474 432 2517 fili,
452 2475 523 2508 dies
542 2479 685 2519 quatuor
703 2475 908 2507 transierunt
926 2487 968 2508 ex
987 2487 1052 2520 quo
1070 2476 1239 2509 neminem
1258 2488 1391 2522 prorsus
1406 2477 1485 2519 vidi,
1504 2477 1573 2509 seio
1586 2482 1700 2509 tamen

177 2521 311 2566 quando
330 2521 377 2554 vir
395 2521 452 2553 1110
471 2520 662 2554 decesserit.
712 2520 808 2553 Obiit
826 2521 915 2553 0111111
934 2521 968 2553 111
986 2523 1183 2566 crepusculo
1202 2522 1256 2555 die
1273 2523 1396 2556 nudius
1414 2523 1567 2565 tertiana,
1586 2529 1618 2555 et
1636 2522 1698 2555 im—

176 2567 333 2611 migravit
358 2567 400 2600 ad
427 2567 550 2611 gaudia
575 2567 661 2599 lucis
693 2573 839 2609 aeternae,
869 2567 1018 2611 viditque
1043 2568 1146 2601 miser
1171 2569 1338 2601 Godricus
1364 2575 1397 2601 et
1422 2569 1556 2612 agnovit
1581 2568 1699 2601 eadem

176 2614 258 2646 hora
275 2613 429 2658 spiritum
449 2613 680 2656 emigrantem,
698 2618 731 2645 et
748 2619 857 2645 certus
876 2619 926 2645 cst
944 2624 1021 2646 011111
1040 2625 1113 2646 esse
1130 2620 1290 2658 perpetua
1308 2614 1420 2658 quiete
1438 2615 1625 2647 donatum?
1639 2614 1660 2630 ’'

227 2660 235 2678 ¹
264 2660 304 2692 In
322 2659 379 2692 the
399 2659 494 2692 Harl.
510 2659 586 2692 MS.
605 2658 741 2703 chapter
760 2658 874 2692 LXV.
1072 2660 1084 2678 ²
1104 2659 1311 2705 Placabilis]
1340 2660 1519 2704 Pacabilis,
1540 2660 1583 2694 Β.

223 2707 237 2726 ³
256 2705 483 2750 Discernere]
508 2705 708 2746 Decernerc,
731 2704 778 2737 H.

223 2753 234 2771 ‘¹
254 2752 422 2796 Sepulchri
443 2751 610 2795 Domini]
646 2751 718 2783 The
748 2750 1007 2795 eorresponding
1031 2763 1170 2795 passage
1188 2751 1221 2784 in
1240 2752 1296 2785 the
1322 2753 1486 2785 narrative
1504 2753 1541 2785 of
1555 2752 1698 2794 Galfrid,

178 2798 194 2843 ξ
209 2798 443 2839 2171nentions
461 2798 518 2830 the
536 2797 726 2832 dedication
741 2809 776 2831 as
790 2797 890 2842 being
902 2797 981 2842 only
993 2804 1026 2830 to
1041 2798 1087 2830 St.
1100 2797 1191 2831 John
1206 2798 1262 2831 the
1278 2799 1422 2845 Baptist,
1437 2799 1576 2833 without
1591 2798 1700 2832 notice

175 2845 211 2877 of
226 2845 282 2879 the
302 2844 392 2889 Holy
411 2843 605 2889 Scpulchre.
