<?xml version="1.0" encoding="UTF-8"?>
<!DOCTYPE html PUBLIC "-//W3C//DTD XHTML 1.0 Transitional//EN"
    "http://www.w3.org/TR/xhtml1/DTD/xhtml1-transitional.dtd">
<html xmlns="http://www.w3.org/1999/xhtml" xml:lang="en" lang="en">
 <head>
  <title>
</title>
<meta http-equiv="Content-Type" content="text/html;charset=utf-8" />
  <meta name='ocr-system' content='tesseract 3.04.00' />
  <meta name='ocr-capabilities' content='ocr_page ocr_carea ocr_par ocr_line ocrx_word'/>
</head>
<body>
  <div class='ocr_page' id='page_1' title='image "./libellusdevitaet00regi_0059.png"; bbox 0 0 1839 3186; ppageno 0'>
   <div class='ocr_carea' id='block_1_1' title="bbox 721 186 1689 232">
    <p class='ocr_par' dir='ltr' id='par_1_1' title="bbox 721 186 1689 232">
     <span class='ocr_line' id='line_1_1' title="bbox 721 186 1689 232; baseline -0.002 -2"><span class='ocrx_word' id='word_1_1' title='bbox 721 198 1089 232; x_wconf 81' lang='lat' dir='ltr'>ARGUMENTUM.</span> <span class='ocrx_word' id='word_1_2' title='bbox 1640 186 1689 228; x_wconf 85' lang='lat'>13</span> 
     </span>
    </p>
   </div>
   <div class='ocr_carea' id='block_1_2' title="bbox 145 270 1689 702">
    <p class='ocr_par' dir='ltr' id='par_1_2' title="bbox 145 270 1689 702">
     <span class='ocr_line' id='line_1_2' title="bbox 1496 270 1689 294; baseline 0 -3"><span class='ocrx_word' id='word_1_3' title='bbox 1496 270 1689 294; x_wconf 63' lang='lat' dir='ltr'>CAPITULUM</span> 
     </span>
     <span class='ocr_line' id='line_1_3' title="bbox 146 311 1483 367; baseline -0.002 -12"><span class='ocrx_word' id='word_1_4' title='bbox 146 313 362 367; x_wconf 78' lang='lat' dir='ltr'>Quomodo</span> <span class='ocrx_word' id='word_1_5' title='bbox 391 313 432 354; x_wconf 87' lang='lat' dir='ltr'>in</span> <span class='ocrx_word' id='word_1_6' title='bbox 453 312 648 354; x_wconf 82' lang='lat' dir='ltr'>aurifabri</span> <span class='ocrx_word' id='word_1_7' title='bbox 670 311 802 353; x_wconf 83' lang='lat' dir='ltr'>forma</span> <span class='ocrx_word' id='word_1_8' title='bbox 821 312 985 353; x_wconf 80' lang='lat' dir='ltr'>daemon</span> <span class='ocrx_word' id='word_1_9' title='bbox 1010 311 1264 367; x_wconf 83' lang='lat' dir='ltr'>apparuerit,</span> <span class='ocrx_word' id='word_1_10' title='bbox 1296 311 1366 352; x_wconf 81' lang='lat' dir='ltr'>sed</span> <span class='ocrx_word' id='word_1_11' title='bbox 1398 317 1483 353; x_wconf 76' lang='lat' dir='ltr'>tam</span> 
     </span>
     <span class='ocr_line' id='line_1_4' title="bbox 204 378 1677 436; baseline -0.001 -15"><span class='ocrx_word' id='word_1_12' title='bbox 204 381 244 421; x_wconf 89' lang='lat' dir='ltr'>in</span> <span class='ocrx_word' id='word_1_13' title='bbox 264 380 439 436; x_wconf 87' lang='lat' dir='ltr'>gemmis</span> <span class='ocrx_word' id='word_1_14' title='bbox 460 395 583 434; x_wconf 89' lang='lat' dir='ltr'>quam</span> <span class='ocrx_word' id='word_1_15' title='bbox 606 379 647 420; x_wconf 90' lang='lat' dir='ltr'>in</span> <span class='ocrx_word' id='word_1_16' title='bbox 669 395 769 421; x_wconf 88' lang='lat' dir='ltr'>auro</span> <span class='ocrx_word' id='word_1_17' title='bbox 791 385 1056 434; x_wconf 86' lang='lat' dir='ltr'>contemptus</span> <span class='ocrx_word' id='word_1_18' title='bbox 1079 378 1132 421; x_wconf 89' lang='lat' dir='ltr'>sit</span> <span class='ocrx_word' id='word_1_19' title='bbox 1257 412 1265 419; x_wconf 87' lang='lat'><strong>.</strong></span> <span class='ocrx_word' id='word_1_20' title='bbox 1472 412 1479 420; x_wconf 89' lang='lat'><strong>.</strong></span> <span class='ocrx_word' id='word_1_21' title='bbox 1569 380 1677 421; x_wconf 87' lang='lat' dir='ltr'>cxlv.</span> 
     </span>
     <span class='ocr_line' id='line_1_5' title="bbox 145 444 1475 500; baseline -0.002 -11"><span class='ocrx_word' id='word_1_22' title='bbox 145 447 312 500; x_wconf 88' lang='lat' dir='ltr'>Quanta</span> <span class='ocrx_word' id='word_1_23' title='bbox 340 447 601 489; x_wconf 77' lang='lat' dir='ltr'>simulatione</span> <span class='ocrx_word' id='word_1_24' title='bbox 633 462 727 487; x_wconf 89' lang='lat' dir='ltr'>eum</span> <span class='ocrx_word' id='word_1_25' title='bbox 754 446 964 488; x_wconf 82' lang='lat' dir='ltr'>daemones</span> <span class='ocrx_word' id='word_1_26' title='bbox 1003 444 1280 496; x_wconf 78' lang='lat' dir='ltr'>adoraverint,</span> <span class='ocrx_word' id='word_1_27' title='bbox 1306 450 1347 486; x_wconf 90' lang='lat' dir='ltr'>et</span> <span class='ocrx_word' id='word_1_28' title='bbox 1381 461 1475 500; x_wconf 89' lang='lat' dir='ltr'>quo-</span> 
     </span>
     <span class='ocr_line' id='line_1_6' title="bbox 201 511 1674 570; baseline -0.001 -15"><span class='ocrx_word' id='word_1_29' title='bbox 201 514 325 555; x_wconf 91' lang='lat' dir='ltr'>modo</span> <span class='ocrx_word' id='word_1_30' title='bbox 346 512 433 570; x_wconf 87' lang='lat' dir='ltr'>ejus</span> <span class='ocrx_word' id='word_1_31' title='bbox 458 512 537 554; x_wconf 88' lang='lat' dir='ltr'>fide</span> <span class='ocrx_word' id='word_1_32' title='bbox 560 518 602 555; x_wconf 88' lang='lat' dir='ltr'>et</span> <span class='ocrx_word' id='word_1_33' title='bbox 624 518 830 568; x_wconf 69' lang='lat' dir='ltr'>praecepto</span> <span class='ocrx_word' id='word_1_34' title='bbox 852 512 988 568; x_wconf 86' lang='lat' dir='ltr'>fugati</span> <span class='ocrx_word' id='word_1_35' title='bbox 1011 518 1107 554; x_wconf 87' lang='lat' dir='ltr'>sunt</span> <span class='ocrx_word' id='word_1_36' title='bbox 1253 545 1262 553; x_wconf 91' lang='lat'><strong>.</strong></span> <span class='ocrx_word' id='word_1_37' title='bbox 1468 544 1477 553; x_wconf 85' lang='lat'><strong>.</strong></span> <span class='ocrx_word' id='word_1_38' title='bbox 1549 511 1674 568; x_wconf 83' lang='lat' dir='ltr'>cxlvj.</span> 
     </span>
     <span class='ocr_line' id='line_1_7' title="bbox 145 579 1478 636; baseline 0 -14"><span class='ocrx_word' id='word_1_39' title='bbox 145 581 332 635; x_wconf 76' lang='lat' dir='ltr'>Qualiter</span> <span class='ocrx_word' id='word_1_40' title='bbox 353 580 592 636; x_wconf 86' lang='lat' dir='ltr'>prophetico</span> <span class='ocrx_word' id='word_1_41' title='bbox 619 580 764 636; x_wconf 90' lang='lat' dir='ltr'>spiritu</span> <span class='ocrx_word' id='word_1_42' title='bbox 796 580 1040 635; x_wconf 88' lang='lat' dir='ltr'>praedixerit</span> <span class='ocrx_word' id='word_1_43' title='bbox 1073 579 1172 634; x_wconf 87' lang='lat' dir='ltr'>quid</span> <span class='ocrx_word' id='word_1_44' title='bbox 1200 579 1236 621; x_wconf 92' lang='lat' dir='ltr'>ei</span> <span class='ocrx_word' id='word_1_45' title='bbox 1265 581 1478 622; x_wconf 86' lang='lat' dir='ltr'>transmis-</span> 
     </span>
     <span class='ocr_line' id='line_1_8' title="bbox 203 645 1677 702; baseline -0.001 -12"><span class='ocrx_word' id='word_1_46' title='bbox 203 663 295 690; x_wconf 87' lang='lat' dir='ltr'>sum</span> <span class='ocrx_word' id='word_1_47' title='bbox 315 647 471 698; x_wconf 87' lang='lat' dir='ltr'>debuit,</span> <span class='ocrx_word' id='word_1_48' title='bbox 494 647 559 690; x_wconf 89' lang='lat' dir='ltr'>vel</span> <span class='ocrx_word' id='word_1_49' title='bbox 581 662 670 701; x_wconf 77' lang='lat' dir='ltr'>quae</span> <span class='ocrx_word' id='word_1_50' title='bbox 691 647 795 688; x_wconf 90' lang='lat' dir='ltr'>ultio</span> <span class='ocrx_word' id='word_1_51' title='bbox 819 646 1052 689; x_wconf 84' lang='lat' dir='ltr'>detinentes</span> <span class='ocrx_word' id='word_1_52' title='bbox 1073 646 1322 702; x_wconf 82' lang='lat' dir='ltr'>oppresserit</span> <span class='ocrx_word' id='word_1_53' title='bbox 1468 679 1478 689; x_wconf 88' lang='lat'><strong>.</strong></span> <span class='ocrx_word' id='word_1_54' title='bbox 1538 645 1677 702; x_wconf 83' lang='lat' dir='ltr'>cxlvij.</span> 
     </span>
    </p>
   </div>
   <div class='ocr_carea' id='block_1_3' title="bbox 145 713 1679 1237">
    <p class='ocr_par' dir='ltr' id='par_1_3' title="bbox 145 713 1480 770">
     <span class='ocr_line' id='line_1_9' title="bbox 145 713 1480 770; baseline -0.001 -14"><span class='ocrx_word' id='word_1_55' title='bbox 145 714 362 769; x_wconf 90' lang='lat' dir='ltr'>Quomodo</span> <span class='ocrx_word' id='word_1_56' title='bbox 391 714 631 770; x_wconf 86' lang='lat' dir='ltr'>gravissime</span> <span class='ocrx_word' id='word_1_57' title='bbox 662 718 866 769; x_wconf 83' lang='lat' dir='ltr'>aegrotare</span> <span class='ocrx_word' id='word_1_58' title='bbox 894 713 1073 769; x_wconf 82' lang='lat' dir='ltr'>coeperit,</span> <span class='ocrx_word' id='word_1_59' title='bbox 1097 719 1138 755; x_wconf 93' lang='lat' dir='ltr'>et</span> <span class='ocrx_word' id='word_1_60' title='bbox 1172 713 1312 755; x_wconf 90' lang='lat' dir='ltr'>divina</span> <span class='ocrx_word' id='word_1_61' title='bbox 1343 714 1480 755; x_wconf 90' lang='lat' dir='ltr'>subito</span> 
     </span>
    </p>

    <p class='ocr_par' dir='ltr' id='par_1_4' title="bbox 203 780 1475 836">
     <span class='ocr_line' id='line_1_10' title="bbox 203 780 1475 836; baseline -0.001 -13"><span class='ocrx_word' id='word_1_62' title='bbox 203 781 358 823; x_wconf 88' lang='lat' dir='ltr'>visione</span> <span class='ocrx_word' id='word_1_63' title='bbox 380 780 648 824; x_wconf 87' lang='lat' dir='ltr'>semi-animis</span> <span class='ocrx_word' id='word_1_64' title='bbox 666 785 881 836; x_wconf 85' lang='lat' dir='ltr'>reparatus</span> <span class='ocrx_word' id='word_1_65' title='bbox 899 781 964 832; x_wconf 87' lang='lat' dir='ltr'>sit,</span> <span class='ocrx_word' id='word_1_66' title='bbox 983 786 1024 823; x_wconf 94' lang='lat' dir='ltr'>et</span> <span class='ocrx_word' id='word_1_67' title='bbox 1047 780 1251 835; x_wconf 90' lang='lat' dir='ltr'>quomodo</span> <span class='ocrx_word' id='word_1_68' title='bbox 1269 781 1475 831; x_wconf 79' lang='lat' dir='ltr'>cecinerit,</span> 
     </span>
    </p>

    <p class='ocr_par' dir='ltr' id='par_1_5' title="bbox 147 846 1679 970">
     <span class='ocr_line' id='line_1_11' title="bbox 203 846 1679 902; baseline 0 -13"><span class='ocrx_word' id='word_1_69' title='bbox 203 853 244 889; x_wconf 92' lang='lat' dir='ltr'>et</span> <span class='ocrx_word' id='word_1_70' title='bbox 266 848 317 889; x_wconf 92' lang='lat' dir='ltr'>de</span> <span class='ocrx_word' id='word_1_71' title='bbox 340 849 431 890; x_wconf 89' lang='lat' dir='ltr'>luce</span> <span class='ocrx_word' id='word_1_72' title='bbox 455 863 578 902; x_wconf 89' lang='lat' dir='ltr'>quam</span> <span class='ocrx_word' id='word_1_73' title='bbox 600 848 706 889; x_wconf 89' lang='lat' dir='ltr'>vidit</span> <span class='ocrx_word' id='word_1_74' title='bbox 821 881 829 889; x_wconf 92' lang='lat'><strong>.</strong></span> <span class='ocrx_word' id='word_1_75' title='bbox 1036 880 1045 889; x_wconf 88' lang='lat'>.</span> <span class='ocrx_word' id='word_1_76' title='bbox 1251 880 1259 889; x_wconf 92' lang='lat'><strong>.</strong></span> <span class='ocrx_word' id='word_1_77' title='bbox 1466 881 1473 889; x_wconf 91' lang='lat'><strong>.</strong></span> <span class='ocrx_word' id='word_1_78' title='bbox 1526 846 1679 902; x_wconf 73' lang='lat' dir='ltr'>cxlviii.</span> 
     </span>
     <span class='ocr_line' id='line_1_12' title="bbox 147 913 1479 970; baseline -0.001 -14"><span class='ocrx_word' id='word_1_79' title='bbox 147 915 334 968; x_wconf 76' lang='lat' dir='ltr'>Qualiter</span> <span class='ocrx_word' id='word_1_80' title='bbox 358 915 526 970; x_wconf 86' lang='lat' dir='ltr'>quidam</span> <span class='ocrx_word' id='word_1_81' title='bbox 547 914 608 956; x_wconf 89' lang='lat' dir='ltr'>vir</span> <span class='ocrx_word' id='word_1_82' title='bbox 629 914 819 956; x_wconf 89' lang='lat' dir='ltr'>militaris</span> <span class='ocrx_word' id='word_1_83' title='bbox 843 930 937 956; x_wconf 89' lang='lat' dir='ltr'>eum</span> <span class='ocrx_word' id='word_1_84' title='bbox 959 930 1053 956; x_wconf 89' lang='lat' dir='ltr'>cum</span> <span class='ocrx_word' id='word_1_85' title='bbox 1078 913 1285 957; x_wconf 83' lang='lat' dir='ltr'>Orucifixo</span> <span class='ocrx_word' id='word_1_86' title='bbox 1312 914 1479 969; x_wconf 90' lang='lat' dir='ltr'>loquen-</span> 
     </span>
    </p>

    <p class='ocr_par' dir='ltr' id='par_1_6' title="bbox 202 981 1478 1036">
     <span class='ocr_line' id='line_1_13' title="bbox 202 981 1478 1036; baseline 0.001 -14"><span class='ocrx_word' id='word_1_87' title='bbox 202 987 289 1022; x_wconf 89' lang='lat' dir='ltr'>tem</span> <span class='ocrx_word' id='word_1_88' title='bbox 320 981 496 1030; x_wconf 77' lang='lat' dir='ltr'>videiit3</span> <span class='ocrx_word' id='word_1_89' title='bbox 538 985 580 1022; x_wconf 91' lang='lat' dir='ltr'>et</span> <span class='ocrx_word' id='word_1_90' title='bbox 615 986 772 1036; x_wconf 85' lang='lat' dir='ltr'>postea,</span> <span class='ocrx_word' id='word_1_91' title='bbox 804 982 966 1023; x_wconf 91' lang='lat' dir='ltr'>nemine</span> <span class='ocrx_word' id='word_1_92' title='bbox 1002 981 1191 1034; x_wconf 84' lang='lat' dir='ltr'>docente,</span> <span class='ocrx_word' id='word_1_93' title='bbox 1222 982 1369 1023; x_wconf 88' lang='lat' dir='ltr'>faciem</span> <span class='ocrx_word' id='word_1_94' title='bbox 1402 982 1478 1024; x_wconf 90' lang='lat' dir='ltr'>viri</span> 
     </span>
    </p>

    <p class='ocr_par' dir='ltr' id='par_1_7' title="bbox 147 1047 1678 1167">
     <span class='ocr_line' id='line_1_14' title="bbox 206 1047 1678 1104; baseline 0 -15"><span class='ocrx_word' id='word_1_95' title='bbox 206 1048 285 1089; x_wconf 91' lang='lat' dir='ltr'>Dei</span> <span class='ocrx_word' id='word_1_96' title='bbox 311 1047 548 1104; x_wconf 84' lang='lat' dir='ltr'>cognoverit</span> <span class='ocrx_word' id='word_1_97' title='bbox 610 1081 619 1089; x_wconf 92' lang='lat'>.</span> <span class='ocrx_word' id='word_1_98' title='bbox 825 1082 833 1089; x_wconf 94' lang='lat'><em>.</em></span> <span class='ocrx_word' id='word_1_99' title='bbox 1040 1081 1049 1090; x_wconf 89' lang='lat'>.</span> <span class='ocrx_word' id='word_1_100' title='bbox 1252 1082 1260 1090; x_wconf 93' lang='lat'>.</span> <span class='ocrx_word' id='word_1_101' title='bbox 1468 1082 1476 1091; x_wconf 90' lang='lat'><strong><em>.</em></strong></span> <span class='ocrx_word' id='word_1_102' title='bbox 1553 1049 1678 1090; x_wconf 80' lang='lat' dir='ltr'>cxlix.</span> 
     </span>
     <span class='ocr_line' id='line_1_15' title="bbox 147 1083 1479 1167; baseline 0.001 -11"><span class='ocrx_word' id='word_1_103' title='bbox 147 1083 382 1167; x_wconf 43' lang='lat' dir='ltr'>Quomodo&amp;</span> <span class='ocrx_word' id='word_1_104' title='bbox 393 1120 478 1157; x_wconf 87' lang='lat' dir='ltr'>tres</span> <span class='ocrx_word' id='word_1_105' title='bbox 512 1114 620 1156; x_wconf 88' lang='lat' dir='ltr'>viros</span> <span class='ocrx_word' id='word_1_106' title='bbox 656 1114 706 1156; x_wconf 91' lang='lat' dir='ltr'>de</span> <span class='ocrx_word' id='word_1_107' title='bbox 729 1114 930 1156; x_wconf 85' lang='lat' dir='ltr'>Paradiso</span> <span class='ocrx_word' id='word_1_108' title='bbox 963 1113 1258 1157; x_wconf 80' lang='lat' dir='ltr'>descendentes</span> <span class='ocrx_word' id='word_1_109' title='bbox 1283 1116 1399 1166; x_wconf 89' lang='lat' dir='ltr'>vidit,</span> <span class='ocrx_word' id='word_1_110' title='bbox 1438 1121 1479 1157; x_wconf 92' lang='lat' dir='ltr'>et</span> 
     </span>
    </p>

    <p class='ocr_par' dir='ltr' id='par_1_8' title="bbox 205 1180 1479 1237">
     <span class='ocr_line' id='line_1_16' title="bbox 205 1180 1479 1237; baseline 0.002 -15"><span class='ocrx_word' id='word_1_111' title='bbox 205 1197 295 1237; x_wconf 80' lang='lat' dir='ltr'>quae</span> <span class='ocrx_word' id='word_1_112' title='bbox 317 1182 479 1223; x_wconf 89' lang='lat' dir='ltr'>illorum</span> <span class='ocrx_word' id='word_1_113' title='bbox 501 1196 588 1224; x_wconf 85' lang='lat' dir='ltr'>esse</span> <span class='ocrx_word' id='word_1_114' title='bbox 613 1181 781 1223; x_wconf 89' lang='lat' dir='ltr'>nomina</span> <span class='ocrx_word' id='word_1_115' title='bbox 808 1181 973 1234; x_wconf 81' lang='lat' dir='ltr'>dixerit,</span> <span class='ocrx_word' id='word_1_116' title='bbox 996 1182 1061 1224; x_wconf 86' lang='lat' dir='ltr'>vel</span> <span class='ocrx_word' id='word_1_117' title='bbox 1090 1180 1189 1236; x_wconf 90' lang='lat' dir='ltr'>quid</span> <span class='ocrx_word' id='word_1_118' title='bbox 1209 1197 1315 1224; x_wconf 85' lang='lat' dir='ltr'>unus</span> <span class='ocrx_word' id='word_1_119' title='bbox 1338 1198 1479 1224; x_wconf 87' lang='lat' dir='ltr'>eorum</span> 
     </span>
    </p>
   </div>
   <div class='ocr_carea' id='block_1_4' title="bbox 130 1248 1679 1708">
    <p class='ocr_par' dir='ltr' id='par_1_9' title="bbox 130 1248 1679 1505">
     <span class='ocr_line' id='line_1_17' title="bbox 206 1248 1678 1293; baseline 0.002 -4"><span class='ocrx_word' id='word_1_120' title='bbox 206 1248 257 1289; x_wconf 89' lang='lat' dir='ltr'>de</span> <span class='ocrx_word' id='word_1_121' title='bbox 279 1248 348 1289; x_wconf 90' lang='lat' dir='ltr'>illo</span> <span class='ocrx_word' id='word_1_122' title='bbox 370 1248 523 1290; x_wconf 80' lang='lat' dir='ltr'>dixerit</span> <span class='ocrx_word' id='word_1_123' title='bbox 610 1281 620 1291; x_wconf 86' lang='lat'><strong>.</strong></span> <span class='ocrx_word' id='word_1_124' title='bbox 1040 1283 1048 1291; x_wconf 95' lang='lat'>.</span> <span class='ocrx_word' id='word_1_125' title='bbox 1255 1282 1263 1291; x_wconf 93' lang='lat'><strong>.</strong></span> <span class='ocrx_word' id='word_1_126' title='bbox 1470 1283 1477 1292; x_wconf 87' lang='lat'><strong><em>.</em></strong></span> <span class='ocrx_word' id='word_1_127' title='bbox 1629 1251 1678 1293; x_wconf 93' lang='lat' dir='ltr'>cl.</span> 
     </span>
     <span class='ocr_line' id='line_1_18' title="bbox 147 1283 1480 1370; baseline 0.002 -14"><span class='ocrx_word' id='word_1_128' title='bbox 147 1315 337 1369; x_wconf 88' lang='lat' dir='ltr'>Qualiter</span> <span class='ocrx_word' id='word_1_129' title='bbox 369 1316 566 1357; x_wconf 80' lang='lat' dir='ltr'>Sanctam</span> <span class='ocrx_word' id='word_1_130' title='bbox 604 1315 784 1357; x_wconf 89' lang='lat' dir='ltr'>Mariam</span> <span class='ocrx_word' id='word_1_131' title='bbox 816 1283 972 1357; x_wconf 88' lang='lat' dir='ltr'>diutius</span> <span class='ocrx_word' id='word_1_132' title='bbox 1008 1315 1275 1365; x_wconf 78' lang='lat' dir='ltr'>invocaverit,</span> <span class='ocrx_word' id='word_1_133' title='bbox 1313 1331 1480 1370; x_wconf 89' lang='lat' dir='ltr'>quomo-</span> 
     </span>
     <span class='ocr_line' id='line_1_19' title="bbox 130 1382 1679 1440; baseline 0.001 -17"><span class='ocrx_word' id='word_1_134' title='bbox 130 1385 133 1386; x_wconf 66' lang='grc'>’</span> <span class='ocrx_word' id='word_1_135' title='bbox 205 1382 310 1424; x_wconf 89' lang='lat' dir='ltr'>dove</span> <span class='ocrx_word' id='word_1_136' title='bbox 332 1382 574 1432; x_wconf 82' lang='lat' dir='ltr'>cantaveiit,</span> <span class='ocrx_word' id='word_1_137' title='bbox 599 1382 684 1424; x_wconf 90' lang='lat' dir='ltr'>sive</span> <span class='ocrx_word' id='word_1_138' title='bbox 706 1382 805 1436; x_wconf 89' lang='lat' dir='ltr'>quid</span> <span class='ocrx_word' id='word_1_139' title='bbox 829 1388 928 1424; x_wconf 87' lang='lat' dir='ltr'>tunc</span> <span class='ocrx_word' id='word_1_140' title='bbox 948 1382 991 1423; x_wconf 92' lang='lat' dir='ltr'>in</span> <span class='ocrx_word' id='word_1_141' title='bbox 1016 1382 1162 1438; x_wconf 89' lang='lat' dir='ltr'>spiritu</span> <span class='ocrx_word' id='word_1_142' title='bbox 1178 1382 1328 1425; x_wconf 87' lang='lat' dir='ltr'>viderit</span> <span class='ocrx_word' id='word_1_143' title='bbox 1467 1417 1475 1425; x_wconf 88' lang='lat'>.</span> <span class='ocrx_word' id='word_1_144' title='bbox 1613 1383 1679 1440; x_wconf 87' lang='lat' dir='ltr'>clj.</span> 
     </span>
     <span class='ocr_line' id='line_1_20' title="bbox 146 1448 1476 1505; baseline 0.002 -15"><span class='ocrx_word' id='word_1_145' title='bbox 146 1449 335 1503; x_wconf 83' lang='lat' dir='ltr'>Qualiter</span> <span class='ocrx_word' id='word_1_146' title='bbox 355 1450 472 1491; x_wconf 89' lang='lat' dir='ltr'>semi·</span> <span class='ocrx_word' id='word_1_147' title='bbox 476 1448 624 1491; x_wconf 89' lang='lat' dir='ltr'>animis</span> <span class='ocrx_word' id='word_1_148' title='bbox 647 1464 747 1490; x_wconf 89' lang='lat' dir='ltr'>voce</span> <span class='ocrx_word' id='word_1_149' title='bbox 776 1449 886 1490; x_wconf 86' lang='lat' dir='ltr'>elata</span> <span class='ocrx_word' id='word_1_150' title='bbox 909 1449 1210 1505; x_wconf 87' lang='lat' dir='ltr'>Kyrieeleyson</span> <span class='ocrx_word' id='word_1_151' title='bbox 1231 1450 1476 1499; x_wconf 83' lang='lat' dir='ltr'>cantaverit,</span> 
     </span>
    </p>

    <p class='ocr_par' dir='ltr' id='par_1_10' title="bbox 147 1516 1677 1639">
     <span class='ocr_line' id='line_1_21' title="bbox 205 1516 1677 1576; baseline 0.002 -19"><span class='ocrx_word' id='word_1_152' title='bbox 205 1531 274 1557; x_wconf 89' lang='lat' dir='ltr'>seu</span> <span class='ocrx_word' id='word_1_153' title='bbox 297 1531 386 1570; x_wconf 84' lang='lat' dir='ltr'>quae</span> <span class='ocrx_word' id='word_1_154' title='bbox 408 1516 449 1556; x_wconf 90' lang='lat' dir='ltr'>in</span> <span class='ocrx_word' id='word_1_155' title='bbox 468 1516 566 1571; x_wconf 89' lang='lat' dir='ltr'>ipsa</span> <span class='ocrx_word' id='word_1_156' title='bbox 576 1516 678 1557; x_wconf 82' lang='lat' dir='ltr'>hoia</span> <span class='ocrx_word' id='word_1_157' title='bbox 699 1516 968 1571; x_wconf 85' lang='lat' dir='ltr'>spiritualiter</span> <span class='ocrx_word' id='word_1_158' title='bbox 989 1516 1138 1558; x_wconf 89' lang='lat' dir='ltr'>viderit</span> <span class='ocrx_word' id='word_1_159' title='bbox 1206 1550 1213 1554; x_wconf 57' lang='lat'>.‚</span> <span class='ocrx_word' id='word_1_160' title='bbox 1258 1550 1266 1558; x_wconf 91' lang='lat'><strong><em>.</em></strong></span> <span class='ocrx_word' id='word_1_161' title='bbox 1596 1519 1677 1576; x_wconf 81' lang='lat' dir='ltr'>clij.</span> 
     </span>
     <span class='ocr_line' id='line_1_22' title="bbox 147 1551 1481 1639; baseline 0.003 -16"><span class='ocrx_word' id='word_1_162' title='bbox 147 1582 258 1636; x_wconf 89' lang='lat' dir='ltr'>Quid</span> <span class='ocrx_word' id='word_1_163' title='bbox 278 1583 365 1624; x_wconf 77' lang='lat' dir='ltr'>vilo</span> <span class='ocrx_word' id='word_1_164' title='bbox 387 1582 441 1624; x_wconf 87' lang='lat' dir='ltr'>ad</span> <span class='ocrx_word' id='word_1_165' title='bbox 462 1598 504 1625; x_wconf 90' lang='lat' dir='ltr'>se</span> <span class='ocrx_word' id='word_1_166' title='bbox 525 1582 706 1624; x_wconf 89' lang='lat' dir='ltr'>venienti</span> <span class='ocrx_word' id='word_1_167' title='bbox 729 1582 894 1633; x_wconf 82' lang='lat' dir='ltr'>dixerit,</span> <span class='ocrx_word' id='word_1_168' title='bbox 915 1587 956 1624; x_wconf 88' lang='lat' dir='ltr'>et</span> <span class='ocrx_word' id='word_1_169' title='bbox 978 1583 1183 1638; x_wconf 85' lang='lat' dir='ltr'>quomodo</span> <span class='ocrx_word' id='word_1_170' title='bbox 1204 1599 1278 1639; x_wconf 90' lang='lat' dir='ltr'>pro</span> <span class='ocrx_word' id='word_1_171' title='bbox 1303 1599 1350 1626; x_wconf 92' lang='lat' dir='ltr'>eo</span> <span class='ocrx_word' id='word_1_172' title='bbox 1372 1551 1481 1639; x_wconf 85' lang='lat' dir='ltr'>quod</span> 
     </span>
    </p>

    <p class='ocr_par' dir='ltr' id='par_1_11' title="bbox 203 1649 1676 1708">
     <span class='ocr_line' id='line_1_23' title="bbox 203 1649 1676 1708; baseline 0.003 -18"><span class='ocrx_word' id='word_1_173' title='bbox 203 1665 377 1691; x_wconf 72' lang='lat' dir='ltr'>uxorem</span> <span class='ocrx_word' id='word_1_174' title='bbox 398 1649 643 1705; x_wconf 79' lang='lat' dir='ltr'>percusse1it</span> <span class='ocrx_word' id='word_1_175' title='bbox 668 1650 782 1691; x_wconf 91' lang='lat' dir='ltr'>illum</span> <span class='ocrx_word' id='word_1_176' title='bbox 802 1650 1060 1705; x_wconf 82' lang='lat' dir='ltr'>redaiguerit</span> <span class='ocrx_word' id='word_1_177' title='bbox 1252 1684 1261 1692; x_wconf 91' lang='lat'><strong>.</strong></span> <span class='ocrx_word' id='word_1_178' title='bbox 1468 1685 1478 1693; x_wconf 90' lang='lat'><em>.</em></span> <span class='ocrx_word' id='word_1_179' title='bbox 1582 1653 1676 1708; x_wconf 84' lang='lat' dir='ltr'>cliij.</span> 
     </span>
    </p>
   </div>
   <div class='ocr_carea' id='block_1_5' title="bbox 145 1715 1675 2242">
    <p class='ocr_par' dir='ltr' id='par_1_12' title="bbox 145 1715 1675 2242">
     <span class='ocr_line' id='line_1_24' title="bbox 148 1715 1478 1772; baseline 0.002 -15"><span class='ocrx_word' id='word_1_180' title='bbox 148 1716 335 1769; x_wconf 85' lang='lat' dir='ltr'>Qualiter</span> <span class='ocrx_word' id='word_1_181' title='bbox 364 1716 427 1758; x_wconf 87' lang='lat' dir='ltr'>vir</span> <span class='ocrx_word' id='word_1_182' title='bbox 463 1732 536 1771; x_wconf 91' lang='lat' dir='ltr'>pro</span> <span class='ocrx_word' id='word_1_183' title='bbox 574 1715 827 1758; x_wconf 88' lang='lat' dir='ltr'>infirmitatis</span> <span class='ocrx_word' id='word_1_184' title='bbox 861 1732 937 1772; x_wconf 89' lang='lat' dir='ltr'>ope</span> <span class='ocrx_word' id='word_1_185' title='bbox 972 1717 1027 1758; x_wconf 89' lang='lat' dir='ltr'>ad</span> <span class='ocrx_word' id='word_1_186' title='bbox 1067 1732 1231 1759; x_wconf 87' lang='lat' dir='ltr'>servum</span> <span class='ocrx_word' id='word_1_187' title='bbox 1270 1717 1350 1759; x_wconf 89' lang='lat' dir='ltr'>Dei</span> <span class='ocrx_word' id='word_1_188' title='bbox 1384 1734 1478 1760; x_wconf 90' lang='lat' dir='ltr'>con-</span> 
     </span>
     <span class='ocr_line' id='line_1_25' title="bbox 204 1782 1477 1839; baseline 0.003 -16"><span class='ocrx_word' id='word_1_189' title='bbox 204 1782 392 1831; x_wconf 86' lang='lat' dir='ltr'>currerit,</span> <span class='ocrx_word' id='word_1_190' title='bbox 418 1788 460 1824; x_wconf 91' lang='lat' dir='ltr'>et</span> <span class='ocrx_word' id='word_1_191' title='bbox 482 1782 686 1837; x_wconf 88' lang='lat' dir='ltr'>quomodo</span> <span class='ocrx_word' id='word_1_192' title='bbox 716 1788 898 1839; x_wconf 82' lang='lat' dir='ltr'>aegrotus</span> <span class='ocrx_word' id='word_1_193' title='bbox 920 1799 989 1825; x_wconf 92' lang='lat' dir='ltr'>esu</span> <span class='ocrx_word' id='word_1_194' title='bbox 1021 1784 1139 1839; x_wconf 87' lang='lat' dir='ltr'>panis</span> <span class='ocrx_word' id='word_1_195' title='bbox 1169 1784 1277 1827; x_wconf 91' lang='lat' dir='ltr'>illius</span> <span class='ocrx_word' id='word_1_196' title='bbox 1308 1791 1477 1828; x_wconf 85' lang='lat' dir='ltr'>sanatus</span> 
     </span>
     <span class='ocr_line' id='line_1_26' title="bbox 204 1849 1675 1896; baseline 0.003 -5"><span class='ocrx_word' id='word_1_197' title='bbox 204 1849 257 1891; x_wconf 87' lang='lat' dir='ltr'>sit</span> <span class='ocrx_word' id='word_1_198' title='bbox 386 1881 396 1890; x_wconf 88' lang='lat'><strong>.</strong></span> <span class='ocrx_word' id='word_1_199' title='bbox 599 1882 608 1891; x_wconf 84' lang='lat'><strong>.</strong></span> <span class='ocrx_word' id='word_1_200' title='bbox 815 1883 824 1892; x_wconf 92' lang='lat'><strong>.</strong></span> <span class='ocrx_word' id='word_1_201' title='bbox 1042 1884 1050 1892; x_wconf 93' lang='lat'>.</span> <span class='ocrx_word' id='word_1_202' title='bbox 1255 1884 1264 1893; x_wconf 92' lang='lat'><strong>.</strong></span> <span class='ocrx_word' id='word_1_203' title='bbox 1470 1886 1477 1894; x_wconf 93' lang='lat'><strong>.</strong></span> <span class='ocrx_word' id='word_1_204' title='bbox 1584 1854 1675 1896; x_wconf 88' lang='lat' dir='ltr'>cliv.</span> 
     </span>
     <span class='ocr_line' id='line_1_27' title="bbox 145 1913 1474 1970; baseline 0.004 -14"><span class='ocrx_word' id='word_1_205' title='bbox 145 1915 293 1968; x_wconf 87' lang='lat' dir='ltr'>Qualia</span> <span class='ocrx_word' id='word_1_206' title='bbox 316 1913 470 1957; x_wconf 86' lang='lat' dir='ltr'>Sancto</span> <span class='ocrx_word' id='word_1_207' title='bbox 501 1915 671 1958; x_wconf 85' lang='lat' dir='ltr'>Thomae</span> <span class='ocrx_word' id='word_1_208' title='bbox 711 1916 863 1958; x_wconf 88' lang='lat' dir='ltr'>domno</span> <span class='ocrx_word' id='word_1_209' title='bbox 890 1916 1176 1959; x_wconf 83' lang='lat' dir='ltr'>Oantuariensi</span> <span class='ocrx_word' id='word_1_210' title='bbox 1201 1918 1474 1970; x_wconf 88' lang='lat' dir='ltr'>mandaverit,</span> 
     </span>
     <span class='ocr_line' id='line_1_28' title="bbox 201 1980 1475 2039; baseline 0.003 -16"><span class='ocrx_word' id='word_1_211' title='bbox 201 1987 243 2023; x_wconf 90' lang='lat' dir='ltr'>et</span> <span class='ocrx_word' id='word_1_212' title='bbox 264 1980 351 2037; x_wconf 85' lang='lat' dir='ltr'>ejus</span> <span class='ocrx_word' id='word_1_213' title='bbox 382 1983 514 2025; x_wconf 87' lang='lat' dir='ltr'>sancti</span> <span class='ocrx_word' id='word_1_214' title='bbox 545 1981 637 2025; x_wconf 86' lang='lat' dir='ltr'>finis</span> <span class='ocrx_word' id='word_1_215' title='bbox 667 1983 915 2039; x_wconf 86' lang='lat' dir='ltr'>martyrium</span> <span class='ocrx_word' id='word_1_216' title='bbox 941 1985 1120 2039; x_wconf 88' lang='lat' dir='ltr'>quodam</span> <span class='ocrx_word' id='word_1_217' title='bbox 1145 2000 1379 2027; x_wconf 80' lang='lat' dir='ltr'>sermonum</span> <span class='ocrx_word' id='word_1_218' title='bbox 1411 1986 1475 2027; x_wconf 77' lang='lat' dir='ltr'>in-</span> 
     </span>
     <span class='ocr_line' id='line_1_29' title="bbox 202 2048 1674 2105; baseline 0.004 -15"><span class='ocrx_word' id='word_1_219' title='bbox 202 2048 359 2090; x_wconf 87' lang='lat' dir='ltr'>volucri</span> <span class='ocrx_word' id='word_1_220' title='bbox 380 2054 620 2105; x_wconf 89' lang='lat' dir='ltr'>tegumento</span> <span class='ocrx_word' id='word_1_221' title='bbox 640 2050 698 2091; x_wconf 93' lang='lat' dir='ltr'>illi</span> <span class='ocrx_word' id='word_1_222' title='bbox 723 2048 1036 2093; x_wconf 84' lang='lat' dir='ltr'>denunciaverit</span> <span class='ocrx_word' id='word_1_223' title='bbox 1251 2085 1258 2092; x_wconf 93' lang='lat'>.</span> <span class='ocrx_word' id='word_1_224' title='bbox 1468 2087 1475 2096; x_wconf 83' lang='lat'><strong>.</strong></span> <span class='ocrx_word' id='word_1_225' title='bbox 1598 2056 1674 2098; x_wconf 90' lang='lat' dir='ltr'>clv.</span> 
     </span>
     <span class='ocr_line' id='line_1_30' title="bbox 146 2115 1476 2173; baseline 0.005 -17"><span class='ocrx_word' id='word_1_226' title='bbox 146 2115 257 2168; x_wconf 89' lang='lat' dir='ltr'>Quid</span> <span class='ocrx_word' id='word_1_227' title='bbox 277 2115 424 2157; x_wconf 90' lang='lat' dir='ltr'>clerico</span> <span class='ocrx_word' id='word_1_228' title='bbox 459 2116 696 2172; x_wconf 84' lang='lat' dir='ltr'>peregrinas</span> <span class='ocrx_word' id='word_1_229' title='bbox 730 2117 916 2172; x_wconf 83' lang='lat' dir='ltr'>regiones</span> <span class='ocrx_word' id='word_1_230' title='bbox 946 2118 1111 2159; x_wconf 89' lang='lat' dir='ltr'>adituro</span> <span class='ocrx_word' id='word_1_231' title='bbox 1143 2119 1396 2173; x_wconf 70' lang='lat' dir='ltr'>praedixerit,</span> <span class='ocrx_word' id='word_1_232' title='bbox 1434 2126 1476 2162; x_wconf 93' lang='lat' dir='ltr'>et</span> 
     </span>
     <span class='ocr_line' id='line_1_31' title="bbox 202 2182 1473 2242; baseline 0.005 -19"><span class='ocrx_word' id='word_1_233' title='bbox 202 2182 378 2236; x_wconf 90' lang='lat' dir='ltr'>qualiter</span> <span class='ocrx_word' id='word_1_234' title='bbox 398 2198 518 2224; x_wconf 89' lang='lat' dir='ltr'>mane</span> <span class='ocrx_word' id='word_1_235' title='bbox 541 2183 659 2225; x_wconf 87' lang='lat' dir='ltr'>miles</span> <span class='ocrx_word' id='word_1_236' title='bbox 689 2184 744 2225; x_wconf 91' lang='lat' dir='ltr'>ad</span> <span class='ocrx_word' id='word_1_237' title='bbox 773 2184 890 2226; x_wconf 91' lang='lat' dir='ltr'>illum</span> <span class='ocrx_word' id='word_1_238' title='bbox 911 2185 1085 2233; x_wconf 85' lang='lat' dir='ltr'>venerit,</span> <span class='ocrx_word' id='word_1_239' title='bbox 1113 2185 1230 2242; x_wconf 84' lang='lat' dir='ltr'>cujus</span> <span class='ocrx_word' id='word_1_240' title='bbox 1257 2186 1373 2229; x_wconf 89' lang='lat' dir='ltr'>nobis</span> <span class='ocrx_word' id='word_1_241' title='bbox 1401 2187 1473 2228; x_wconf 88' lang='lat' dir='ltr'>ad-</span> 
     </span>
    </p>
   </div>
   <div class='ocr_carea' id='block_1_6' title="bbox 145 2250 1673 2576">
    <p class='ocr_par' dir='ltr' id='par_1_13' title="bbox 145 2250 1673 2376">
     <span class='ocr_line' id='line_1_32' title="bbox 200 2250 1673 2311; baseline 0.005 -21"><span class='ocrx_word' id='word_1_242' title='bbox 200 2254 372 2290; x_wconf 86' lang='lat' dir='ltr'>ventum</span> <span class='ocrx_word' id='word_1_243' title='bbox 392 2265 559 2305; x_wconf 87' lang='lat' dir='ltr'>vespere</span> <span class='ocrx_word' id='word_1_244' title='bbox 581 2250 843 2305; x_wconf 81' lang='lat' dir='ltr'>praecedente</span> <span class='ocrx_word' id='word_1_245' title='bbox 865 2251 1107 2306; x_wconf 79' lang='lat' dir='ltr'>praedixerit</span> <span class='ocrx_word' id='word_1_246' title='bbox 1246 2285 1254 2294; x_wconf 93' lang='lat'><strong>.</strong></span> <span class='ocrx_word' id='word_1_247' title='bbox 1462 2287 1470 2296; x_wconf 94' lang='lat'><strong>.</strong></span> <span class='ocrx_word' id='word_1_248' title='bbox 1581 2254 1673 2311; x_wconf 83' lang='lat' dir='ltr'>clvj.</span> 
     </span>
     <span class='ocr_line' id='line_1_33' title="bbox 145 2315 1474 2376; baseline 0.005 -20"><span class='ocrx_word' id='word_1_249' title='bbox 145 2315 361 2368; x_wconf 89' lang='lat' dir='ltr'>Quomodo</span> <span class='ocrx_word' id='word_1_250' title='bbox 385 2316 512 2358; x_wconf 92' lang='lat' dir='ltr'>nobili</span> <span class='ocrx_word' id='word_1_251' title='bbox 539 2321 737 2358; x_wconf 80' lang='lat' dir='ltr'>matronae</span> <span class='ocrx_word' id='word_1_252' title='bbox 768 2317 949 2359; x_wconf 84' lang='lat' dir='ltr'>reditum</span> <span class='ocrx_word' id='word_1_253' title='bbox 970 2318 1047 2359; x_wconf 92' lang='lat' dir='ltr'>viri</span> <span class='ocrx_word' id='word_1_254' title='bbox 1082 2319 1144 2360; x_wconf 90' lang='lat' dir='ltr'>sui</span> <span class='ocrx_word' id='word_1_255' title='bbox 1176 2320 1474 2376; x_wconf 85' lang='lat' dir='ltr'>peregrinantis</span> 
     </span>
    </p>

    <p class='ocr_par' dir='ltr' id='par_1_14' title="bbox 145 2382 1673 2508">
     <span class='ocr_line' id='line_1_34' title="bbox 201 2382 1673 2443; baseline 0.005 -21"><span class='ocrx_word' id='word_1_256' title='bbox 201 2382 452 2436; x_wconf 82' lang='lat' dir='ltr'>praedixerit,</span> <span class='ocrx_word' id='word_1_257' title='bbox 478 2398 526 2424; x_wconf 85' lang='lat' dir='ltr'>ac</span> <span class='ocrx_word' id='word_1_258' title='bbox 546 2388 593 2424; x_wconf 92' lang='lat' dir='ltr'>ut</span> <span class='ocrx_word' id='word_1_259' title='bbox 616 2383 723 2425; x_wconf 85' lang='lat' dir='ltr'>dixit</span> <span class='ocrx_word' id='word_1_260' title='bbox 746 2384 979 2426; x_wconf 85' lang='lat' dir='ltr'>exhibuerit</span> <span class='ocrx_word' id='word_1_261' title='bbox 1037 2418 1045 2426; x_wconf 93' lang='lat'><strong>.</strong></span> <span class='ocrx_word' id='word_1_262' title='bbox 1252 2420 1260 2428; x_wconf 92' lang='lat'>.</span> <span class='ocrx_word' id='word_1_263' title='bbox 1467 2421 1474 2430; x_wconf 87' lang='lat'><strong>.</strong></span> <span class='ocrx_word' id='word_1_264' title='bbox 1565 2388 1673 2443; x_wconf 85' lang='lat' dir='ltr'>clvij.</span> 
     </span>
     <span class='ocr_line' id='line_1_35' title="bbox 145 2448 1473 2508; baseline 0.005 -19"><span class='ocrx_word' id='word_1_265' title='bbox 145 2448 331 2502; x_wconf 86' lang='lat' dir='ltr'>Qualiter</span> <span class='ocrx_word' id='word_1_266' title='bbox 357 2448 459 2491; x_wconf 84' lang='lat' dir='ltr'>flatu</span> <span class='ocrx_word' id='word_1_267' title='bbox 490 2450 598 2491; x_wconf 81' lang='lat' dir='ltr'>illius</span> <span class='ocrx_word' id='word_1_268' title='bbox 622 2455 759 2492; x_wconf 90' lang='lat' dir='ltr'>tumor</span> <span class='ocrx_word' id='word_1_269' title='bbox 774 2451 921 2505; x_wconf 59' lang='lat' dir='ltr'>‘gravis</span> <span class='ocrx_word' id='word_1_270' title='bbox 950 2451 1208 2503; x_wconf 82' lang='lat' dir='ltr'>abscesserit,</span> <span class='ocrx_word' id='word_1_271' title='bbox 1232 2458 1273 2495; x_wconf 88' lang='lat' dir='ltr'>et</span> <span class='ocrx_word' id='word_1_272' title='bbox 1298 2454 1473 2508; x_wconf 88' lang='lat' dir='ltr'>qualiter</span> 
     </span>
    </p>

    <p class='ocr_par' dir='ltr' id='par_1_15' title="bbox 203 2515 1670 2576">
     <span class='ocr_line' id='line_1_36' title="bbox 203 2515 1670 2576; baseline 0.007 -21"><span class='ocrx_word' id='word_1_273' title='bbox 203 2515 653 2557; x_wconf 89' lang='lat' dir='ltr'>Post-communionem</span> <span class='ocrx_word' id='word_1_274' title='bbox 678 2517 906 2559; x_wconf 88' lang='lat' dir='ltr'>cantaverit</span> <span class='ocrx_word' id='word_1_275' title='bbox 1031 2550 1040 2559; x_wconf 90' lang='lat'><strong>.</strong></span> <span class='ocrx_word' id='word_1_276' title='bbox 1246 2552 1254 2561; x_wconf 91' lang='lat'><strong><em>.</em></strong></span> <span class='ocrx_word' id='word_1_277' title='bbox 1459 2555 1468 2564; x_wconf 91' lang='lat'><strong>.</strong></span> <span class='ocrx_word' id='word_1_278' title='bbox 1549 2522 1670 2576; x_wconf 81' lang='lat' dir='ltr'>clviij.</span> 
     </span>
    </p>
   </div>
   <div class='ocr_carea' id='block_1_7' title="bbox 144 2581 1472 2708">
    <p class='ocr_par' dir='ltr' id='par_1_16' title="bbox 144 2581 1472 2708">
     <span class='ocr_line' id='line_1_37' title="bbox 144 2581 1472 2641; baseline 0.005 -19"><span class='ocrx_word' id='word_1_279' title='bbox 144 2581 342 2634; x_wconf 82' lang='lat' dir='ltr'>Qualiter,</span> <span class='ocrx_word' id='word_1_280' title='bbox 368 2582 486 2624; x_wconf 89' lang='lat' dir='ltr'>nobis</span> <span class='ocrx_word' id='word_1_281' title='bbox 506 2582 803 2637; x_wconf 83' lang='lat' dir='ltr'>ignorantibus,</span> <span class='ocrx_word' id='word_1_282' title='bbox 820 2584 877 2625; x_wconf 48' lang='lat' dir='ltr'>*de</span> <span class='ocrx_word' id='word_1_283' title='bbox 906 2600 1001 2640; x_wconf 85' lang='lat' dir='ltr'>rege</span> <span class='ocrx_word' id='word_1_284' title='bbox 1029 2601 1155 2640; x_wconf 89' lang='lat' dir='ltr'>puero</span> <span class='ocrx_word' id='word_1_285' title='bbox 1182 2601 1312 2641; x_wconf 87' lang='lat' dir='ltr'>nuper</span> <span class='ocrx_word' id='word_1_286' title='bbox 1333 2587 1472 2628; x_wconf 85' lang='lat' dir='ltr'>futuro</span> 
     </span>
     <span class='ocr_line' id='line_1_38' title="bbox 201 2648 1471 2708; baseline 0.006 -20"><span class='ocrx_word' id='word_1_287' title='bbox 201 2648 319 2690; x_wconf 87' lang='lat' dir='ltr'>nobis</span> <span class='ocrx_word' id='word_1_288' title='bbox 354 2649 605 2703; x_wconf 81' lang='lat' dir='ltr'>praedixerit,</span> <span class='ocrx_word' id='word_1_289' title='bbox 635 2650 743 2704; x_wconf 88' lang='lat' dir='ltr'>quod</span> <span class='ocrx_word' id='word_1_290' title='bbox 778 2656 872 2705; x_wconf 89' lang='lat' dir='ltr'>post</span> <span class='ocrx_word' id='word_1_291' title='bbox 903 2650 990 2706; x_wconf 83' lang='lat' dir='ltr'>ejus</span> <span class='ocrx_word' id='word_1_292' title='bbox 1020 2652 1179 2694; x_wconf 91' lang='lat' dir='ltr'>obitum</span> <span class='ocrx_word' id='word_1_293' title='bbox 1210 2653 1253 2694; x_wconf 92' lang='lat' dir='ltr'>in</span> <span class='ocrx_word' id='word_1_294' title='bbox 1284 2654 1471 2708; x_wconf 90' lang='lat' dir='ltr'>proximo</span> 
     </span>
    </p>
   </div>
   <div class='ocr_carea' id='block_1_8' title="bbox 145 2715 1671 2898">
    <p class='ocr_par' dir='ltr' id='par_1_17' title="bbox 145 2715 1671 2898">
     <span class='ocr_line' id='line_1_39' title="bbox 201 2715 1671 2770; baseline 0.006 -15"><span class='ocrx_word' id='word_1_295' title='bbox 201 2715 374 2770; x_wconf 88' lang='lat' dir='ltr'>contigit</span> <span class='ocrx_word' id='word_1_296' title='bbox 390 2748 398 2756; x_wconf 88' lang='lat'><strong><em>.</em></strong></span> <span class='ocrx_word' id='word_1_297' title='bbox 603 2749 613 2757; x_wconf 92' lang='lat'><strong>.</strong></span> <span class='ocrx_word' id='word_1_298' title='bbox 818 2750 827 2758; x_wconf 91' lang='lat'><strong>.</strong></span> <span class='ocrx_word' id='word_1_299' title='bbox 1032 2752 1040 2761; x_wconf 94' lang='lat'>.</span> <span class='ocrx_word' id='word_1_300' title='bbox 1246 2752 1255 2760; x_wconf 89' lang='lat'><strong>.</strong></span> <span class='ocrx_word' id='word_1_301' title='bbox 1461 2753 1469 2762; x_wconf 89' lang='lat'><strong>.</strong></span> <span class='ocrx_word' id='word_1_302' title='bbox 1575 2721 1671 2766; x_wconf 87' lang='lat' dir='ltr'>clix.</span> 
     </span>
     <span class='ocr_line' id='line_1_40' title="bbox 145 2780 1468 2839; baseline 0.005 -18"><span class='ocrx_word' id='word_1_303' title='bbox 145 2780 266 2834; x_wconf 89' lang='lat' dir='ltr'>Quod</span> <span class='ocrx_word' id='word_1_304' title='bbox 287 2781 471 2836; x_wconf 81' lang='lat' dir='ltr'>Angelos</span> <span class='ocrx_word' id='word_1_305' title='bbox 493 2781 572 2822; x_wconf 91' lang='lat' dir='ltr'>Dei</span> <span class='ocrx_word' id='word_1_306' title='bbox 594 2783 804 2825; x_wconf 90' lang='lat' dir='ltr'>multoties</span> <span class='ocrx_word' id='word_1_307' title='bbox 833 2799 972 2826; x_wconf 87' lang='lat' dir='ltr'>secum</span> <span class='ocrx_word' id='word_1_308' title='bbox 1000 2785 1276 2839; x_wconf 86' lang='lat' dir='ltr'>colloquentes</span> <span class='ocrx_word' id='word_1_309' title='bbox 1306 2785 1468 2837; x_wconf 87' lang='lat' dir='ltr'>viderit,</span> 
     </span>
     <span class='ocr_line' id='line_1_41' title="bbox 200 2847 1669 2898; baseline 0.007 -11"><span class='ocrx_word' id='word_1_310' title='bbox 200 2862 249 2888; x_wconf 89' lang='lat' dir='ltr'>ac</span> <span class='ocrx_word' id='word_1_311' title='bbox 273 2847 445 2888; x_wconf 86' lang='lat' dir='ltr'>coetibus</span> <span class='ocrx_word' id='word_1_312' title='bbox 464 2847 625 2889; x_wconf 91' lang='lat' dir='ltr'>illorum</span> <span class='ocrx_word' id='word_1_313' title='bbox 648 2849 834 2891; x_wconf 88' lang='lat' dir='ltr'>interfuit</span> <span class='ocrx_word' id='word_1_314' title='bbox 1037 2884 1045 2891; x_wconf 96' lang='lat'>.</span> <span class='ocrx_word' id='word_1_315' title='bbox 1251 2885 1259 2892; x_wconf 92' lang='lat'><strong>.</strong></span> <span class='ocrx_word' id='word_1_316' title='bbox 1466 2888 1473 2895; x_wconf 95' lang='lat'><strong>.</strong></span> <span class='ocrx_word' id='word_1_317' title='bbox 1589 2856 1669 2898; x_wconf 86' lang='lat' dir='ltr'>clx.</span> 
     </span>
    </p>
   </div>
   <div class='ocr_carea' id='block_1_9' title="bbox 144 2913 1466 2970">
    <p class='ocr_par' dir='ltr' id='par_1_18' title="bbox 144 2913 1466 2970">
     <span class='ocr_line' id='line_1_42' title="bbox 144 2913 1466 2970; baseline 0.006 -17"><span class='ocrx_word' id='word_1_318' title='bbox 144 2913 330 2965; x_wconf 85' lang='lat' dir='ltr'>Qualiter</span> <span class='ocrx_word' id='word_1_319' title='bbox 352 2913 575 2970; x_wconf 87' lang='lat' dir='ltr'>Symonem</span> <span class='ocrx_word' id='word_1_320' title='bbox 599 2915 749 2970; x_wconf 79' lang='lat' dir='ltr'>saepius</span> <span class='ocrx_word' id='word_1_321' title='bbox 767 2917 951 2958; x_wconf 88' lang='lat' dir='ltr'>canendo</span> <span class='ocrx_word' id='word_1_322' title='bbox 970 2917 1175 2968; x_wconf 84' lang='lat' dir='ltr'>invocans,</span> <span class='ocrx_word' id='word_1_323' title='bbox 1201 2919 1466 2968; x_wconf 82' lang='lat' dir='ltr'>salutaverit;</span> 
     </span>
    </p>
   </div>
  </div>
 </body>
</html>
