1839 3186
186 190 270 229 450
718 194 950 226 LIBELLUS
981 193 1046 225 DE
1078 192 1194 224 VITA

187 301 479 356 deportaturos
510 298 786 354 sepulchrum,
815 302 855 339 et
877 298 946 351 qui
968 312 1050 352 prae
1073 302 1224 338 tenerae
1238 294 1473 351 juventutis
1493 293 1718 349 fragilitate

186 382 360 422 puerum
384 366 524 408 videre
546 380 628 406 non
661 379 778 420 posse
809 364 1044 413 subsistere,
1059 362 1151 419 jam
1173 378 1225 404 ex
1246 362 1435 418 potentia
1454 360 1621 403 virtutis
1641 361 1718 402 viri

186 434 267 475 Dei
301 433 525 474 eredebant
563 432 753 487 spiritum
791 430 1036 472 seminecem
1056 445 1173 486 posse
1209 429 1465 471 reviviscere.
1529 427 1617 468 Nec
1650 442 1718 469 eos

186 515 260 542 sua
296 515 387 555 spes
422 499 580 541 fefellit.
645 498 792 552 Itaque
824 513 997 552 puerum
1022 497 1300 551 corripientes,
1324 496 1420 537 illue
1449 498 1717 550 properantes

186 582 433 622 praevenere,
458 566 531 607 sed
561 565 692 606 noetis
729 564 910 605 tenebris
944 563 1209 614 irruentibus,
1233 577 1407 617 puerum
1427 562 1500 603 vix
1520 559 1612 616 jam
1646 575 1717 601 ex-

185 639 340 674 tremos
372 632 579 673 anhelitus
613 631 850 672 trahentem
885 630 939 671 ad
970 635 1095 685 caput
1117 629 1321 685 sepulchri
1338 642 1569 683 reposuere.
1630 626 1718 668 Goe-

186 700 330 755 pitque
353 714 455 754 puer
479 698 595 753 quasi
629 697 704 739 sub
725 696 990 738 festinatione
1021 696 1254 751 spirituales
1284 694 1407 737 flatus
1437 709 1510 749 per
1531 698 1719 735 extrema

185 766 347 807 narium
380 765 584 806 trahendo
618 778 851 819 perurgere,
875 768 916 804 et
938 763 1068 805 solam
1101 763 1239 804 exitus
1272 763 1334 804 sui
1367 762 1512 802 horam
1546 765 1718 816 praesto-

186 832 316 873 tando
349 831 564 873 sustinere.
627 830 744 871 Tunc
779 834 898 885 pater
929 834 970 870 et
994 834 1127 871 mater
1156 844 1250 870 cum
1286 828 1405 870 sociis
1436 842 1592 882 coepere
1625 841 1718 867 cum

187 898 367 940 lacrimis
403 896 690 952 conquerendo
728 897 878 952 rugire,
919 896 1109 937 manibus
1150 900 1319 951 pectora
1363 894 1550 943 tundere,
1593 893 1717 934 incla-

187 969 349 1006 mantes
374 969 415 1006 et
437 965 621 1006 dicentes
645 963 804 1018 saepius,
823 968 849 985 “
866 962 1019 1004 Sancte
1041 963 1135 1013 Dei,
1157 962 1223 1017 pie
1245 966 1363 1017 pater
1385 960 1576 1010 Godrice,
1600 960 1720 1000 mise-

187 1047 289 1083 rere,
313 1030 547 1073 miserere.”
599 1030 662 1071 At
691 1035 832 1071 tamen
853 1045 1025 1084 quaeque
1047 1029 1252 1084 condigna
1273 1036 1314 1070 et
1334 1027 1564 1069 necessaria
1587 1026 1720 1067 funeri

188 1099 490 1154 praeparabant,
531 1097 627 1151 quia
666 1112 807 1138 omnes
847 1097 969 1138 simul
1012 1096 1081 1151 qui
1124 1096 1298 1137 aderant
1335 1095 1452 1135 illum
1485 1108 1568 1135 non
1602 1107 1719 1148 posse

188 1165 344 1206 diutius
364 1164 502 1206 vivere
525 1179 618 1205 cum
640 1163 782 1205 multis
806 1163 1125 1205 attestationum
1156 1162 1423 1204 sacramentis
1444 1160 1719 1202 affirmabant.

190 1232 293 1272 Post
312 1232 433 1272 horas
453 1236 595 1272 tamen
622 1230 792 1285 aliquot,
823 1230 977 1271 Sancto
1003 1229 1084 1271 Dei
1104 1230 1338 1279 miserante,
1366 1227 1487 1283 coepit
1517 1226 1648 1268 levius
1678 1230 1720 1265 et

188 1298 335 1339 melius
359 1298 536 1346 habere;
573 1302 614 1338 et
637 1302 802 1338 noctem
826 1302 961 1338 totam
986 1297 1047 1337 ita
1078 1295 1336 1352 gemebunde
1358 1294 1615 1350 protrahens,
1630 1290 1721 1348 jam

188 1380 309 1406 mane
334 1364 443 1405 facto
465 1368 661 1419 percepta
681 1363 735 1404 ad
755 1363 962 1418 integrum
988 1363 1199 1418 sospitate,
1222 1362 1403 1417 perfecte
1424 1360 1721 1402 convalescere.

191 1431 314 1484 Quod
350 1436 541 1486 parentes
577 1429 663 1485 ejus
708 1435 1012 1486 cognoscentes,
1048 1430 1165 1471 illum
1202 1429 1310 1469 inter
1348 1427 1518 1469 brachia
1554 1426 1722 1467 deoscu-

191 1499 324 1539 lantes
365 1497 632 1548 sustulerunt,
666 1502 707 1538 et
739 1496 850 1538 omni
885 1497 1009 1538 tussis
1049 1495 1239 1538 molestia
1269 1495 1435 1551 penitus
1475 1493 1722 1542 adnihilata,

191 1579 313 1619 quem
337 1564 407 1605 illo
431 1564 677 1605 seminecem
699 1563 948 1614 detulerant,
972 1563 1142 1605 domun]
1174 1577 1312 1604 secum
1334 1562 1512 1603 alacrem
1534 1565 1576 1601 et
1597 1559 1723 1601 sanis-

193 1631 343 1673 simum
365 1631 612 1672 referebant.

253 1697 357 1738 Haec
380 1712 455 1738 nos
488 1712 582 1738 cum
618 1696 760 1738 multis
795 1696 972 1738 testibus
1009 1697 1066 1737 ibi
1087 1696 1266 1737 vidimus
1297 1700 1338 1736 et
1365 1694 1612 1743 audivimus,
1636 1696 1677 1733 et
1699 1707 1724 1732 a

193 1764 434 1820 parentibus
456 1764 552 1813 suis,
577 1764 646 1817 qui
676 1763 773 1804 illuc
797 1763 933 1818 ipsum
958 1763 1008 1804 de
1031 1762 1129 1803 villa
1156 1778 1245 1816 quae
1268 1760 1535 1803 Gatesheued
1558 1759 1722 1808 dicitur,

194 1831 445 1879 detulerant,
472 1835 586 1871 certa
605 1829 804 1871 relatione
827 1829 1081 1871 didiscimus.

520 1991 647 2016 CXCIX.
686 1992 737 2016 DE
768 1992 951 2018 MULIERE
982 1993 1159 2018 INFLATA
1195 1993 1243 2017 ΕΤ
1273 1992 1412 2017 ARIDA.

255 2093 272 2145 ἓ
296 2091 392 2137 577.
432 2093 605 2133 MULIER
626 2093 814 2146 quaedam
837 2094 887 2134 de
911 2093 1140 2134 Her-dwich
1164 2098 1253 2134 toto
1275 2107 1443 2146 corpore
1464 2091 1595 2132 multo
1617 2095 1724 2131 tem-

196 2174 293 2213 pore
329 2157 485 2208 inflata,
516 2174 610 2199 cum
642 2159 793 2200 domna
822 2160 948 2214 ipsius
973 2160 1079 2201 villae
1104 2159 1134 2199 J
1138 2159 1276 2200 uliana
1306 2159 1374 2199 illo
1411 2163 1472 2199 est
1494 2157 1721 2212 perducta3

197 2241 286 2279 quae
309 2231 396 2266 tam
431 2225 644 2266 mortifero
680 2240 828 2279 genere
869 2224 1154 2267 2111flatione1n
1191 2240 1307 2267 suam
1344 2226 1585 2273 incurrerat,
1618 2222 1727 2277 quod

198 2292 378 2346 corporis
408 2291 470 2331 sui
506 2291 692 2332 membra
722 2306 924 2345 nusquam
959 2307 1122 2333 movere
1159 2307 1229 2333 seu
1257 2290 1421 2332 flectere
1446 2290 1723 2345 praevalebat,

248 2388 255 2407 ¹
277 2386 505 2434 Didiscimus]
533 2389 554 2406 “
566 2388 654 2421 Puer
671 2387 808 2432 quidam
826 2387 938 2421 binius
956 2387 1012 2432 qui
1030 2387 1141 2421 adhuc
1158 2399 1177 2420 a
1193 2386 1311 2420 matris
1328 2386 1488 2419 uberibus
1506 2384 1727 2431 dependebat,

197 2438 267 2467 tam
286 2434 477 2468 vehementi
495 2434 586 2468 sicca
603 2435 688 2467 tussi
711 2434 978 2475 concutiebatur,
1002 2440 1040 2467 ut
1066 2434 1180 2467 statim
1199 2434 1302 2466 vitam
1320 2432 1452 2466 videtur
1468 2433 1592 2465 efflare.
1643 2431 1727 2464 Inde

196 2480 245 2513 sic
263 2480 459 2515 debilitatus
477 2487 540 2524 est,
558 2486 595 2514 ut
608 2480 817 2524 judicaretur
834 2480 868 2513 in
885 2480 977 2513 brevi
995 2480 1184 2513 necessario
1201 2479 1396 2514 moriturus.
1447 2479 1607 2511 Parentes
1625 2477 1727 2522 igitur

196 2527 309 2560 moesti
328 2527 371 2560 ad
391 2527 582 2573 sepulerum
601 2526 714 2560 Sancti
734 2526 873 2560 Godrici
900 2538 1039 2571 puerum
1060 2526 1263 2570 detulerunt,
1282 2526 1340 2559 ubi
1360 2527 1479 2569 jacens
1496 2525 1538 2558 ad
1556 2530 1658 2569 caput
1675 2535 1728 2556 se-

196 2573 304 2617 pulcri
322 2574 425 2619 coepit
442 2580 603 2618 tanquam
628 2573 663 2606 in
688 2573 850 2606 extremis
875 2584 977 2617 agens
1004 2573 1103 2606 flatus
1129 2573 1267 2606 ultimos
1284 2582 1472 2617 perurgere.
1523 2571 1651 2604 Omnes
1669 2569 1726 2614 qui

196 2619 335 2653 aderant
359 2620 581 2665 proculdubio
610 2618 804 2653 asserebant
833 2619 944 2664 ipsum
971 2619 1012 2652 ab
1039 2619 1104 2652 hoc
1133 2618 1275 2652 articulo
1299 2618 1491 2651 nullatenus
1522 2628 1726 2656 evasurum3

196 2665 285 2698 unde
304 2667 435 2710 cognati
458 2668 530 2710 jam
552 2665 661 2699 funeri
686 2666 875 2698 neccssaria
897 2665 1139 2710 praeparabant.
1190 2665 1351 2698 Parentes
1369 2675 1446 2697 vero
1463 2663 1613 2706 infantis,
1629 2662 1727 2695 lacri-

194 2712 319 2744 mando
351 2713 475 2757 saepius
502 2712 731 2746 inclamabant
746 2724 752 2746 :
787 2714 798 2730 ‘
812 2712 934 2745 Sancte
964 2711 1028 2744 Dei
1058 2711 1216 2754 Godrice,
1250 2711 1382 2755 adjuva,
1412 2709 1594 2743 miserere.'
1645 2708 1727 2741 Post

197 2757 446 2802 aliquantulum
474 2765 609 2804 tempus
633 2758 736 2804 coepit
761 2757 871 2791 infans
896 2758 1018 2791 melius
1046 2757 1181 2801 habere,
1210 2758 1258 2791 sic
1289 2766 1403 2790 tamen
1432 2756 1588 2789 laborans
1622 2759 1729 2788 totam

196 2809 332 2837 noctem
351 2804 450 2838 duxit
467 2805 668 2839 insomnem.
703 2804 808 2837 Mane
825 2804 923 2848 facto,
942 2804 1090 2849 perfecta
1107 2804 1250 2837 sanitate
1267 2802 1448 2847 convaluit,
1463 2808 1496 2835 et
1513 2802 1577 2835 fuit
1594 2811 1729 2846 prorsus

197 2850 240 2883 ab
257 2850 348 2884 illius
365 2851 468 2884 tussis
486 2850 701 2884 incommodo
718 2850 1079 2885 liberatus.’'-—Anon,
1101 2850 1194 2884 Harl.
1214 2849 1360 2894 Legend.

245 2896 257 2914 ²
277 2895 488 2941 Irfiatz'onem
506 2897 624 2942 suam]
648 2897 691 2929 So
710 2896 767 2930 the
786 2897 951 2930 Bodleian
970 2896 1045 2930 MS.
