1839 3186
186 164 270 205 460
710 171 946 203 LIBELLUS
981 171 1046 202 DE
1081 171 1198 202 VITA

186 293 299 319 mam
320 278 619 333 postulaturus,
646 276 829 318 advenit.
902 277 993 329 Quo
1018 277 1074 318 ibi
1108 277 1150 317 in
1179 275 1333 317 mentis
1370 290 1541 318 excessu
1573 277 1721 333 posito,

188 359 294 394 ecce,
317 349 480 400 martyr
502 342 582 383 Dei
607 342 754 394 astitit,
777 348 818 384 et
840 342 942 384 talia
966 348 1200 398 protestans
1229 343 1351 393 dixit,
1376 346 1400 364 ‘⁶
1420 343 1556 396 Quare
1577 359 1650 386 vos
1672 344 1723 384 de

189 411 491 466 Northymbria
511 409 566 450 ad
587 424 652 450 me
672 409 753 450 huc
774 409 937 460 venitis,
959 425 1052 451 cum
1077 415 1267 452 sanctum
1290 408 1569 451 Outhbertum
1589 411 1722 451 multo

187 492 254 518 me
281 477 578 532 pretiosiorem,
603 481 644 517 et
669 481 859 517 sanctum
885 475 1112 517 Godricum
1139 477 1221 517 mei
1243 480 1488 526 consortem,
1511 476 1553 517 in
1574 475 1724 518 finibus

189 544 336 586 vestris
371 543 587 585 habeatis?
648 542 738 584 Vos
773 558 869 584 vero
904 558 993 596 quae
1025 543 1166 598 petitis
1199 543 1251 584 ab
1289 543 1346 583 eis
1383 547 1602 597 propterea
1639 554 1731 584 non‘

189 610 386 652 obtinetis
408 610 504 665 quia
536 608 661 650 fidem
696 609 825 650 talem
853 609 1016 663 qualem
1038 609 1238 651 debuistis
1273 609 1315 649 in
1353 608 1410 649 eis
1439 624 1521 649 non
1544 610 1720 660 habetis,

189 692 265 718 nec
298 677 497 718 honorem
533 675 720 717 debitum
757 675 815 717 eis
846 691 940 716 cum
971 676 1203 717 reverentia
1225 690 1305 729 qua
1327 675 1528 717 debuistis
1559 676 1616 717 eis
1646 675 1722 717 im-

189 743 383 799 penditis.
446 741 554 783 Redi
584 742 713 797 igitur
744 757 868 796 quam
907 742 1044 792 citius,
1069 742 1165 796 quia
1193 741 1371 783 Sanctus
1394 741 1650 783 Outhbertus
1681 746 1722 783 et

191 825 266 865 ego
303 825 397 851 curn
434 809 589 855 Sancto
615 807 796 849 Godrico
831 808 901 849 illo
934 808 1158 859 veniemus,
1183 812 1224 849 et
1256 808 1375 863 plura
1409 807 1466 848 ibi
1500 823 1623 862 quam
1654 808 1721 849 1116

191 876 418 918 sanitatum
442 875 642 917 miracula
673 874 824 916 facturi
855 874 1038 917 sumus.”
1109 875 1190 928 Qui
1222 875 1303 916 ista
1337 874 1516 916 referens
1548 874 1601 915 ad
1625 874 1725 916 Fin-

191 943 307 984 chale
328 942 524 991 advenit,
560 946 602 983 et
624 946 670 982 ut
699 942 736 982 ei
764 941 1008 996 praedictum
1035 942 1183 992 fuerat,
1207 940 1264 983 ibi
1285 940 1507 982 sanitatem
1528 941 1724 996 percepit.

191 1009 262 1050 Ex
286 1009 433 1063 quibus
464 1008 565 1050 satis
600 1007 832 1050 ostenditur
864 1008 1010 1062 quanti
1039 1007 1178 1049 meriti
1201 1007 1380 1049 Sanctus
1402 1006 1656 1050 Outhbertus
1681 1012 1722 1048 et

191 1077 338 1118 beatus
361 1075 566 1117 Godricus
587 1090 726 1117 coram
748 1090 834 1117 esse
858 1075 1038 1116 Domino
1061 1074 1072 1096 ¹
1086 1079 1343 1117 censeantur.

546 1267 679 1293 CCVIII.
712 1267 764 1292 DE
794 1266 871 1292 OVE
902 1266 1166 1292 SEMIMORTUA
1198 1266 1371 1292 SANATA.

252 1370 274 1424 ᾗ
298 1372 396 1412 589.
444 1369 580 1410 MILEs
602 1369 784 1423 quidam,
809 1369 973 1410 Alanus
992 1369 1170 1419 nomine,
1194 1369 1294 1410 satis
1314 1368 1552 1410 notissimus
1574 1372 1662 1408 erat
1682 1368 1725 1408 in

193 1436 383 1491 proxima
402 1435 599 1476 Dunelmi
631 1436 810 1491 regione.
893 1435 978 1476 Hic
1011 1435 1186 1476 domnus
1207 1435 1314 1476 villae
1336 1449 1425 1489 quae
1447 1434 1725 1489 Brunninghil

194 1503 347 1544 dicitur
370 1502 545 1552 exstitit,
571 1507 611 1543 et
633 1502 770 1557 plures
794 1502 932 1543 ovium
956 1516 1100 1556 greges
1124 1501 1284 1551 habuit,
1312 1516 1364 1542 ex
1385 1516 1560 1555 quarum
1586 1500 1723 1541 fructu

193 1569 358 1610 usuario
381 1569 457 1610 sibi
481 1574 521 1609 et
544 1569 626 1610 suis
656 1568 905 1623 temporales
929 1568 1096 1610 divitias
1121 1568 1365 1622 comparuit.
1440 1567 1568 1608 Forte
1598 1567 1725 1622 igitur

194 1636 372 1687 interim,
405 1635 495 1676 Deo
515 1635 771 1690 disponente,
809 1649 919 1677 saeva
948 1634 1193 1689 pestilentiae
1232 1634 1467 1676 mortalitas
1497 1648 1593 1675 oves
1616 1632 1725 1675 illius

194 1702 359 1752 invasit,
394 1707 435 1743 et
465 1717 538 1756 per
574 1702 660 1743 dies
697 1702 850 1743 multos
883 1701 1026 1743 multis
1064 1716 1204 1742 earum
1241 1700 1525 1752 morientibus,
1564 1699 1725 1740 numeri

194 1769 507 1810 multitudinem
537 1768 773 1810 minoravit.
835 1768 969 1809 Nocte
995 1768 1173 1822 quadam
1208 1767 1395 1822 denique,
1419 1768 1507 1808 viro
1542 1766 1725 1817 absente,

195 1850 353 1890 sponsae
381 1835 491 1876 illius
521 1835 741 1876 dormienti
763 1835 931 1889 quidam
967 1835 1010 1875 in
1038 1834 1129 1876 visu
1161 1835 1295 1875 noctis
1333 1833 1480 1884 astitit,
1513 1838 1555 1874 et
1586 1832 1726 1873 taliter

194 1901 308 1942 illam
329 1901 542 1957 alloquens
575 1902 647 1952 ait,
669 1905 695 1923 ‘⁶
713 1901 849 1954 Quare
884 1905 1050 1942 tantum
1086 1900 1313 1942 turbamini
1344 1915 1417 1955 pro
1439 1899 1584 1941 ovibus
1604 1899 1726 1940 mori-

196 1968 389 2009 entibus?
475 1967 675 2022 Nunquid
707 1983 790 2008 non
831 1968 961 2009 nostis
995 1967 1105 2021 quod
1143 1968 1185 2007 in
1223 1967 1412 2021 proximo
1440 1971 1624 2008 vestrum
1672 1964 1726 2006 sit

198 2034 377 2076 Sanctus
405 2034 638 2075 Godricus?
701 2033 843 2075 Facile
865 2039 927 2075 est
950 2033 1020 2084 illi,
1042 2033 1075 2074 si
1096 2033 1284 2084 voluerit,
1315 2048 1434 2087 opem
1471 2031 1722 2087 impendere,

197 2106 238 2142 et
261 2101 293 2141 si
316 2116 384 2142 eas
408 2101 444 2142 ei
476 2115 570 2141 cum
594 2105 689 2142 voto
720 2100 854 2141 cordis
886 2099 1286 2150 commendaveritis,
1310 2099 1437 2154 pestis
1467 2098 1631 2139 illarum
1652 2098 1727 2138 mi-

197 2167 344 2209 seriam
370 2167 593 2207 auferendo
615 2167 805 2213 abolere;
845 2166 954 2207 unde
989 2166 1155 2207 consulo
1177 2170 1224 2206 ut
1242 2180 1310 2207 eas
1330 2165 1389 2206 illi
1411 2163 1723 2215 commendetis,

196 2238 237 2274 et
282 2232 336 2273 ad
369 2232 632 2287 sepulchrum
665 2231 751 2288 ejus
787 2237 931 2274 votum
967 2247 1091 2286 quam
1133 2232 1254 2273 citius
1294 2230 1496 2273 faciatis.”
1567 2231 1727 2283 Quibus

197 2299 318 2340 dictis
342 2299 536 2350 evanuit3
570 2299 643 2340 sed
677 2299 825 2339 mulier
845 2314 966 2340 mane
988 2312 1248 2353 consurgens,
1278 2298 1477 2339 visionem
1513 2297 1727 2352 praescrip-

195 2372 283 2407 tam
319 2365 430 2406 omni
463 2364 629 2406 familiae
660 2379 742 2406 suae
767 2365 928 2413 retulit3
962 2364 1035 2406 sed
1064 2364 1242 2405 necdum
1267 2365 1414 2406 seriem
1437 2363 1605 2405 visionis
1635 2378 1728 2418 per-

195 2432 302 2474 fecte
332 2432 543 2481 retulerat,
567 2436 608 2472 et
631 2446 737 2481 ecee,
760 2437 901 2486 pastor
936 2431 1075 2473 ovium
1108 2431 1318 2481 introiens,
1342 2445 1461 2472 ovem
1488 2445 1614 2471 unam
1635 2427 1727 2484 jam

243 2558 251 2576 ¹
282 2557 513 2603 Censeantur]
543 2557 616 2590 The
634 2556 796 2590 Harlcian
815 2556 889 2590 MS.
909 2557 1061 2590 contains
1080 2557 1137 2590 the
1162 2557 1292 2601 history
1306 2557 1386 2591 :—“
1398 2556 1511 2589 Homo
1532 2555 1669 2601 quidam
1688 2555 1728 2588 de

197 2604 446 2638 Northumbria
473 2604 634 2637 membris
664 2604 843 2637 contractis
874 2603 964 2636 venit
997 2603 1040 2636 ad
1068 2603 1230 2636 Sanctum
1259 2603 1435 2646 Thomam,
1466 2603 1522 2647 qui
1553 2608 1665 2635 astans
1695 2602 1729 2635 in

197 2651 324 2684 somnis
342 2651 388 2684 ait
402 2650 444 2684 ad
458 2662 536 2683 eum
551 2662 557 2684 :
585 2651 593 2668 ‘
607 2650 720 2692 Quare
736 2661 794 2682 vos
810 2649 850 2682 de
865 2648 1113 2683 Northumbria
1127 2649 1194 2682 huc
1207 2649 1339 2691 venitis,
1353 2660 1429 2682 611111
1444 2649 1605 2682 Sanctum
1621 2647 1728 2681 Outh-

196 2698 330 2731 bertum
356 2703 388 2730 et
416 2697 554 2730 beatum
585 2696 771 2730 Godricum
806 2695 841 2728 in
869 2695 988 2728 vestris
1013 2695 1137 2728 finibus
1167 2694 1345 2729 habeatis?
1409 2695 1479 2740 Ipsi
1508 2700 1635 2728 vestras
1662 2706 1730 2727 non

197 2743 381 2777 exaudient
397 2743 587 2788 petitiones,
606 2743 684 2788 quia
700 2742 803 2776 fidem
827 2742 959 2775 firmam
977 2753 1053 2786 ergo
1071 2754 1127 2775 eas
1145 2753 1212 2774 non
1229 2741 1373 2785 habetis,
1392 2754 1454 2775 1166
1472 2741 1562 2787 ipsos
1580 2746 1616 2774 ut
1634 2752 1731 2786 opor-

197 2791 263 2823 tuit
279 2790 461 2823 honoratis.
512 2789 598 2823 Redi
613 2790 680 2822 cito
699 2788 924 2829 Finchaliam,
944 2788 1022 2832 quia
1040 2788 1182 2821 Sanctus
1199 2788 1405 2821 cuthbertus
1420 2794 1453 2821 et
1471 2799 1540 2832 ego,
1561 2792 1593 2820 et
1613 2787 1729 2820 beatus

197 2836 378 2879 Godricus,
396 2836 580 2881 veniemus,
599 2841 633 2869 et
657 2835 765 2869 multa
790 2835 836 2869 ibi
861 2834 1025 2868 miracula
1041 2833 1228 2869 faeiemus.⁷
1281 2834 1343 2868 1116
1366 2834 1466 2868 rediit
1491 2839 1524 2867 et
1550 2833 1729 2868 sanitatem

197 2882 362 2928 recepit.⁷'
