1839 3186
535 209 595 239 ET
630 207 895 241 MIRAOULIS
933 208 968 240 0.
995 208 1216 240 00011101.
1563 200 1642 242 399

540 411 674 437 LXXXI.
707 411 758 436 DE
789 411 898 437 CAEGA
932 411 1205 437 ILLUMINATA.

161 494 303 548 §4462
338 494 525 536 BEAme
555 495 745 550 quaedan]
778 495 925 536 mulier
962 495 1012 536 de
1043 495 1306 546 Kenneswic,
1334 495 1494 538 duobus
1524 497 1642 538 annis

101 575 209 602 caeca
230 560 469 615 exstiterat;
505 562 578 604 sed
598 562 667 603 illo
694 563 888 612 deducta,
911 562 1050 604 lumen
1070 562 1267 604 amissum
1289 578 1530 618 recuperare
1553 579 1644 619 pro-

101 627 267 669 meruit.

628 728 777 754 LXXXII.
810 728 862 753 DE
894 728 1109 753 CARDIACA.

161 810 303 866 §4471
343 812 586 854 MATHILms
612 812 662 853 de
689 812 936 854 Discintune
968 817 1089 853 tanta
1118 810 1360 854 infirmitate
1392 813 1509 855 annis
1541 829 1643 868 qua-

99 878 331 920 tuordecim
362 885 537 935 gravata
568 879 756 934 deperiit,
782 879 892 933 quod
922 879 1025 920 nihil
1054 880 1221 920 omnino
1243 881 1376 934 operis
1407 886 1644 936 perpetrare

99 947 329 1000 praevaluit‚
354 962 443 1001 quae
467 946 575 987 circa
600 962 669 987 001·
700 961 742 987 00
765 961 888 1000 quam
918 946 1101 987 maxime
1130 947 1341 1002 perurgeri
1370 953 1642 1002 persenserat.

101 1012 185 1054 Sed
220 1014 317 1054 illuc
341 1013 522 1063 veniens,
555 1028 603 1054 ac
637 1014 814 1055 salutem
846 1028 1112 1067 consequens,
1151 1014 1343 1056 alacriter
1378 1029 1517 1070 sospes
1549 1030 1643 1056 cum

99 1080 252 1135 gaudio
274 1080 500 1122 remeabat.

316 1242 482 1268 LXXXIII.
514 1243 567 1267 DE
598 1242 730 1269 SURDA
762 1242 815 1268 AB
846 1242 934 1268 ILLO
966 1242 1021 1267 AD
1053 1241 1177 1267 IPsUM
1208 1241 1420 1267 INVITATA.

158 1337 176 1390 ᾗ
202 1338 300 1378 448.
333 1337 447 1378 ALIA
465 1337 655 1391 quaedam
673 1336 724 1379 de
740 1337 943 1389 Hornebi⁷
966 1337 1144 1379 Mabilia
1157 1341 1412 1392 nuncupata,
1433 1352 1515 1378 11110
1533 1352 1641 1378 anno

99 1404 411 1454 obsurdaverat,
435 1419 510 1445 nec
531 1404 688 1459 aliquid
709 1404 857 1446 auditu
879 1405 981 1447 scire
1007 1404 1185 1447 valebat.
1258 1404 1334 1446 Oui
1360 1405 1507 1446 beatus
1526 1404 1639 1445 God-

98 1472 207 1513 ricus
228 1471 382 1512 visione
414 1475 619 1512 nocturna
642 1471 838 1514 assistens
864 1472 1059 1527 praecepit
1081 1477 1128 1512 ut
1156 1471 1211 1512 ad
1235 1471 1435 1512 Finchale
1466 1471 1639 1521 veniret,

99 1538 195 1593 quia
224 1538 321 1579 illuc
345 1538 514 1580 veniens
545 1539 766 1580 sanitatem
794 1544 1041 1594 perceptura
1073 1543 1194 1580 esset.
1258 1539 1359 1592 Quae
1392 1543 1433 1580 et
1456 1539 1568 1581 venit
1599 1543 1641 1579 et

100 1605 276 1647 salutem
297 1605 494 1661 percepit,
519 1620 699 1660 sanaque
721 1605 904 1648 recessit.

580 1767 742 1794 LXXXIV.
776 1767 877 1792 ITEM
908 1767 960 1792 DE
992 1766 1165 1791 ALTERA.

158 1860 176 1914 ξ
199 1861 298 1904 449.
333 1860 550 1903 OOLEWISA
577 1861 627 1903 de
654 1861 861 1913 stodfald,
885 1861 1034 1903 mulier
1056 1861 1180 1917 longo
1205 1865 1392 1916 tempore
1420 1862 1557 1914 surda,
1582 1862 1639 1904 ibi

101 1932 164 1970 est
186 1933 343 1970 curata.

687 2010 810 2067 [ITEM
842 2027 894 2052 DE
926 2010 1059 2067 ALIA]

158 2122 176 2174 ἕ
200 2123 296 2165 450.
332 2122 530 2175 QUAEDAM
550 2121 710 2164 Aicusa
732 2122 783 2163 de
809 2122 1042 2164 Mol-thahu
1060 2121 1271 2163 mensibus
1296 2126 1473 2176 quatuor
1494 2120 1642 2177 capitis

100 2189 284 2230 dolorem
305 2204 440 2245 passa,
463 2189 521 2232 ibi
543 2194 605 2231 est
627 2193 786 2231 sanata.

598 2355 748 2380 Lxxxv.
781 2355 832 2380 DE
864 2355 1132 2380 PARALYTICA.

159 2449 176 2501 ξ
199 2450 297 2491 451.
334 2449 576 2491 MATHILDIS
598 2449 648 2491 de
670 2449 924 2505 Billingham
946 2449 1123 2504 amplius
1147 2449 1243 2490 anni
1267 2448 1439 2490 dimidio
1457 2448 1560 2490 adeo
1581 2449 1641 2489 in-

100 2514 265 2557 firmata
285 2515 421 2556 fuerat
445 2516 555 2570 quod
576 2517 618 2557 in
639 2517 752 2557 nullo
779 2532 900 2571 opere
922 2516 998 2558 sibi
1021 2516 1159 2558 Valere
1178 2517 1243 2558 vel
1268 2531 1310 2558 se
1335 2531 1498 2558 servare
1519 2520 1639 2571 pote—

99 2587 178 2623 rat.
243 2583 347 2635 Quae
369 2582 466 2623 illuc
487 2583 614 2634 Venit,
638 2588 678 2624 et
699 2584 882 2638 reparari
904 2584 1142 2638 promeruit.

389 2746 549 2773 LXXXVI.
582 2747 633 2772 DE
664 2747 795 2772 sURDA
827 2746 1003 2776 QUADAM
1035 2746 1084 2771 ΕΤ
1115 2745 1362 2772 CONTRACTA.

157 2840 296 2892 §452
334 2840 453 2881 ERAT
484 2841 678 2895 quaedam
714 2841 796 2882 alia
833 2840 1011 2882 Mabilia
1041 2846 1190 2882 vocata
1224 2841 1275 2882 de
1306 2840 1637 2891 Grffiedestunia,

98 2906 139 2947 in
160 2907 388 2949 Thevidale
406 2908 619 2962 provincia
640 2907 734 2956 sita‚
758 2908 810 2948 ab
826 2908 913 2962 ipsa
929 2908 1151 2949 nativitate
1169 2908 1279 2949 omni
1298 2913 1482 2963 tempore
1499 2913 1636 2956 muta3
