1839 3186
164 200 217 238 18
789 207 1077 239 PROOEMIUM.

166 312 332 354 Aurum
369 312 495 354 etiam
532 312 762 367 dispersum
797 311 943 353 melius
973 310 1132 360 rutilat,
1165 315 1207 351 et
1238 310 1413 353 lucernae
1440 310 1608 353 flamma
1630 310 1698 352 de-

166 385 280 421 tecta
307 379 494 421 diffusius
521 378 584 421 sui
614 378 771 420 roboris
798 377 956 419 lumina
980 377 1252 434 dispergendo
1278 377 1290 400 ¹
1309 378 1566 420 coruscantia
1588 378 1699 419 visus

166 446 360 488 illustrat.
1061 439 1065 442 .

228 514 246 566 ἓ
269 516 307 556 5.
342 511 511 554 Diutius
533 511 659 568 igitur
679 527 841 552 mecum
863 511 1016 553 tacitus
1041 511 1129 554 haec
1151 511 1289 553 omnia
1309 512 1582 566 percurrendo
1605 527 1702 552 con-

170 580 374 629 trectavi3
415 585 455 621 et
478 595 567 634 qnae
594 594 712 621 nosse
740 584 927 634 poteram
951 579 1003 619 ab
1025 578 1127 629 aliis,
1151 578 1402 620 abscondere
1424 579 1523 620 satis
1544 577 1701 633 pericu-

171 647 304 689 losum
341 647 456 688 duxi.
518 646 583 687 De
611 646 698 687 viro
731 645 870 699 itaque
899 645 1066 686 Domini
1100 645 1295 694 Godrico,
1329 644 1445 701 cujus
1480 645 1592 686 fama
1627 645 1702 686 cir-

172 729 428 768 cumquaque
458 712 705 769 percrebuit,
730 711 1060 766 magnificentius
1095 717 1288 766 operatus
1315 716 1376 753 est
1406 711 1485 753 Dei
1514 712 1702 761 dextera,

172 796 295 835 quam
327 780 471 822 vicinis
508 795 578 821 seu
613 779 783 820 remotis
820 777 1046 819 innotuisse
1083 778 1313 832 praevaluit.
1375 779 1480 819 Erat
1512 778 1704 833 equidem

173 847 318 889 mundi
343 851 605 901 contemptor
629 845 832 900 egregius,
859 850 900 886 et
924 844 1110 899 plurimae
1129 844 1296 886 virtutis
1326 860 1534 900 possessor
1559 844 1703 886 indefi-

176 914 330 955 cienter
364 913 614 962 individuus,
641 911 846 965 sacrisque
877 910 1217 952 meditationibus
1253 916 1293 952 et
1328 912 1519 967 operibus
1549 911 1704 953 instan-

176 981 258 1022 tius
280 985 404 1035 atque
434 979 660 1021 ferventius
687 978 864 1029 deditus⁷
889 993 1012 1032 quam
1039 977 1185 1032 aliquis
1219 978 1433 1019 hominum
1466 994 1588 1033 quem
1620 993 1706 1019 mo-

175 1047 313 1089 dernis
351 1046 606 1102 temporibus
639 1044 832 1086 claruisse
868 1045 1147 1100 cognovimus.
1216 1044 1297 1085 2At
1332 1049 1473 1086 tamen
1506 1045 1556 1087 de
1586 1045 1707 1086 rebus

174 1114 358 1165 occultis,
382 1128 482 1168 quas
503 1113 545 1153 in
567 1127 661 1154 eum
684 1112 798 1153 Deus
820 1111 1023 1161 effecerat⁷
1045 1111 1117 1153 vix
1145 1111 1267 1153 alicui
1299 1111 1631 1161 domesticorum,
1665 1117 1706 1153 et

177 1181 221 1222 id
245 1196 368 1235 quam
391 1181 594 1221 rarissime
618 1178 822 1220 detexisse
847 1178 1037 1226 volebat3
1078 1193 1126 1219 ea
1150 1193 1245 1219 vero
1268 1194 1360 1232 quae
1384 1179 1596 1233 propalare
1618 1178 1708 1220 aliis

175 1248 319 1299 voluit,
353 1247 489 1301 aliquo
529 1246 675 1301 saepius
707 1245 962 1300 operimento
990 1244 1201 1293 contexit3
1237 1244 1481 1299 dicebatque
1516 1245 1631 1299 quasi
1667 1245 1709 1286 id

178 1313 331 1355 3alicui
359 1314 435 1355 sibi
464 1313 678 1355 notissimo
710 1311 975 1367 provenisset,
1005 1311 1115 1365 quod
1147 1311 1227 1352 Dei
1261 1316 1402 1352 tamen
1432 1312 1567 1366 gratia
1596 1311 1638 1352 in
1663 1326 1709 1352 eo

180 1385 352 1436 operata
371 1381 529 1422 fuisset.
594 1380 644 1420 In
664 1379 810 1433 quibus
830 1378 942 1419 beati
967 1378 1089 1419 Pauli
1110 1377 1305 1433 Apostoli
1326 1378 1589 1420 memorabile
1610 1378 1710 1420 satis

181 1448 417 1503 exemplum
446 1446 595 1495 tenuit,
626 1446 695 1500 qui
731 1460 780 1486 ea
809 1445 1101 1500 mysteriorum
1134 1449 1305 1493 secreta,
1329 1460 1418 1499 quae
1441 1445 1477 1485 ei
1502 1445 1618 1486 Deus
1643 1445 1711 1486 de-

179 1519 356 1564 texerat,
380 1513 495 1568 quasi
520 1513 595 1554 sub
620 1512 789 1553 alterius
812 1527 986 1566 persona
1007 1527 1117 1566 saepe
1139 1508 1155 1532 4
1170 1510 1372 1565 deposuit.
1434 1511 1496 1561 At
1517 1516 1658 1553 tamen
1680 1511 1713 1553 si

181 1581 452 1636 perpenderet
485 1579 595 1634 quod
629 1579 788 1633 aliquis,
819 1578 905 1619 sola
933 1578 1088 1619 sciendi
1116 1577 1353 1618 curiositate
1384 1577 1547 1628 ductus,
1574 1578 1713 1632 aliqua

182 1648 309 1702 ipsius
344 1652 595 1688 secretorum
642 1643 879 1700 operamina
925 1644 1202 1699 pervestigare
1249 1644 1507 1694 decrevisset,
1559 1644 1714 1686 frustra

183 1714 349 1768 quidem
371 1713 549 1759 faceret3
586 1712 654 1766 qui
684 1716 785 1752 tunc
813 1725 1025 1764 nunquam
1060 1711 1114 1751 ad
1141 1715 1287 1764 optata
1321 1710 1529 1752 audienda
1561 1710 1714 1766 pertin-

184 1785 313 1835 geret.
386 1780 491 1821 Cum
513 1794 609 1821 vero
634 1777 780 1832 aliquis
802 1777 994 1831 quaelibet
1016 1777 1142 1818 verba
1166 1776 1319 1826 divina,
1342 1777 1407 1818 vel
1431 1792 1556 1832 opera
1577 1778 1715 1832 aliqua

186 1847 345 1888 coelitus
375 1862 447 1901 per
480 1847 632 1887 electos
662 1859 757 1886 suos
778 1843 937 1893 effecta,
970 1843 1027 1884 illi
1052 1843 1295 1898 exponendo
1316 1843 1528 1898 panderet,
1551 1849 1598 1885 ut
1621 1859 1714 1885 eum

186 1929 259 1968 per
280 1913 439 1954 monita
463 1912 629 1954 virtutis
651 1911 872 1953 instrueret
891 1928 901 1959 ;
940 1915 1040 1951 tunc
1062 1910 1128 1950 ille
1150 1910 1310 1951 fervens
1331 1909 1480 1964 spiritu
1503 1911 1640 1965 aliqua
1662 1911 1713 1951 de

188 1995 230 2021 se
264 1980 490 2021 consimilia
522 1978 681 2020 solebat
713 1977 842 2026 effari,
881 1982 921 2017 et
954 1976 1110 2030 aliquid
1145 1976 1340 2017 secretius
1375 1980 1516 2017 actum
1554 1978 1715 2032 publice

187 2046 377 2102 prosequi
399 2051 521 2100 atque
544 2044 780 2086 contestari.
842 2044 985 2097 Atque
1015 2042 1242 2096 aliquoties,
1267 2043 1366 2083 dum
1390 2043 1536 2096 aliquis
1557 2043 1607 2083 de
1629 2043 1719 2084 aliis

189 2117 342 2167 ageret,
378 2112 445 2152 ille
480 2112 586 2152 forte
623 2110 785 2165 saepius,
818 2110 933 2163 quasi
963 2109 1164 2158 intercise,
1200 2108 1388 2162 quaedam
1419 2124 1527 2151 nova
1553 2109 1717 2164 perfun-

192 2179 322 2219 deret.
394 2178 694 2219 Arbitrabatur
727 2176 892 2231 quidem
926 2176 983 2217 sic
1014 2175 1119 2216 forte
1148 2175 1213 2216 vel
1246 2190 1329 2215 non
1365 2175 1455 2217 illos
1484 2176 1567 2217 suis
1597 2175 1718 2217 dictis

192 2245 417 2294 intendere,
451 2244 516 2285 vel
549 2249 673 2293 certe,
715 2243 825 2296 quod
868 2241 1101 2283 credibilius
1136 2241 1221 2282 fore
1260 2241 1519 2291 crediderim,
1557 2242 1720 2296 quando

195 2311 373 2366 Spiritus
403 2311 592 2360 Sanctus,
620 2309 720 2363 (Qui
752 2325 824 2363 per
854 2323 898 2349 os
926 2306 1012 2363 ejus
1043 2308 1287 2361 loquebatur
1310 2323 1358 2348 ea
1382 2324 1470 2362 quae
1493 2308 1718 2363 exposuit)

194 2392 368 2432 superno
389 2392 558 2418 munere
583 2376 832 2431 dignabatur
853 2374 935 2416 suis
956 2375 1026 2415 illa
1047 2373 1235 2415 fidelibus
1258 2375 1452 2416 revelare.

253 2444 271 2496 ᾧ
296 2445 332 2485 6.
371 2443 454 2483 Pro
489 2442 724 2498 hujusmodi
754 2441 880 2496 igitur
904 2440 1069 2482 secretis
1101 2440 1180 2480 Dei
1205 2439 1374 2495 judiciis
1402 2441 1490 2482 vita
1519 2441 1596 2482 viri
1630 2441 1721 2481 Deo

197 2510 336 2550 dilecti
372 2509 557 2564 pluribus
589 2523 671 2548 non
706 2507 915 2554 innotuit;
948 2506 1043 2560 quia
1077 2521 1288 2559 nunquam
1324 2506 1366 2546 in
1397 2508 1531 2561 aliquo
1564 2522 1605 2548 se
1640 2507 1721 2548 vir-

195 2576 297 2617 tutis
318 2576 514 2616 miraculo
537 2573 699 2623 extulit,
732 2573 804 2614 sed
834 2587 909 2613 nec
931 2571 1151 2626 aliquando
1172 2572 1224 2611 ab
1253 2572 1486 2613 hominibus
1508 2573 1572 2614 vel
1602 2572 1723 2614 unius

196 2643 342 2683 saltem
374 2641 487 2683 verbi
517 2640 699 2682 favorem
730 2654 802 2680 seu
832 2638 996 2678 laudem
1028 2637 1235 2692 percipere
1267 2642 1339 2678 aut
1370 2639 1451 2679 leni
1477 2638 1624 2679 auditu
1651 2639 1724 2679 ad-

245 2770 252 2787 ¹
284 2768 530 2814 Coruscantia]
559 2766 814 2808 Choruscantia,
833 2765 933 2799 MSS.

242 2816 254 2833 ‘²
281 2816 327 2848 At
343 2815 479 2861 tamem]
496 2815 568 2847 The
583 2814 790 2858 MS.always
803 2812 965 2857 carefully
979 2811 1144 2846 1·0ads“at
1156 2812 1307 2856 ‘camelis'
1322 2812 1453 2845 instead
1466 2809 1724 2845 0f“attamen.''

243 2862 257 2882 3
282 2861 424 2907 Αίὶειιί.]
453 2862 514 2894 See
535 2858 552 2905 ξ
573 2863 650 2895 210.

244 2908 254 2926 ⁴
284 2907 473 2953 Deposuit]
502 2910 522 2940 2
542 2907 617 2940 Cor.
635 2906 696 2940 xii.
716 2908 746 2947 2,
766 2912 829 2939 etc.
