1839 3186
499 209 558 240 ET
593 209 859 242 MIRACULIS
897 209 931 242 s.
960 210 1179 242 conarer
1527 200 1607 240 301

75 311 311 363 advenerat,
342 313 411 367 qui
444 313 530 355 viro
568 313 646 355 Dei
681 313 954 368 quarumdam
993 314 1256 368 reliquiarum
1290 314 1519 369 portionem
1556 313 1608 354 de

72 378 171 420 locis
206 379 284 420 illis
319 379 586 422 sanctissimis
618 380 840 435 largiturus
877 380 1116 429 deferebat3
1152 396 1241 435 quae
1262 395 1434 421 munera
1469 396 1610 422 servus

75 444 154 485 Dei
177 450 392 500 gratanter
412 447 583 501 accepit,
609 462 656 488 ac
678 447 781 488 miro
803 447 1078 489 deosculando
1103 446 1252 488 effectu
1279 447 1427 502 saepius
1447 446 1506 488 ori
1537 462 1609 488 suo

76 512 295 566 apposuit,
344 513 481 567 sicque
506 513 782 555 assidentibus
804 513 932 564 nobis,
970 529 1069 555 voce
1104 514 1145 554 in
1184 513 1316 554 altum
1337 513 1499 568 prolata
1520 529 1608 555 ver-

76 592 167 618 sum
199 578 325 619 istum
355 580 512 621 musico
548 584 646 621 tono
679 580 841 629 cecinit,
878 595 998 634 quem
1031 585 1072 622 e‘t
1108 580 1256 635 saepius
1297 580 1430 621 sexies
1464 579 1608 621 eodem

74 644 228 686 ordinis
261 645 638 687 canticofiterando
673 646 901 701 replicavit.
965 646 1124 688 Versus
1158 646 1225 687 hic
1251 651 1369 695 erat,
1404 645 1605 687 “¹Hieru-

74 711 214 761 salem,
239 727 327 765 quae
361 710 590 754 aedificatur
627 718 674 754 ut
709 713 867 763 civitas,
908 711 1022 769 cujus
1061 713 1325 769 participatio
1364 711 1451 768 ejus
1488 713 1529 754 in
1563 712 1606 753 id

75 777 222 832 ipsum.
287 778 391 819 Illuc
415 779 524 820 enim
559 779 787 821 ascendunt
809 780 951 830 tribus,
973 779 1106 821 tribus
1142 779 1324 830 Domini,
1349 784 1390 820 et
1423 779 1608 821 testimo-

74 843 190 884 nium
213 844 340 885 Israel
361 845 415 886 ad
437 844 716 887 confitendum
740 847 896 887 nomini
919 846 1131 888 Doniiiii.”
1163 846 1275 899 Quos
1298 846 1442 887 eodem
1464 846 1607 887 ordine

77 914 118 951 et
154 911 261 951 melo
295 912 454 962 cecinit,
493 928 573 966 quo
607 913 808 954 hactenus
851 912 1201 968 “'postcommunio
1234 913 1305 954 illa
1341 912 1383 953 in
1420 912 1608 954 Ecclesia

77 976 288 1018 decantari
321 979 546 1020 consuevit.
609 979 851 1020 Mirandum
880 994 976 1021 sane
999 985 1040 1021 et
1062 979 1381 1034 obstupendum,
1404 980 1608 1034 quomodo

76 1044 139 1084 vir
160 1044 249 1093 iste,
273 1059 366 1085 cum
388 1045 555 1100 ignarus
576 1046 741 1087 omnino
776 1046 943 1087 musicae
968 1046 1068 1087 artis
1102 1046 1238 1097 fuerit,
1262 1047 1363 1087 talia
1386 1052 1473 1088 tam
1496 1052 1608 1087 recto

76 1110 218 1151 ordine
256 1110 476 1153 decantare
511 1112 712 1167 potuerit,
765 1117 805 1153 et
838 1112 1104 1167 postmodum
1139 1109 1269 1167 (quod
1304 1118 1366 1154 est
1402 1113 1608 1154 admirab-

77 1176 191 1231 ilius)
226 1176 390 1233 adjecit,
425 1182 450 1201 “
470 1178 618 1228 Haec‚”
668 1178 867 1233 inquiens,
904 1183 930 1201 “
948 1178 1106 1228 civitas,
1143 1179 1193 1220 de
1216 1194 1296 1233 qua
1315 1179 1438 1220 modo
1461 1180 1605 1229 cecini,

77 1248 205 1299 typus
226 1249 287 1285 est
313 1260 497 1300 snpernae
526 1245 809 1295 beatitudinis,
839 1245 1038 1300 adquam
1074 1260 1234 1301 semper
1262 1246 1408 1287 anhelo
1443 1252 1609 1302 pectore

78 1310 292 1365 suspiravi.
356 1311 464 1353 Nam
488 1312 675 1367 quamvis
695 1312 787 1353 haeo
809 1313 935 1354 verba
958 1312 1060 1353 mihi
1082 1312 1225 1368 ignota
1248 1319 1488 1368 appareant,
1514 1314 1610 1355 novi

77 1382 217 1418 tamen
254 1393 362 1426 vere,
388 1378 552 1421 Christo
587 1379 773 1429 docente,
812 1379 911 1434 quid
947 1384 1092 1420 sonent
1131 1385 1255 1434 atque
1294 1379 1491 1434 ³figurate
1529 1380 1612 1435 sig-

78 1442 275 1492 nificent;
323 1449 363 1485 et
401 1445 468 1486 ille
505 1445 683 1500 Spiritus
707 1445 786 1499 Qui
826 1446 927 1487 mihi
960 1446 1061 1487 talia
1094 1446 1307 1495 reseravit,
1345 1446 1399 1487 ad
1435 1462 1612 1502 superna

79 1510 271 1551 coelorum
303 1511 467 1567 gaudia,
503 1512 567 1554 his
603 1512 737 1554 verbis
772 1511 961 1568 figurata,
999 1527 1073 1555 nos
1110 1528 1251 1555 omnes
1289 1513 1388 1554 dum
1419 1513 1609 1565 voluerit,

77 1577 300 1619 clementer
323 1578 545 1633 perducere
565 1578 782 1634 4poterit.”

123 1656 134 1675 ¹
157 1655 389 1702 Hierusalem]
414 1657 471 1691 Ps.
490 1657 584 1691 cxxi.
600 1659 631 1701 3,
652 1657 755 1702 Vulg.

122 1703 136 1722 ²
156 1703 447 1749 Postcommwiio]
476 1704 574 1737 Prius
603 1704 808 1746 communio,
831 1704 877 1738 H.
941 1704 1014 1737 The
1043 1704 1315 1749 postcommunio
1345 1704 1373 1737 is
1401 1704 1459 1737 the
1490 1715 1610 1749 prayer

79 1750 151 1783 said
170 1750 253 1783 after
270 1750 327 1783 the
345 1751 562 1784 communion
580 1750 617 1783 of
630 1750 687 1783 the
704 1751 808 1796 priest
826 1751 860 1783 in
878 1750 935 1784 the
953 1762 1043 1784 mass
1058 1763 1064 1785 :
1091 1750 1149 1783 the
1169 1751 1362 1784 communio
1380 1751 1408 1783 is
1427 1762 1446 1783 a
1464 1762 1557 1784 verse
1574 1762 1611 1783 or

79 1809 189 1830 verses
206 1797 292 1830 from
310 1797 367 1831 the
387 1797 480 1841 Holy
497 1797 678 1842 Scripturc,
696 1803 730 1830 to
748 1797 789 1830 be
808 1797 880 1830 said
899 1809 934 1830 01·
952 1809 1037 1841 sung
1055 1797 1175 1841 during
1191 1797 1249 1830 the
1266 1798 1483 1830 communion
1502 1797 1540 1830 of
1552 1797 1610 1830 the

78 1844 209 1889 people,
227 1856 319 1877 more
335 1843 507 1888 generally
524 1843 596 1876 said
614 1843 846 1888 immediately
862 1843 976 1876 before
994 1844 1051 1876 the
1068 1844 1351 1888 postcommunio.
1398 1843 1471 1877 Tho
1489 1843 1611 1886 words,

78 1891 168 1924 cited
186 1891 220 1924 in
238 1890 295 1924 the
313 1897 397 1934 text,
417 1891 438 1908 ‘⁶
453 1890 679 1933 Hierusalem,
698 1902 774 1935 quae
792 1889 1016 1933 aedificatur,''
1031 1890 1094 1924 &c
1115 1890 1170 1923 ΡΞ.
1190 1890 1294 1932 cxxi„
1314 1890 1493 1935 according
1507 1896 1540 1923 to
1552 1890 1610 1923 the

80 1937 227 1981 Vulgate
246 1937 387 1980 version,
406 1937 491 1970 form
509 1936 566 1969 the
591 1936 785 1970 communio
811 1936 848 1969 of
870 1936 1051 1969 Mid-Lent
1070 1936 1216 1980 Snnday,
1236 1936 1343 1969 called
1363 1937 1396 1969 in
1415 1937 1472 1969 the
1490 1937 1609 1970 Sarum

81 1984 213 2027 Missal,
234 1986 253 2002 ‘⁴
266 1984 446 2017 Dominica
466 1983 595 2017 Laetare
609 1983 628 1997 ’³
647 1983 733 2016 from
752 1983 808 2016 the
826 1983 897 2016 first
916 1983 1008 2016 word
1022 1983 1059 2016 of
1073 1983 1129 2016 the
1147 1983 1262 2016 introit
1280 1983 1317 2016 of
1331 1983 1387 2016 the
1404 1995 1506 2024 mass,
1524 1983 1609 2016 from

81 2030 206 2072 Isaiah,
226 2042 297 2076 cap.
313 2030 394 2064 lxvi.
431 2030 504 2063 The
519 2030 648 2063 various
663 2029 802 2074 reading
819 2031 841 2048 *ζ
853 2029 1071 2063 conimunio⁷’
1087 2029 1197 2062 would
1211 2041 1333 2075 appear
1346 2036 1380 2063 to
1391 2030 1433 2063 be
1447 2030 1504 2063 the
1517 2041 1610 2063 more

78 2089 197 2123 proper
211 2077 359 2122 reading,
377 2077 437 2110 but
454 2078 504 2110 for
521 2076 578 2110 the
596 2088 795 2110 occurrence
814 2076 851 2109 of
864 2076 920 2109 the
938 2076 1029 2110 word
1047 2077 1067 2094 ⁴⁶
1079 2075 1208 2121 prius.’'

126 2125 139 2145 3
159 2124 349 2170 Figurate]
373 2124 416 2157 So
443 2123 623 2169 explained
648 2123 694 2168 by
711 2123 768 2156 the
795 2123 964 2164 Fatliers3
990 2135 1046 2156 sce
1072 2122 1229 2165 Lorinus,
1256 2123 1290 2156 in
1318 2122 1445 2156 Psalm.
1463 2123 1510 2157 iii.
1528 2123 1608 2167 574,

79 2171 159 2205 edit.
176 2171 234 2204 fol.
254 2170 371 2204 Colon.
390 2173 500 2211 16193
527 2170 673 2204 Suicer's
693 2169 857 2203 Thesaur.
875 2170 896 2204 i.
919 2171 1018 2204 1447.

127 2218 140 2236 ⁴
162 2217 322 2262 Poterit]
358 2219 378 2235 ‘⁶
391 2218 519 2260 Frater,
539 2217 595 2262 qni
614 2216 742 2250 solebat
760 2217 789 2250 ei
808 2216 920 2250 divina
941 2216 1120 2260 celebrare,
1139 2222 1270 2249 tumore
1289 2216 1446 2250 tibiarum
1464 2218 1610 2262 graviter

81 2265 265 2308 aegrotavit.
315 2264 426 2306 Quem
444 2264 501 2297 vix
521 2275 538 2296 e
555 2263 680 2296 lectulo
706 2268 943 2308 exsurgentem
969 2264 1112 2304 vocavit,
1132 2269 1165 2296 et
1182 2263 1229 2296 ait
1247 2276 1252 2297 :
1280 2265 1288 2281 ‘
1304 2263 1416 2297 Video
1433 2270 1479 2307 te,
1496 2264 1609 2306 frater,

81 2311 288 2344 infirmitatis
305 2310 407 2354 liujus
424 2310 639 2344 incommodo
657 2322 676 2343 a
694 2310 758 2343 Dei
776 2310 910 2354 meique
933 2310 1069 2343 servitio
1086 2310 1270 2355 plurimum
1296 2310 1464 2355 impediri,
1483 2318 1515 2344 et
1533 2311 1609 2344 ideo

82 2369 154 2390 cras
172 2357 213 2390 ad
231 2369 285 2390 me
297 2358 422 2400 venies,
439 2363 476 2390 ut
493 2356 648 2400 salutem,
668 2356 741 2389 Deo
754 2357 907 2400 juvante,
925 2357 1091 2401 recipias.’
1144 2356 1184 2390 In
1202 2357 1347 2390 crastino
1361 2357 1408 2390 vir
1427 2357 1491 2390 Dei
1510 2369 1610 2403 super

81 2411 248 2437 tumorem
281 2404 473 2446 insufflavit,
508 2409 541 2436 et
568 2415 673 2436 manu
700 2402 971 2436 benedictionem
1000 2404 1106 2446 fecit3
1142 2403 1328 2448 eodemque
1356 2403 1409 2437 dic
1433 2410 1524 2437 totus
1551 2405 1609 2438 ille

82 2457 194 2484 tumor
211 2457 244 2484 et
261 2451 361 2484 rubor
378 2450 552 2484 abscessit.

130 2499 151 2516 “
167 2498 217 2531 Eo
236 2504 386 2542 tempore
404 2497 540 2541 quidam
558 2508 710 2529 reversus
727 2508 746 2529 a
765 2496 972 2530 Ierosolimis
999 2496 1080 2530 illuc
1102 2496 1204 2540 venit,
1224 2496 1279 2541 qui
1308 2503 1435 2530 sanctae
1461 2497 1608 2542 regionis

82 2543 173 2578 illius
191 2544 372 2577 venerabili
392 2544 460 2577 viro
482 2543 644 2588 quasdam
663 2542 880 2588 reliquiarum
899 2542 1013 2576 attulit
1030 2543 1213 2588 portiones.
1266 2543 1351 2585 Quae
1376 2555 1516 2576 munera
1533 2555 1608 2588 gra-

82 2597 191 2624 tanter
208 2591 348 2636 accepit,
368 2597 401 2624 et
418 2602 539 2635 magno
558 2589 815 2623 deosculabatur
832 2590 969 2630 affectu,
986 2590 1150 2635 nobisque
1168 2589 1408 2630 assidentibus,
1426 2590 1528 2635 coepit
1546 2590 1607 2623 hos

81 2643 217 2671 cantare
236 2637 416 2671 versiculos
441 2636 509 2670 alta
527 2648 607 2670 voce
625 2649 631 2670 2
659 2636 862 2670 ‘Ierusalem
884 2648 957 2680 quae
983 2636 1168 2670 aedificatur
1186 2642 1223 2669 ut
1241 2636 1371 2677 civitas,
1391 2637 1487 2679 cujus
1504 2637 1608 2681 parti-

82 2684 205 2729 cipatio
231 2685 303 2728 ejus
321 2684 355 2717 in
374 2684 408 2717 id
433 2684 556 2729 ipsum.
607 2683 693 2716 Illuc
719 2683 808 2716 enim
833 2682 1056 2716 ascenderunt
1074 2683 1192 2726 tribus,
1211 2682 1318 2715 tribus
1344 2682 1494 2726 Domini,
1514 2684 1609 2716 testi-

83 2731 235 2763 monium
264 2731 367 2764 Israel
393 2730 434 2763 ad
461 2729 690 2764 confitendum
717 2730 845 2763 nomini
875 2729 1036 2762 Domini!
1086 2729 1218 2763 Cecinit
1237 2735 1349 2761 autem
1369 2729 1487 2762 eodeni
1505 2730 1606 2763 modo

83 2789 148 2821 quo
166 2777 251 2810 solet
269 2777 303 2810 in
322 2776 485 2810 Ecclesiis
504 2776 561 2810 illa
585 2777 856 2821 postcommunio
884 2775 1079 2817 decantari3
1106 2783 1139 2809 et
1164 2775 1381 2820 postmodum
1407 2775 1480 2809 liaec
1506 2776 1607 2809 verba

82 2823 280 2866 subjunxit:
308 2823 399 2856 ‘Ista
417 2823 534 2856 civitas
553 2823 593 2856 de
611 2834 676 2867 qua
701 2834 790 2855 nunc
815 2822 922 2856 cecini
941 2829 1041 2867 typus
1067 2828 1117 2855 est
1135 2832 1289 2866 supernae
1314 2821 1545 2865 beatitudinis,
1564 2823 1607 2856 ad

82 2881 182 2913 quain
210 2876 279 2903 toto
304 2876 438 2914 pectore
464 2870 696 2914 suspiranius3
721 2875 753 2901 et
771 2869 924 2913 quamvis
950 2869 1022 2902 haec
1049 2869 1148 2901 verba
1173 2867 1256 2900 1111111
1276 2868 1451 2902 videantur
1482 2869 1606 2914 ignota,

83 2916 159 2949 novi
177 2928 253 2950 cuni
274 2916 408 2950 Christo
427 2915 568 2949 docente
586 2915 666 2960 quid
684 2915 826 2949 sonent.'
839 2915 858 2928 ''
885 2916 996 2948 Anon.
1017 2915 1112 2948 Harl.
1132 2914 1279 2958 Legend.
