1839 3186
501 224 560 255 ET
596 224 864 256 MIRACULIS
900 224 935 255 0.
962 222 1176 255 00011101.
1533 212 1615 252 113

71 329 270 371 formibus
291 328 499 383 quandam
530 344 658 370 sacrae
685 328 827 370 Crucis
863 327 1176 370 similitudinem
1216 325 1362 376 erexit,
1404 324 1610 379 dixitque,

71 396 337 450 “Hucusque
371 395 488 437 vobis
527 395 895 437 intumescentibus
929 395 1167 449 contingere
1200 394 1335 441 liceat,
1361 393 1435 433 sed
1468 392 1611 433 Crucis

69 461 192 518 hujus
223 462 420 503 terminos
456 467 593 504 Vestra
630 462 795 504 saevitia
830 477 912 502 non
946 461 1136 502 excedat.
1221 459 1271 499 In
1305 459 1462 500 virtute
1500 459 1609 498 enim

75 530 203 580 Illius,
228 528 308 581 Qui
336 544 409 584 pro
443 529 560 570 nobis
593 528 766 570 Crucem
798 529 981 583 pertulit,
1018 528 1096 568 hoc
1135 526 1241 568 servi
1279 525 1352 567 Sui
1390 525 1610 579 imperium

73 596 186 638 vobis
207 595 495 637 transcendere
516 595 771 650 prohibitum
794 595 887 636 011.”
951 595 1100 648 Sicque
1124 608 1263 634 secure
1288 593 1399 633 intra
1432 607 1535 632 casae
1569 596 1610 631 et

70 678 270 717 aquarum
307 662 491 703 medium
526 677 649 717 opera
682 678 880 703 manuum
915 662 1037 703 solita
1073 660 1258 715 protulit,
1301 664 1342 699 01
1379 658 1608 699 retinacula

71 729 245 784 piscium
270 729 321 770 de
340 729 529 784 virgultis
550 729 704 770 ibidem
725 729 775 769 de
796 744 917 769 mane
931 744 1058 783 usque
1078 727 1132 768 ad
1149 741 1364 781 vesperam
1387 729 1608 765 contexere

71 797 206 851 coepit.
279 796 514 837 Procedens
536 796 710 850 denique
732 796 919 837 minister
947 794 1047 850 ejus,
1081 794 1149 848 qui
1185 795 1273 834 haec
1295 792 1496 841 audierat,
1521 791 1609 846 ipso

71 862 350 918 praecipiente,
373 863 571 903 audacter
593 863 743 903 domno
761 878 833 904 suo
856 862 1046 904 auxiliari
1064 876 1145 902 non
1163 860 1390 901 desinebat.
1448 858 1607 898 Mirum

75 930 201 984 igitur
225 930 267 970 in
286 929 457 970 modum
473 929 527 970 ad
544 929 712 983 parietis
726 929 896 970 modum
919 930 969 970 de
988 933 1131 969 contra
1146 926 1288 969 Crucis
1305 926 1412 967 illius
1430 925 1606 980 signum,

74 996 189 1050 quasi
213 1011 376 1037 murum
409 995 615 1049 quendam
648 996 879 1045 effecerant,
914 1002 955 1036 et
987 996 1139 1036 limites
1161 992 1351 1048 praefixos
1376 991 1610 1046 transgredi

74 1078 156 1103 non
188 1063 401 1111 audentes,
436 1062 477 1102 in
519 1063 660 1117 seipsis
691 1063 906 1104 saevientes
937 1062 1122 1103 turbines
1157 1060 1420 1101 collidebant.
1483 1058 1613 1098 Unda

76 1130 215 1183 itaque
236 1128 365 1169 fluens
386 1128 443 1169 ibi
468 1129 668 1179 constitit,
704 1134 745 1170 et
776 1144 976 1182 aquarum
1003 1127 1266 1182 congregatio
1292 1142 1333 1167 se
1359 1124 1609 1166 conterendo

76 1196 288 1251 confregit,
320 1211 395 1236 nec
431 1195 587 1249 aliquid
618 1195 728 1250 quod
756 1196 811 1236 ad
838 1196 945 1237 servi
978 1194 1148 1235 Domini
1180 1192 1414 1248 pertinebat
1447 1191 1610 1231 habita-

75 1263 214 1304 culum
242 1262 389 1303 laedere
420 1263 692 1317 praesumpsit,
733 1262 804 1304 sed
835 1263 974 1303 omnia
995 1262 1103 1302 illius
1130 1261 1290 1301 illibata
1325 1250 1612 1314 praetereundo

77 1329 246 1371 dimisit.
309 1329 389 1369 Illa
421 1329 486 1369 die
517 1327 666 1371 fluvius
702 1330 769 1370 ille
808 1330 946 1370 omnia
981 1327 1068 1384 ejus
1104 1328 1145 1368 in
1178 1325 1353 1368 confinio
1388 1324 1524 1380 posita
1548 1340 1612 1365 ra-

78 1395 228 1438 dicitus
249 1396 291 1436 in
313 1400 404 1436 tota
424 1396 588 1451 regione
610 1387 700 1452 ipsa
724 1396 962 1447 divulserat,
987 1401 1028 1437 et
1050 1401 1135 1436 tan]
1159 1399 1305 1449 pontes
1327 1407 1450 1446 quam
1471 1392 1614 1432 domos

80 1468 121 1504 et
143 1477 316 1516 quercus
352 1477 491 1503 secum
518 1463 572 1503 ad
609 1463 734 1504 maris
755 1463 972 1518 voragines
1002 1461 1227 1503 deferebat.
1303 1459 1388 1500 Soli
1414 1473 1510 1500 vero
1547 1458 1619 1498 ha-

79 1529 261 1571 bitaculo
283 1530 388 1571 servi
413 1529 493 1570 Dei
517 1535 769 1585 pepercerat,
797 1529 809 1550 1
825 1531 936 1571 ultra
958 1528 1074 1585 cujus
1098 1527 1298 1583 praecepti
1319 1525 1517 1567 terminos
1538 1539 1620 1565 non

79 1597 297 1646 transibat,
324 1601 365 1637 et
391 1596 497 1638 sicut
534 1612 628 1637 011111
651 1597 781 1639 Cruce
814 1597 886 1638 illa
915 1597 1026 1637 horti
1059 1595 1121 1637 sui
1158 1594 1258 1635 fines
1293 1591 1619 1649 perambulando

67 1662 324 1716 circumivit,
349 1663 418 1713 010,
445 1663 535 1704 Deo
566 1663 744 1715 volente,
781 1663 878 1705 illuc
916 1678 1058 1717 usque,
1097 1667 1138 1704 et
1169 1677 1251 1702 non
1283 1659 1469 1709 ulterius,
1493 1658 1619 1698 20011-

77 1730 281 1771 scendisse
303 1730 582 1784 praesumpsit.

142 1796 247 1837 Haec
267 1795 282 1817 3
299 1796 543 1837 Meldredus
564 1796 752 1837 minister
782 1795 882 1852 ejus,
906 1796 969 1838 vir
998 1795 1142 1849 utique
1180 1793 1324 1843 fidelis,
1352 1791 1458 1833 vidit
1490 1798 1531 1831 et
1563 1806 1624 1831 re-

81 1862 207 1910 tulit3
255 1867 296 1903 et
332 1863 564 1912 nonnullos,
605 1863 674 1916 qui
709 1863 796 1904 heec
830 1863 990 1918 experti
1015 1863 1191 1910 fuerant,
1230 1874 1324 1900 011111
1360 1862 1618 1899 sacramento

79 1928 150 1970 illa
173 1944 271 1971 vera
291 1929 415 1971 fuisse
439 1934 699 1980 attestantes,
720 1945 826 1985 saepe
848 1929 1059 1985 produxit.
1073 1928 1090 1949 ‘³’
1161 1928 1261 1980 Quae
1285 1931 1326 1966 et
1348 1925 1434 1979 ipse
1458 1940 1483 1965 a
1503 1924 1620 1964 nobis

82 1995 132 2036 de
165 1996 229 2037 his
264 1995 496 2049 inquisitus,
528 2011 626 2037 vera
661 1996 786 2037 fuisse
820 1996 1032 2045 narravit,
1069 2000 1110 2036 et
1148 1992 1352 2048 quomodo
1386 1991 1479 2031 haec
1510 1991 1622 2031 facta

80 2061 252 2104 fuissent
275 2077 328 2103 ex
352 2062 494 2103 ordine
516 2060 782 2105 ⁵declaravit.

127 2173 135 2191 ¹
159 2173 288 2219 Ultra]
315 2173 418 2215 Citra,
437 2173 483 2206 H.
815 2173 828 2191 ²
849 2170 1113 2215 Conscendit-sa]
1141 2171 1207 2204 Vel
1227 2169 1464 2212 conscendere,
1483 2168 1526 2202 B.

127 2220 141 2240 3
161 2219 382 2266 BIelclreclus]
410 2219 612 2262 Mildredus,
630 2220 677 2253 H.

129 2267 142 2285 ⁴¹
168 2266 241 2299 The
261 2266 356 2300 Harl.
376 2266 451 2299 MS.
468 2266 548 2299 here
566 2266 748 2299 concludes
765 2266 833 2299 this
852 2266 1000 2311 chapter.

130 2313 143 2331 ⁵
162 2312 390 2358 Declaravit]
420 2312 493 2345 The
513 2312 675 2346 Harleian
701 2313 776 2346 MS.
797 2312 876 2345 thus
901 2311 1063 2357 proceeds
1080 2323 1086 2345 ε
1114 2312 1135 2329 ‘⁶
1150 2310 1232 2344 Alia
1249 2309 1322 2343 vice
1341 2309 1468 2342 W'erus
1487 2319 1622 2341 excres-

83 2370 174 2403 cens,
193 2358 332 2392 Godrici
357 2358 511 2392 aedificiis
528 2359 786 2404 propinquabat.
838 2359 915 2404 Ipse
941 2364 1055 2391 autem
1074 2357 1209 2390 obvium
1236 2355 1400 2402 processit
1418 2353 1620 2399 intrepidus,

84 2411 117 2438 et
134 2411 201 2439 tres
218 2417 338 2450 passus
355 2417 375 2438 a
392 2417 469 2438 casa
487 2417 548 2438 sua
566 2405 744 2439 dimetiens
763 2417 863 2450 quam
882 2417 926 2438 ex
943 2405 1044 2448 virgis
1070 2403 1271 2437 informibus
1289 2402 1335 2435 ibi
1363 2401 1533 2446 quondam
1555 2399 1619 2446 [ita

85 2451 180 2498 MS]
201 2452 459 2485 similitudinem
485 2451 604 2485 Crucis
632 2453 751 2494 erexit,
771 2459 804 2485 et
828 2452 939 2485 dixit:
967 2453 975 2469 ⁴
991 2451 1031 2484 In
1049 2451 1186 2483 nominc
1214 2450 1311 2483 Illius
1339 2448 1407 2490 Qui
1435 2459 1495 2492 pro
1521 2446 1619 2479 nobis

82 2504 133 2531 est
150 2510 270 2544 passus
287 2499 322 2532 in
335 2498 455 2542 Cruce,
470 2498 598 2543 impero
613 2499 717 2542 vobis,
733 2510 839 2543 aquae,
854 2510 895 2531 ne
912 2498 1003 2531 hunc
1018 2497 1201 2530 terminum
1219 2494 1490 2529 transcendatis.5
1518 2493 1618 2525 Post-

84 2556 124 2578 ea
141 2557 258 2578 secure
276 2545 362 2578 inter
380 2557 493 2578 casam
511 2551 544 2577 et
561 2557 665 2590 aquas
690 2545 876 2578 retinacula
893 2545 1039 2589 piscium
1058 2543 1099 2576 de
1117 2543 1256 2587 virgulis
1275 2542 1316 2575 de
1333 2552 1432 2574 mane
1450 2550 1557 2583 usque
1576 2537 1618 2570 ad

85 2603 258 2636 vesperam
276 2592 387 2624 texuit
405 2603 482 2624 cum
502 2603 562 2624 suo
580 2592 745 2635 ministro,
761 2592 817 2637 qui
835 2591 878 2624 ad
895 2591 1001 2636 ipsius
1020 2589 1199 2632 auxilium,
1217 2601 1256 2622 eo
1270 2588 1424 2632 jubente,
1442 2584 1617 2631 processit.

86 2637 226 2671 Stabant
245 2638 381 2682 quidem
396 2638 519 2671 fluctus
531 2637 574 2670 ad
586 2638 724 2671 modum
742 2637 880 2683 parietis
899 2637 1020 2671 elevati
1038 2649 1046 2677 ;
1071 2636 1251 2681 praefixum
1270 2634 1413 2668 limitem
1433 2630 1620 2675 transgredi

87 2695 154 2717 non
172 2684 346 2718 audentes.
397 2684 442 2717 Et
460 2696 537 2717 cum
562 2690 693 2729 pontes,
713 2684 841 2728 domos,
860 2684 1006 2725 arbores,
1024 2683 1081 2716 illo
1100 2682 1154 2715 die
1180 2682 1324 2716 saeviens
1341 2679 1432 2713 unda
1449 2677 1620 2719 avelleret,

87 2730 129 2763 ad
157 2729 251 2776 [MS.
276 2730 336 2777 ab]
365 2730 504 2764 Godrici
530 2730 763 2764 habitaculum
788 2730 992 2776 pertinentia
1018 2729 1155 2762 omnino
1180 2740 1246 2761 non
1272 2726 1372 2761 laesit.
1423 2725 1478 2759 Sic
1504 2729 1620 2774 autem

90 2776 233 2810 Crucem
260 2777 371 2810 ferens
400 2776 488 2810 horti
515 2777 567 2810 sui
595 2777 679 2810 fines
705 2777 776 2822 ipse
801 2777 1001 2810 lustraverat
1016 2789 1024 2817 ;
1050 2776 1098 2808 010
1126 2781 1211 2808 nutu
1237 2774 1314 2813 Dei,
1344 2783 1430 2815 aqua
1458 2769 1622 2811 substitit,

88 2834 151 2856 nec
168 2823 334 2856 transivit.
386 2823 472 2856 Haec
491 2823 689 2857 Meldredus
706 2823 818 2857 fidelis
836 2823 990 2856 minister
1008 2822 1127 2867 ipsiUS,
1146 2833 1223 2854 cum
1242 2819 1317 2853 aliis
1336 2818 1370 2851 id
1388 2818 1499 2862 ipsum
1519 2821 1622 2848 attes-

88 2869 251 2928 tantibus,
270 2868 366 2909 vidit,
386 2876 419 2902 et
436 2869 564 2913 retulit,
589 2876 622 2902 et
641 2870 689 2903 vir
716 2870 780 2903 Dei
807 2870 990 2914 requisitus
1009 2880 1029 2901 a
1046 2867 1143 2901 nobis
1162 2878 1239 2900 vera
1264 2876 1337 2898 esse
1364 2863 1478 2897 omnia
1503 2861 1626 2895 confir—

87 2921 203 2948 mawt.

1409 2999 1422 3023 Ι
