1839 3186
190 179 273 224 176
707 190 943 223 LIBELLUS
979 190 1043 221 DE
1079 190 1196 223 vrrA

189 294 303 348 quasi
337 293 556 349 praesentia
578 293 798 338 declarare.
871 293 1078 335 Veniente
1099 294 1227 349 igitur
1261 292 1315 335 ad
1345 291 1480 348 ipsum
1500 292 1723 348 aliquando

188 360 422 402 venerando
444 360 594 402 abbate
633 360 896 411 ¹Ethelredo,
920 360 1062 402 multis
1085 376 1127 402 se
1152 361 1207 401 ad
1233 360 1410 401 invicem
1441 360 1723 415 spiritualibus

190 427 360 481 eloquiis
376 427 565 477 refecere,
588 432 629 468 et
652 428 702 468 de
723 427 802 468 Dei
815 426 1069 482 judiciorum
1084 427 1251 468 secretis
1266 426 1443 481 plurima
1458 431 1722 468 contexuere.

193 493 380 535 Venerat
402 494 511 535 inter
528 494 629 535 alios
651 509 744 535 cum
760 509 807 534 eo
827 493 995 547 quidam
1016 493 1145 534 frater
1169 493 1219 534 de
1239 493 1510 534 Dunelmensi
1526 492 1721 542 coenobio,

192 559 255 602 vir
279 560 516 602 notissimus
548 565 589 601 et
621 561 728 601 inter
750 560 893 601 doctos
916 564 957 600 et
979 559 1136 600 nobiles
1166 564 1291 613 atque
1314 559 1463 600 divites
1484 558 1499 580 2
1514 558 1722 613 quondam

193 642 367 682 magnus
409 632 450 667 et
486 627 727 668 honoratus.
791 626 876 668 Hic
912 625 1095 666 exterius
1131 625 1236 666 citra
1269 625 1394 666 limen
1431 625 1628 667 Ecclesiae
1660 639 1721 665 re-

192 698 413 742 manserat,
437 693 600 747 quando
622 693 750 734 abbas
773 707 867 733 cum
891 706 1007 733 servo
1038 691 1119 732 Dei
1144 692 1340 733 secretius
1361 692 1574 732 locuturus
1595 692 1723 732 intro-

193 760 309 801 ierat.
373 759 559 800 Peractis
594 764 686 813 post
720 758 930 799 modicum
965 757 1072 798 inter
1095 757 1203 798 viros
1231 757 1312 798 Dei
1347 757 1525 812 negotiis
1557 757 1723 812 spiritu-

193 826 341 874 alibus,
378 825 530 867 ostium
564 825 760 866 Ecclesiae
794 824 997 879 quispiam
1033 824 1257 874 reserabat,
1294 828 1336 864 et
1365 824 1470 864 forte
1499 822 1590 879 jam
1623 829 1723 864 tunc

192 892 319 933 frater
339 892 419 942 ille,
457 891 507 932 de
536 907 615 945 quo
648 891 843 939 diximus,
867 891 988 945 super
1006 890 1213 931 tumulum
1245 889 1355 945 quod
1376 890 1439 932 vir
1460 890 1540 930 Dei
1573 889 1649 931 sibi
1672 889 1723 930 de

192 958 411 1000 durissima
450 973 551 1013 rupe
591 957 849 1012 praeciderat,
886 956 1107 998 residebat.
1169 956 1277 1008 Quia
1306 956 1415 997 enim
1449 961 1625 997 mortem
1664 956 1724 996 in-

192 1030 348 1066 certam
372 1039 533 1079 semper
550 1024 701 1065 mentis
723 1024 850 1065 oculis
865 1027 1114 1078 anteponere
1136 1023 1341 1077 cupiebat,
1364 1022 1516 1063 idcirco
1534 1022 1724 1077 praedicti

192 1091 343 1132 tumuli
376 1091 475 1132 3sibi
505 1091 766 1145 sepulchrum
797 1089 1021 1140 exciderat,
1054 1094 1095 1130 et
1128 1095 1224 1130 ante
1244 1089 1369 1130 limen
1392 1089 1587 1130 Ecclesiae
1609 1103 1724 1130 secus

194 1163 386 1213 aspectus
406 1172 500 1199 suos
535 1157 578 1197 id
614 1157 750 1212 ipsum
786 1155 1083 1204 constituerat3
1118 1155 1372 1211 pervigilque
1403 1170 1498 1196 cum
1527 1155 1602 1196 tali
1637 1170 1724 1196 esse

194 1225 393 1265 memoria
415 1223 558 1274 voluit,
582 1223 677 1277 quia
696 1223 806 1264 diem
830 1228 871 1264 et
892 1223 1036 1263 horam
1053 1222 1197 1263 mortis
1217 1221 1431 1263 horrendae
1454 1237 1615 1276 semper
1638 1236 1723 1263 sus-

194 1296 357 1346 pectam
389 1290 618 1346 pertimuit.
683 1289 994 1343 Gonversusque
1028 1288 1083 1329 ad
1115 1288 1323 1338 abbatem,
1361 1294 1402 1329 et
1434 1289 1569 1343 ipsum
1602 1303 1725 1343 super

193 1358 402 1399 tumulum
442 1356 694 1411 conspiciens
736 1356 999 1405 residentem,
1049 1359 1074 1377 “
1099 1355 1273 1404 Recte,”
1324 1354 1470 1409 inquit,
1516 1354 1723 1395 “tumulo

194 1424 253 1465 illi
295 1424 425 1465 frater
465 1423 534 1464 ille
572 1422 802 1478 appropiat,
841 1421 937 1476 quia
970 1420 1061 1476 jam
1095 1421 1182 1463 dies
1224 1421 1492 1477 depositionis
1532 1420 1641 1462 illius
1681 1420 1724 1461 in

194 1490 384 1546 proximo
422 1490 576 1538 inst-at3
612 1495 653 1531 et
683 1489 823 1530 videto
859 1493 1015 1543 quanta
1054 1503 1164 1529 nunc
1199 1488 1367 1543 pigritia
1399 1487 1585 1542 tepescit,
1630 1502 1724 1528 cum

162 1561 166 1573 ²
194 1557 306 1598 omni
325 1562 510 1612 tempore
536 1556 663 1598 vitam
689 1556 731 1596 in
763 1555 891 1596 nimia
912 1554 1150 1595 deliciarum
1172 1554 1384 1595 affluentia
1405 1554 1584 1595 duxerit.
1649 1553 1724 1594 Ille

194 1624 394 1665 clientelis
430 1623 655 1664 multorum
686 1622 886 1663 hactenus
908 1621 1163 1676 constipatus
1183 1621 1362 1671 incessit,
1396 1625 1437 1661 et
1469 1620 1620 1662 diversi
1654 1635 1724 1675 ge-

193 1691 303 1732 neris
339 1689 681 1731 delectationibus
720 1688 965 1729 morituram
1011 1687 1144 1728 carnis
1186 1687 1448 1742 putredinem
1487 1686 1721 1742 saginavit;

193 1757 318 1798 modo
340 1772 435 1798 vero
465 1756 544 1797 nisi
568 1756 714 1796 baculo
750 1759 1010 1796 sustentante
1032 1753 1104 1794 vix
1138 1754 1264 1808 pedes
1299 1753 1542 1808 ingreditur,
1575 1759 1616 1794 et
1646 1751 1726 1794 nisi

194 1839 270 1879 ope
292 1823 426 1864 aliena
458 1823 500 1864 in
529 1837 631 1876 equo
662 1836 744 1862 non
779 1822 978 1863 elevatur.
1041 1819 1132 1875 Ego
1155 1835 1263 1870 vero,
1290 1819 1359 1874 qui
1394 1819 1506 1860 omni
1539 1823 1725 1874 tempore

195 1905 348 1945 egenus
372 1895 413 1931 et
434 1904 590 1944 pauper
623 1903 697 1943 pro
726 1887 891 1929 Christo
913 1886 1069 1936 exstiti,
1103 1891 1228 1940 atque
1255 1887 1297 1927 in
1318 1886 1456 1927 labore
1479 1890 1520 1927 et
1542 1899 1727 1926 aerumna

195 1957 377 1998 animam
407 1956 599 1997 miseram
619 1953 793 2010 fatigavi
818 1959 859 1995 et
881 1952 1053 2002 coercui,
1088 1953 1224 1993 adhuc
1258 1952 1409 1993 talibus
1430 1952 1622 1993 subsidiis
1642 1966 1726 1992 non

196 2023 374 2077 indigeo,
414 2021 486 2063 sed
519 2021 711 2076 operibus
748 2020 861 2061 duris
897 2019 1176 2060 indesinenter
1209 2018 1386 2073 insudo3
1422 2023 1463 2059 et
1495 2033 1557 2068 en,
1589 2017 1726 2058 adhuc

196 2104 271 2143 ego
312 2103 377 2129 me
410 2102 589 2137 exerere,
626 2087 745 2137 ferre,
779 2091 820 2127 et
857 2085 1065 2139 subrigere
1098 2085 1245 2135 valeo;
1279 2089 1320 2125 et
1352 2089 1398 2125 ut
1430 2083 1608 2135 libuerit,
1644 2083 1726 2126 levi

194 2160 314 2196 motu
343 2153 596 2195 circumfero.
660 2152 747 2193 Iste
767 2166 877 2200 vero,
915 2151 984 2205 qui
1019 2150 1163 2192 alienis
1192 2150 1369 2192 servitiis
1402 2150 1602 2192 hactenus
1636 2165 1726 2205 per-

196 2221 313 2276 fungi
343 2219 626 2275 temporaliter
659 2217 821 2270 meruit,
847 2216 939 2273 jam
968 2232 1099 2272 nuper
1137 2217 1206 2271 qui
1237 2217 1273 2258 ei
1309 2217 1518 2259 considere
1551 2215 1726 2258 voluerit

197 2302 280 2329 non
303 2286 515 2328 habebit.”
577 2285 683 2326 Haec
707 2284 903 2326 secretius
924 2284 1031 2325 inter
1052 2298 1108 2325 se.

257 2353 275 2406 ᾧ
300 2351 396 2397 167.
429 2351 614 2407 Digressi
628 2366 723 2392 vero
744 2351 796 2392 ab
813 2350 1002 2400 invicem,
1025 2349 1174 2404 quique
1196 2349 1251 2390 ad
1272 2349 1438 2404 propria
1460 2364 1553 2390 cum
1573 2347 1726 2403 gaudio

197 2423 446 2469 remearunt,
469 2423 511 2459 et
533 2418 583 2459 de
604 2417 668 2459 his
688 2417 795 2458 forte
826 2432 915 2471 quae
947 2415 1232 2471 4praedixerat,
1264 2415 1361 2470 quia
1396 2415 1511 2470 quasi
1536 2413 1728 2470 jocanter

199 2502 248 2528 ea
283 2486 459 2535 dixerat,
491 2483 592 2525 nihil
623 2483 850 2524 admodum
885 2481 1092 2523 memoriae
1139 2476 1476 2523 ⁵com1nendavit.
1548 2480 1727 2522 Factum

245 2588 255 2608 ¹
277 2588 465 2621 Ethelredo.
513 2586 731 2630 Etheldredo,
756 2585 803 2620 H.

246 2635 258 2653 ²
278 2633 460 2673 Quondam.
502 2633 682 2675 Quondam
702 2638 735 2665 et
751 2632 947 2674 honoratus,
969 2631 1015 2665 H.

246 2681 259 2700 ³
277 2681 345 2715 Sibi
367 2680 568 2725 sepulchrum
593 2678 787 2723 excideram]
813 2678 853 2711 In
872 2677 928 2711 the
958 2677 1099 2722 Regulae
1124 2676 1335 2711 Inclusarum
1360 2675 1386 2709 it
1411 2676 1439 2709 is
1466 2673 1623 2718 enjoined
1653 2673 1726 2707 that

199 2729 219 2747 “
235 2727 310 2760 Heo
328 2726 491 2760 schulden
516 2725 712 2771 schreapien
725 2724 878 2758 everiche
895 2724 970 2757 deie
987 2723 1044 2757 the
1069 2723 1170 2756 601156
1189 2734 1232 2768 up
1259 2722 1296 2755 of
1320 2721 1421 2756 heore
1448 2727 1544 2767 putte
1561 2720 1636 2754 ther
1664 2719 1727 2753 heo

198 2773 361 2807 schulden
380 2773 487 2806 rotien
505 2772 617 2807 inne.’²
642 2770 760 2805 Fosbr.
778 2770 1005 2813 Monachism,
1022 2781 1055 2814 p.
1072 2771 1150 2804 496.

246 2821 258 2839 ⁴
278 2819 514 2863 Praedixerat]
539 2819 692 2861 Dixerat,
714 2816 761 2851 H.

246 2867 258 2884 ⁵
279 2865 554 2911 Commendavit]
576 2862 875 2905 commendarunt,
898 2862 943 2897 H.
