1839 3186
213 160 296 204 376
731 171 962 202 LIBELLUS
999 172 1063 202 DE
1100 172 1229 203 VITA„

210 280 369 329 septem
392 289 521 315 annos
554 274 706 315 lectulo
743 275 939 330 languida
972 276 1186 325 decubuit,
1213 274 1329 331 cujus
1352 277 1555 331 aegritudo
1587 278 1747 319 cunetis

211 341 350 383 villam
385 341 516 395 ipsam
556 341 830 383 incolentibus
867 342 1082 384 notissima
1108 342 1214 391 fuit3
1250 342 1322 384 sed
1353 343 1449 385 illuc
1483 345 1616 385 curari
1652 359 1744 399 pro-

212 408 377 449 meruit.

773 506 842 531 XV.
880 506 931 530 DE
962 506 1193 532 SURDIENTI.

266 606 400 659 §367.
439 606 561 647 F1L1A
583 607 814 662 presbyteri
848 606 899 648 de
934 606 1200 659 1Elmedene,
1223 610 1345 651 unius
1377 609 1487 651 auris
1508 609 1654 651 auditu
1684 609 1745 651 di-

207 673 336 714 midio
358 688 465 714 anno
486 672 663 727 privata,
690 673 834 714 eadem
859 688 956 715 vero
979 673 1186 716 hebdoma
1207 690 1287 729 qua
1318 676 1415 717 illuc
1436 676 1549 718 venit
1570 682 1744 731 utraque

209 755 306 781 aure
334 739 501 781 omnino
527 738 664 789 surda,
688 738 745 780 ibi
767 744 829 781 est
851 745 1008 781 sanata.

595 919 681 944 XVI.
718 920 769 944 DE
800 920 980 945 lNCURVA
1012 921 1059 945 ET
1090 921 1344 947 coN'rRACTA.

264 1035 281 1087 ἓ
304 1037 402 1077 368.
427 1035 623 1088 QUAEDAM
642 1035 691 1075 de
715 1034 1113 1087 Hertefordeschire,
1132 1036 1183 1077 de
1205 1036 1302 1078 villa
1316 1052 1405 1091 quae
1420 1036 1572 1078 dicitur
1594 1037 1739 1087 Waer,

205 1106 364 1156 septem
386 1102 503 1143 annis
525 1101 628 1143 adeo
662 1107 877 1143 contracta
907 1101 985 1143 fuit
1008 1102 1118 1156 quod
1151 1117 1311 1157 semper
1334 1104 1506 1145 incurva
1530 1104 1741 1158 processit,

204 1174 246 1209 et
268 1183 479 1222 nunquam
500 1183 646 1209 manus
665 1183 690 1208 a
714 1168 899 1223 genibus,
924 1169 1071 1222 quibus
1093 1183 1145 1209 ex
1166 1170 1447 1218 contractione
1468 1170 1741 1220 adhaeserant,

204 1235 364 1275 elevare
386 1235 614 1290 praevaluit.
678 1234 783 1275 Haec
819 1235 873 1275 ad
896 1234 1096 1276 Sanctum
1119 1235 1324 1276 Thomam
1355 1237 1552 1291 profecta,
1577 1241 1743 1277 tantum

204 1301 428 1342 curationis
448 1302 630 1356 percepit
653 1300 761 1355 quod
785 1316 868 1342 una
887 1317 1015 1342 manu
1036 1301 1183 1352 soluta,
1206 1302 1352 1343 baculo
1375 1318 1416 1344 se
1440 1319 1492 1344 ex
1520 1318 1602 1344 una
1622 1309 1741 1358 parte

203 1373 433 1409 sustentare
455 1368 687 1423 praevaluit,
710 1383 879 1408 manum
902 1383 997 1409 vero
1028 1368 1152 1409 aliam
1182 1383 1208 1409 a,
1236 1384 1343 1424 genu
1369 1370 1497 1411 altero
1531 1385 1744 1424 nunquam

203 1435 362 1476 elevare
402 1434 633 1489 praevaluit.
698 1434 768 1475 Ita
798 1439 939 1475 tamen
969 1450 1011 1476 se
1047 1439 1140 1490 post
1181 1450 1222 1476 se
1254 1436 1497 1491 protrahens
1519 1442 1560 1478 et
1594 1437 1742 1478 misero

203 1501 326 1542 modo
362 1502 588 1551 tabescens,
626 1506 714 1542 arte
760 1516 840 1555 qua
875 1502 1010 1556 potuit
1056 1516 1165 1542 nune
1212 1503 1337 1557 pedes
1376 1503 1582 1553 incedens,
1618 1503 1742 1544 modo

204 1567 434 1621 equitatum
465 1568 716 1618 mendicans,
741 1567 942 1609 Sanctum
966 1568 1181 1609 Andream
1217 1569 1258 1609 in
1284 1569 1468 1610 Scotiam
1495 1585 1568 1625 pro
1607 1570 1741 1611 salute

205 1649 276 1675 sua
299 1635 559 1689 postulatura
581 1634 698 1684 adiit,
723 1635 794 1676 sed
816 1634 872 1675 nil
895 1633 1109 1689 proficiens
1130 1650 1202 1689 per
1228 1635 1428 1677 Finchale
1449 1637 1634 1677 reditura
1651 1651 1741 1691 per-

204 1701 332 1757 venit,
356 1702 426 1742 ubi
451 1717 523 1756 per
556 1701 704 1741 merita
735 1702 866 1742 sancti
901 1701 975 1742 viri
1000 1700 1168 1742 Godrici
1201 1702 1286 1743 sine
1309 1703 1419 1743 omni
1441 1703 1740 1744 sustentatione

206 1767 377 1822 alicujus
399 1773 535 1808 erecta
557 1773 597 1808 et
624 1783 749 1808 manu
770 1783 795 1809 a
817 1783 924 1823 genu
946 1768 1126 1809 resoluta
1157 1768 1350 1819 surrexit,
1369 1774 1409 1810 et
1433 1769 1625 1810 baculum
1648 1784 1742 1810 cum

205 1834 386 1884 candela,
420 1834 579 1875 eunetis
609 1834 845 1875 videntibus
878 1849 925 1874 ac
962 1834 1224 1883 mirantibus,
1251 1834 1424 1877 offerens
1460 1851 1581 1890 super
1610 1836 1741 1876 altare

203 1900 430 1956 ²deposuit.

729 1984 831 2009 xvn.
866 1984 916 2008 DE
948 1984 1217 2009 PARALYTIGA.

267 2068 289 2121 ξ
313 2070 409 2109 369.
444 2068 613 2108 PUELLA
646 2067 834 2121 quaedam
868 2068 919 2108 de
949 2066 1158 2122 hospitali,
1187 2067 1297 2120 quod
1325 2067 1366 2107 in
1388 2067 1485 2108 villa
1521 2082 1610 2120 quae
1641 2066 1743 2108 3Se-

204 2133 361 2188 gesfeld
393 2133 554 2184 dicitur,
578 2134 830 2183 morabatur,
853 2134 905 2174 ab
926 2133 1016 2188 ipsa
1041 2133 1260 2174 nativitate
1283 2149 1355 2188 pro
1387 2133 1514 2175 nimia
1539 2134 1743 2189 paralysis

206 2199 338 2241 morbi
368 2199 640 2241 invalitudine
662 2200 836 2241 alteram
860 2200 988 2241 totius
1010 2200 1190 2254 corporis
1213 2201 1276 2241 sui
1307 2205 1469 2254 partem
1490 2199 1740 2255 perdiderat,

206 2267 266 2308 ita
298 2265 407 2321 quod
431 2281 506 2307 nee
531 2281 701 2307 manum
726 2266 790 2308 vel
824 2267 973 2321 pedem
995 2266 1103 2308 illius
1127 2267 1258 2321 partis
1291 2281 1456 2308 movere
1477 2266 1741 2321 praevalebat,

253 2377 263 2396 ¹
293 2376 492 2423 Elmedene]
513 2376 734 2420 Helmedene,
752 2376 799 2410 H.
833 2376 923 2409 Now
936 2376 1129 2420 Embleton‚
1149 2377 1182 2410 in
1200 2377 1257 2410 the
1274 2376 1387 2422 parish
1405 2376 1443 2409 of
1456 2375 1645 2421 Sedgefield
1656 2388 1664 2417 3
1687 2386 1743 2408 see

205 2423 353 2465 Surtees,
371 2423 418 2457 iii.
438 2426 493 2457 53.

252 2470 264 2489 ²
291 2469 483 2516 Deposuit]
505 2469 666 2503 “Mulier
683 2469 837 2514 quaedam
856 2469 896 2502 de
915 2469 1020 2503 Ware
1039 2470 1096 2514 vij.
1113 2469 1209 2503 annis
1226 2469 1274 2502 ita
1290 2469 1355 2503 fuit
1372 2470 1521 2512 incurva,
1534 2474 1572 2502 ut
1586 2479 1705 2501 manus
1724 2480 1743 2501 a

203 2516 346 2561 genibus
364 2516 445 2560 suis,
464 2516 585 2561 quibus
603 2516 818 2557 inhaeserant,
836 2515 966 2549 elevare
983 2528 1049 2549 non
1067 2521 1191 2561 posset.
1228 2516 1314 2549 Haec
1331 2516 1374 2549 ad
1392 2517 1553 2549 Sanctum
1573 2515 1739 2548 Thomam

204 2563 354 2607 profecta
370 2563 434 2596 11οο
452 2563 605 2596 sanitatis
623 2562 764 2607 aceepit,
782 2567 820 2595 ut
837 2562 942 2595 altera
966 2574 1069 2595 manu
1095 2562 1216 2601 soluta,
1235 2574 1278 2595 ex
1296 2562 1353 2596 illa
1369 2569 1463 2608 parte
1479 2561 1599 2594 baculo
1616 2561 1739 2594 nitere-

205 2616 270 2642 tur.
321 2609 402 2642 I'ost
419 2610 483 2643 11οο
501 2609 542 2642 ad
561 2610 720 2643 Sanctum
740 2609 913 2642 Andrean]
931 2609 1080 2653 profecta
1106 2615 1156 2642 est
1175 2609 1206 2642 in
1227 2609 1351 2650 scotia,
1371 2615 1402 2642 et
1421 2620 1497 2642 eum
1515 2608 1562 2641 ibi
1581 2619 1647 2640 non
1664 2619 1740 2652 pro-

203 2655 335 2699 fuisset,
364 2667 422 2701 per
453 2655 663 2689 Finehaliam
688 2655 860 2689 remeavit.
924 2655 975 2688 Ibi
1003 2655 1131 2700 reliqua
1155 2667 1259 2688 manu
1284 2662 1317 2688 et
1341 2667 1430 2700 genu
1454 2655 1573 2697 soluta⁷
1592 2653 1739 2687 surrexit

204 2708 326 2745 erecta,
344 2709 376 2734 ct
394 2702 466 2735 sine
485 2703 575 2735 omni
595 2702 839 2735 sustentatione
866 2701 1023 2735 baculum
1043 2714 1119 2734 eum
1140 2701 1291 2743 candela,
1310 2702 1441 2735 eunetis
1461 2700 1663 2744 videntibus,
1680 2700 1739 2734 ob-

202 2748 280 2781 tulit
298 2760 398 2793 super
414 2749 554 2782 alta1·e.⁷’
605 2750 716 2782 Anon.
736 2748 830 2781 Harl.
850 2748 997 2792 Legend.

250 2795 262 2813 ³
288 2794 478 2840 Segesseld]
502 2795 727 2840 Seggesfelde,
750 2795 796 2828 H.
848 2794 920 2828 The
938 2801 1072 2839 present
1090 2794 1288 2839 Sedgefield,
1308 2795 1409 2828 about
1428 2795 1520 2839 eight
1537 2793 1635 2827 miles
1652 2793 1737 2826 from

204 2840 366 2875 Durham.
419 2842 476 2875 No
495 2841 637 2875 allusion
655 2847 689 2874 to
707 2842 774 2875 this
792 2841 989 2875 foundation
1016 2853 1133 2876 occurs
1159 2842 1192 2875 in
1212 2841 1377 2875 Surtces’s
1395 2842 1525 2875 minute
1542 2845 1686 2874 account
1703 2841 1743 2873 of

204 2886 269 2920 this
287 2887 410 2932 parish.
