1839 3186
509 233 568 264 ET
603 232 871 265 MIRACULIS
909 234 943 264 s.
978 233 1197 265 GODRICI.
1537 224 1618 262 105

81 436 167 463 CAP.
199 435 296 461 XLV.
348 434 552 464 QUALITER
590 434 795 464 AQUARUM
838 435 1026 460 PLURIMA
1070 436 1301 462 INUNDATIO
1338 436 1498 462 CELLAM
1531 437 1623 462 EJUs

138 501 462 528 CIRCUMDEDERIT
482 502 616 530 ATQUE
637 501 929 535 COOPERUER1T3
956 502 1031 527 NEC
1048 503 1191 528 TAMEN
1215 502 1343 529 IPSUM
1366 504 1449 528 AUT
1470 504 1624 533 ALIQUA

138 569 267 595 ILLIUS
289 568 583 604 MADEFECERIT,
608 569 685 594 VEL
708 568 898 604 LAESERIT,
924 569 1002 594 VEL
1023 569 1274 596 CONTIGERIT.
1290 553 1304 575 1

141 671 162 725 ξ
184 669 253 715 97.
290 670 466 713 DOMINO
482 675 692 726 operante,
711 669 917 711 mirabilia
937 684 1046 711 nova
1068 669 1253 724 quotidie
1276 668 1380 711 fiunt
1406 674 1447 711 et
1469 669 1623 712 inscru-

80 737 253 786 tabilia-3
288 752 384 778 nam
407 742 447 778 et
470 752 518 778 ea
541 752 631 791 quae
665 736 847 791 antiquis
877 737 1135 791 temporibus
1166 736 1279 778 fuere
1312 736 1509 792 glorifica,
1537 753 1624 778 mo-

82 803 220 845 dernis
249 803 352 844 fiunt
375 804 520 845 diebus
552 803 821 845 excellentius
839 803 1088 844 veneranda.
1151 803 1217 844 Ea
1243 819 1421 858 namque
1444 809 1622 859 tempes-

81 875 167 911 tate
191 886 272 924 qua
288 870 540 912 2Gaufridus
554 870 825 911 Dunelrnensi
843 870 1023 911 ecclesiae
1046 870 1232 925 praefuit,
1254 875 1375 912 tanta
1389 870 1624 925 pluviarum

80 936 296 978 inundatio
318 937 481 978 exstitit
498 937 608 991 quod
628 952 828 990 aquarum
845 936 1047 978 immensa
1063 937 1274 992 congeries
1291 952 1381 991 quae
1403 938 1624 979 subsecuta

82 1008 156 1054 est,
192 1019 333 1045 omnes
373 1003 525 1044 limites
556 1003 748 1058 antiquos
786 1003 1022 1052 excesserit,
1062 1009 1103 1044 et
1145 1009 1292 1058 pontes
1329 1019 1471 1045 omnes
1510 1004 1623 1045 Wiri

81 1068 273 1120 fluminis,
312 1085 406 1111 cum
448 1069 638 1111 domibus
686 1069 843 1120 vicinis,
888 1069 1120 1111 confractos
1161 1071 1457 1125 exportaverit.
1529 1071 1624 1112 Non

81 1141 247 1177 tantum
269 1137 408 1191 itaque
431 1136 578 1177 domus
600 1142 641 1177 et
667 1141 816 1191 stagna
837 1136 1018 1191 impetus
1039 1136 1147 1178 illius
1173 1137 1403 1192 effregerat,
1422 1137 1520 1191 quin
1540 1138 1622 1179 imo

82 1208 241 1258 segetes
263 1209 304 1244 et
328 1203 437 1244 foena
466 1203 509 1244 in
540 1218 708 1245 acervos
739 1202 945 1244 maximos
975 1218 1049 1258 per
1079 1219 1272 1258 agrorum
1304 1204 1497 1259 planities
1529 1220 1624 1245 con-

81 1275 266 1324 gregata,
291 1269 488 1311 violentia
515 1285 590 1311 sua
618 1270 759 1325 procul
781 1270 966 1324 abegerit
986 1284 996 1321 ;
1034 1285 1207 1324 quercus
1229 1271 1368 1320 etiam,
1393 1286 1485 1325 quae
1509 1286 1625 1313 secus

81 1335 261 1378 fluminis
300 1336 409 1378 illius
447 1336 654 1391 margines
688 1336 973 1386 constiterant,
1013 1337 1214 1378 radicitus
1248 1353 1269 1378 e
1309 1342 1431 1378 terrae
1466 1338 1623 1392 gremio

82 1403 244 1453 evulsae,
280 1419 381 1458 quas
416 1418 618 1458 aquarum
649 1403 766 1459 vigor
793 1403 1015 1445 violentius
1050 1404 1294 1460 impegerat,
1326 1405 1435 1446 inter
1466 1402 1624 1446 fluenta

81 1469 294 1511 saevientia
316 1470 614 1512 discurrebant.

143 1537 164 1592 ᾗ
189 1539 258 1579 98.
294 1537 373 1578 Vir
394 1537 522 1592 igitur
544 1537 639 1585 Dei,
664 1536 733 1591 qui
755 1535 770 1558 ³
784 1552 865 1578 non
890 1537 1011 1592 longe
1030 1553 1055 1579 a
1080 1535 1249 1579 flumine
1271 1538 1358 1593 ipso
1378 1537 1454 1580 sibi
1477 1538 1623 1579 cellam

82 1604 327 1654 confecerat,
363 1604 413 1644 de
441 1604 550 1645 intro
572 1604 730 1658 positus
751 1604 860 1645 solus
888 1604 1063 1645 orationi
1088 1605 1276 1646 vacabat.
1338 1605 1473 1659 Aquae
1495 1605 1623 1660 igitur

82 1686 186 1725 pene
208 1670 315 1712 circa
340 1670 500 1711 dimidii
529 1671 652 1712 stadii
686 1671 869 1726 spatium
891 1686 1011 1726 agros
1033 1687 1175 1713 omnes
1200 1672 1396 1713 territorii
1418 1672 1526 1713 illius
1551 1688 1621 1713 ex-

83 1743 302 1787 cesserant,
342 1743 382 1778 et
416 1752 557 1778 omnes
580 1737 726 1778 domus
758 1736 845 1792 ejus
875 1738 940 1779 vel
972 1743 1109 1779 cetera
1134 1754 1306 1793 quaeque
1340 1737 1514 1780 aedificia
1538 1754 1621 1780 suae

80 1804 380 1858 magnitudinis
401 1804 622 1844 altitudine
644 1804 831 1845 funditus
848 1809 889 1845 et
911 1804 1091 1858 undique
1114 1811 1361 1859 operuerant
1384 1811 1425 1846 et
1447 1805 1620 1846 circum-

83 1870 296 1911 dederant.
331 1871 559 1911 Venientes
580 1870 720 1924 itaque
742 1870 810 1911 illo
834 1871 884 1911 de
906 1871 1094 1925 partibus
1116 1871 1260 1913 vicinis
1276 1872 1398 1912 multi
1422 1870 1617 1920 fidelium,

83 1937 198 1991 quasi
220 1937 295 1979 viri
318 1937 409 1978 Deo
431 1937 629 1987 timorati,
648 1942 809 1992 patrem
832 1953 951 1978 suum
973 1938 1116 1979 luxere
1139 1938 1254 1992 quasi
1275 1943 1501 1980 mortuum.
1555 1937 1620 1979 De

81 2002 349 2045 aedificiorum
364 2004 473 2045 enim
487 2019 679 2058 suprema
699 2003 920 2044 altitudine
942 2005 1044 2045 nihil
1066 2005 1232 2045 omnino
1254 2005 1394 2046 videre
1410 2010 1617 2060 poterant,

82 2070 178 2124 quia
213 2069 369 2112 fluenta
403 2086 603 2125 aquarum
643 2086 868 2124 quercuum
910 2071 1037 2112 etiam
1076 2071 1320 2113 altitudines
1355 2087 1459 2127 pene
1496 2072 1616 2113 dimi—

82 2137 230 2178 diatim
270 2137 491 2192 operiendo
527 2137 744 2178 alluerant.
818 2136 895 2186 At,
931 2138 1042 2192 quod
1083 2143 1171 2179 erat
1209 2138 1310 2179 satis
1343 2138 1615 2193 permirabile,

81 2204 184 2244 cella
204 2204 292 2259 ipsa
312 2209 442 2245 tantae
476 2210 565 2245 erat
596 2204 819 2246 vetustatis
851 2210 975 2259 atque
1012 2210 1206 2260 corrupta
1236 2205 1470 2261 putredine,
1509 2205 1618 2260 quod

79 2270 151 2311 vix
172 2271 383 2312 videretur
416 2271 538 2312 unius
561 2271 678 2325 pedis
712 2271 978 2326 impingentis
1013 2272 1095 2312 leni
1123 2271 1316 2326 impulsui
1341 2272 1522 2326 potuisse
1556 2288 1618 2315 re-

82 2337 239 2378 sistere.
318 2337 500 2378 Proinde
537 2338 789 2392 reputabant
826 2353 970 2379 omnes
996 2343 1037 2379 et
1066 2338 1228 2393 singuli,
1266 2339 1397 2379 virum
1434 2339 1515 2379 Dei
1554 2339 1619 2380 vel

80 2402 316 2445 fluminibus
368 2405 609 2458 absorptum
657 2404 868 2451 interimi3
924 2420 995 2446 seu
1040 2404 1231 2446 domibus
1284 2403 1372 2459 ejus
1418 2406 1618 2447 radicitus

82 2470 243 2521 evulsis,
276 2470 331 2511 ad
362 2470 577 2525 voragines
606 2486 813 2524 {equoreas
835 2471 943 2512 inter
964 2470 1208 2526 fluctivagas
1238 2472 1444 2513 undarum
1482 2472 1617 2513 divul-

81 2536 215 2578 siones
237 2537 375 2578 diduci
412 2542 453 2578 et
488 2537 675 2578 distrahi.
740 2537 875 2578 Fama
907 2538 996 2578 haec
1032 2538 1258 2579 multorum
1280 2539 1448 2580 auribus
1484 2554 1526 2579 se
1558 2538 1617 2578 in-

80 2602 257 2656 fuderat,
286 2609 326 2644 et
352 2603 460 2644 circa
483 2604 666 2658 riparum
698 2604 902 2658 margines
932 2605 998 2646 vel
1032 2604 1180 2646 saltem
1211 2605 1399 2646 membra
1434 2605 1617 2645 defuncti

129 2704 138 2722 ¹
168 2704 207 2737 In
225 2704 283 2737 the
310 2703 405 2737 Harl.
424 2704 499 2738 MS.
520 2703 646 2748 (where
665 2703 732 2737 this
758 2703 896 2749 chapter
914 2704 942 2737 is
968 2704 1155 2737 numbered
1181 2703 1333 2748 XLIV.)
1352 2703 1378 2736 it
1395 2702 1526 2736 follows
1544 2702 1619 2736 that

81 2751 267 2784 numbered
286 2750 405 2784 XLII.
420 2751 454 2783 in
472 2750 529 2783 the
549 2749 712 2783 Bodleian
732 2762 829 2795 copy.

129 2798 141 2817 ²
161 2796 378 2842 Gctzfiddusn]
407 2797 568 2841 Geoffrey
586 2796 696 2830 Rufus
714 2808 782 2829 was
800 2796 921 2842 bishop
939 2797 977 2830 of
991 2796 1145 2830 Durham
1163 2798 1249 2830 from
1269 2808 1337 2830 A.D.
1353 2798 1443 2829 1133
1461 2801 1496 2828 to
1515 2798 1618 2830 1140.

84 2843 130 2876 Le
150 2843 277 2876 Neve's
296 2843 405 2886 Fasti,
420 2855 453 2888 p.
472 2845 551 2877 347.

127 2891 140 2910 3
163 2890 241 2923 Non
265 2890 360 2933 longe
376 2889 574 2935 aflumine]
605 2890 678 2923 The
696 2889 788 2922 ruins
812 2889 850 2922 of
869 2889 925 2922 the
948 2890 1104 2934 building
1127 2902 1182 2922 are
1207 2888 1354 2922 situated
1376 2901 1417 2921 on
1438 2888 1494 2922 the
1522 2895 1616 2935 steep

82 2936 172 2970 bank
190 2937 227 2970 of
241 2936 297 2970 the
315 2937 412 2980 river,
426 2936 544 2970 within
563 2949 581 2969 a
601 2948 679 2981 very
697 2936 760 2969 few
778 2936 846 2969 feet
864 2936 902 2969 of
916 2936 959 2969 its
977 2936 1121 2981 margin,
1139 2947 1222 2969 even
1241 2936 1275 2968 in
1290 2947 1451 2969 summer.
