1839 3186
586 192 645 223 ET
680 193 945 225 MIRAcULrs
982 194 1260 226 5001111101.
1600 186 1681 227 469

143 295 254 337 intra
280 311 415 339 sacras
438 312 585 339 manus
616 313 710 339 suas
748 313 910 339 sursum
945 299 984 338 in
1019 298 1164 339 eoelum
1196 298 1312 339 illum
1344 297 1508 347 extulit,
1533 302 1574 338 et
1598 297 1683 338 Do-

144 362 255 403 mino
276 363 482 417 praeeibus
505 364 589 405 suis
611 364 948 405 commendatum
972 364 1223 406 ¹benedixit.

251 543 387 568 CCXIII.
428 544 480 569 DE
512 544 654 569 MILITE
686 544 894 570 LANGUIDO
926 544 1028 570 POTU
1061 545 1202 570 SCYPHI
1234 546 1364 571 ILLIUS
1395 547 1565 572 SANATO.

206 627 228 681 ᾗ
265 628 361 669 598.
410 626 630 668 ARMORUM
666 628 797 682 gloria
838 643 969 683 nuper
1006 627 1225 683 insignitus
1262 633 1303 669 et
1337 628 1506 670 militari
1541 629 1679 684 gladio

146 693 356 734 accinctus
383 691 550 748 juvenis
587 694 755 747 quidam
796 695 960 735 nomine
992 694 1216 744 Jordanus,
1250 694 1409 735 QHeliae
1433 695 1680 737 Escollande

146 756 266 808 filius,
299 760 437 814 gravis
468 760 574 801 forte
606 761 865 815 aegritudinis
896 761 1127 802 molestiam
1155 761 1341 805 incurrit.
1405 761 1512 802 Nam
1546 761 1680 816 capite

147 829 236 866 toto
258 840 352 866 eum
373 826 506 867 omnis
528 826 622 867 colli
648 824 736 881 ejus
758 842 957 883 compage
979 825 1135 877 inflato,
1159 827 1349 869 omnibus
1371 834 1412 869 et
1434 828 1511 869 sibi
1536 828 1679 883 despe-

196 932 207 952 1
235 932 444 979 Benedirit]
474 932 548 965 The
565 943 777 977 anonymous
796 932 958 965 Harleian
983 932 1121 977 Legend
1142 932 1220 966 thus
1242 939 1391 966 narrates
1409 932 1466 966 the
1484 945 1577 966 same
1596 933 1681 966 inci-

150 978 254 1013 dent:
283 980 304 997 ‘⁶
320 979 455 1012 Fratres
482 978 523 1012 de
549 979 716 1012 Fontibus
743 979 846 1011 vitam
874 978 963 1012 beati
990 979 1129 1012 Godriei
1157 979 1199 1012 ad
1221 979 1433 1013 scribendam
1460 986 1635 1025 acceperat
1658 992 1678 1013 a

148 1025 437 1059 Dunelmensibns
455 1031 655 1058 mutuatam.
705 1025 795 1067 Quia
807 1037 882 1058 vero
901 1025 1074 1070 exemplar
1091 1037 1157 1058 non
1176 1032 1246 1059 erat
1264 1026 1505 1070 illuminatum,
1523 1026 1680 1060 volebant

148 1071 233 1104 illud
251 1071 419 1105 coloribus
437 1072 610 1114 adornare,
629 1078 661 1104 et
680 1083 760 1104 cura
781 1071 856 1104 haec
873 1078 924 1104 est
942 1072 1123 1105 commissa
1141 1072 1280 1106 cantori.
1331 1072 1399 1115 Qui
1425 1079 1560 1118 propter
1578 1073 1679 1106 devo-

148 1118 275 1151 tionem
301 1129 402 1162 quam
427 1117 574 1151 habebat
600 1129 677 1162 erga
702 1118 864 1151 Sanctum
891 1118 1078 1151 Godrieum
1102 1118 1167 1152 hoc
1193 1130 1276 1163 opus
1306 1119 1450 1152 libenter
1479 1120 1620 1164 00001111,
1645 1126 1678 1153 01.

151 1163 329 1208 diligenter
347 1164 507 1210 explevit.
560 1164 679 1209 Itaque
704 1164 784 1197 (111111
803 1164 892 1197 circa
908 1164 1033 1209 ipsum,
1051 1171 1087 1198 111
1106 1165 1208 1198 1110115
1228 1172 1288 1207 051,
1307 1165 1387 1198 10110
1406 1167 1561 1209 jacerent
1578 1166 1677 1199 undi-

150 1222 215 1255 que
241 1217 403 1256 separata,
426 1210 598 1256 pulsatum
617 1218 667 1244 est
685 1211 726 1244 ad
752 1211 1021 1255 completorium,
1040 1217 1072 1244 et
1096 1211 1254 1254 surrexit,
1273 1212 1430 1245 omnibus
1448 1213 1494 1245 ita
1516 1213 1677 1246 dimissis.

150 1257 228 1291 Nec
244 1258 355 1303 potuit
373 1269 412 1290 ea
429 1263 527 1291 nocte
550 1264 685 1302 propter
702 1257 829 1290 ordinis
852 1257 1048 1291 institutum
1070 1257 1150 1291 illuc
1168 1258 1313 1302 amplius
1331 1270 1492 1292 remeare.
1544 1259 1679 1292 Interea

150 1304 332 1337 vehemens
357 1303 504 1349 procella
530 1303 642 1337 subito
665 1310 716 1337 est
744 1310 870 1346 exorta,
891 1310 1009 1337 ventus
1031 1305 1144 1338 onmia
1162 1305 1325 1346 concutit,
1346 1304 1460 1350 pluvia
1483 1305 1676 1339 madefacit.

151 1349 228 1383 Hoc
246 1350 363 1384 videns
387 1350 444 1383 ille
469 1350 614 1383 nimium
633 1350 861 1393 conturbatur,
881 1350 960 1395 quia
984 1350 1078 1384 100115
1103 1351 1137 1384 111
1161 1363 1226 1396 (1110
1244 1351 1292 1384 510
1319 1351 1470 1397 (115110150
1487 1352 1677 1396 reliquerat,

149 1403 248 1430 vento
266 1396 368 1430 simu]
390 1396 566 1442 expositus
587 1404 657 1430 erat
681 1403 714 1430 et
737 1397 874 1442 pluviae.
925 1397 1068 1431 Consilii
1091 1399 1237 1438 nescius,
1263 1398 1376 1431 animo
1399 1405 1513 1431 tamen
1537 1399 1678 1432 interius

148 1443 317 1487 anxiatur,
348 1444 508 1488 quoniam
533 1443 564 1476 01
592 1443 633 1476 (10
667 1450 837 1477 conventu
871 1443 984 1488 egredi
1016 1456 1084 1477 non
1116 1444 1252 1478 licebat.
1303 1444 1386 1478 Post
1419 1445 1678 1490 completorium

149 1489 324 1534 oportebat
349 1501 427 1523 011111
452 1489 495 1523 acl
521 1490 644 1535 quietis
668 1490 781 1523 locum
808 1490 855 1523 ire
881 1501 958 1523 cum
985 1491 1126 1532 caeteris,
1148 1491 1220 1535 ipse
1247 1497 1361 1524 tamen
1384 1492 1593 1536 requiescere
1611 1503 1679 1525 non

150 1536 293 1569 valebat.
342 1536 559 1570 Decumbens
584 1536 686 1581 igitur
711 1536 817 1570 tristis
844 1536 879 1569 in
908 1536 1007 1580 lecto,
1033 1537 1157 1571 divinae
1181 1537 1407 1571 miserationis
1433 1538 1600 1571 auxilium
1629 1538 1680 1571 sic

149 1582 291 1616 devotus
316 1582 497 1627 implorat:
525 1585 534 1601 ⁴
546 1584 668 1616 Amice
686 1583 763 1627 Dei,
790 1583 1004 1616 sanctissime
1022 1584 1182 1627 Godrice,
1205 1591 1264 1617 tuo
1285 1584 1448 1629 benignus
1473 1584 1564 1629 operi
1587 1596 1679 1618 1111110

148 1628 276 1663 adesto.
328 1629 479 1662 Ventum
513 1629 647 1674 repelle,
672 1629 815 1662 imbrem
841 1629 1021 1674 suspende,
1048 1631 1221 1675 utriusque
1247 1630 1441 1663 violentiam
1469 1631 1615 1676 praepedi
1647 1637 1679 1664 et

150 1687 340 1721 compesce,
371 1675 491 1720 collige
522 1675 695 1721 dissipata,
722 1675 865 1709 defende
895 1676 1048 1715 collecta,
1077 1683 1114 1710 ut
1143 1689 1202 1722 per
1230 1683 1264 1710 te
1290 1683 1412 1710 cuncta
1440 1683 1680 1711 conserventur

152 1722 282 1756 illaesa.’
333 1722 415 1755 Post
442 1723 628 1755 orationem
655 1722 851 1766 hujusmodi
882 1722 1094 1766 obdormivit,
1119 1730 1152 1756 et
1177 1735 1256 1756 ecce
1280 1724 1328 1756 vir
1353 1724 1490 1768 quidam
1516 1724 1624 1757 astitit
1649 1723 1680 1756 01

154 1768 290 1803 dicens:
320 1769 479 1802 ‘Servum
498 1768 563 1802 Dei
582 1769 769 1802 Godricum
788 1775 820 1802 et
838 1768 1057 1802 habitationis
1083 1771 1156 1813 ejus
1175 1769 1289 1803 locum
1315 1770 1462 1803 multum
1481 1770 1679 1804 desiderasti

152 1814 276 1858 videre,
289 1815 454 1848 hactenus
477 1826 545 1848 non
563 1815 689 1849 vidisti.
727 1815 832 1860 Surge
854 1815 956 1848 modo
974 1822 1007 1849 et
1025 1827 1164 1861 sequere
1181 1828 1248 1859 me,
1266 1822 1303 1849 ut
1318 1817 1493 1850 ostendam
1511 1817 1571 1850 tibi
1591 1816 1681 1862 quod

153 1867 327 1907 tantopere
354 1861 569 1906 concupisti.’
620 1861 707 1895 Mox
737 1861 778 1894 ab
807 1862 865 1895 illo
895 1862 929 1895 in
949 1862 1162 1896 Finchaliam
1190 1868 1241 1896 est
1269 1863 1462 1908 perductus,
1482 1870 1611 1897 etcum
1641 1875 1681 1896 eo

153 1914 275 1941 cuncta
297 1908 388 1941 illins
410 1907 629 1941 habitationis
646 1908 730 1951 loca,
749 1914 818 1941 tam
836 1908 936 1953 plana
954 1921 1055 1953 quam
1081 1909 1248 1942 silvestria
1273 1909 1497 1954 perlustravit.
1548 1909 1682 1943 Deinde

153 1966 334 1988 conversus
361 1955 407 1988 ait
429 1954 471 1987 ad
489 1966 566 1988 eum
582 1967 588 1988 :
616 1957 625 1974 ⁶
638 1954 722 1988 Haee
740 1955 803 1988 fuit
820 1954 985 1988 habitatio
1004 1955 1156 1998 Godrici,
1174 1962 1207 1989 et
1225 1956 1296 2000 ipse
1316 1956 1484 1990 Godricus
1513 1956 1592 1990 talis
1616 1956 1682 1989 fuit

155 2000 289 2045 qualem
317 2007 353 2034 tu
379 2001 547 2046 conspicis
574 2013 629 2034 me
657 2013 747 2034 nunc
773 2001 870 2035 esse.'
919 2001 1111 2035 Monachus
1129 2002 1307 2047 diligenter
1324 2003 1470 2036 intendit
1487 2003 1522 2036 in
1541 2015 1630 2045 eum,
1648 2008 1681 2035 et

152 2047 295 2080 formam
325 2047 431 2093 ipsius
460 2047 594 2092 qualem
622 2047 773 2081 audierat
801 2060 820 2081 a
848 2048 1062 2081 narrantibus
1087 2048 1292 2093 recognovit.
1345 2049 1441 2082 Tune
1466 2050 1579 2094 ignem
1597 2048 1682 2082 vidit

150 2105 332 2127 accensum
345 2095 447 2137 juxta
465 2106 565 2138 quem
584 2094 632 2127 vir
650 2094 715 2127 Dei
734 2094 857 2134 stabat,
876 2100 908 2127 et
925 2094 1086 2139 praedicta
1103 2094 1184 2128 folia
1201 2101 1319 2128 tenens
1338 2095 1370 2128 in
1384 2096 1541 2129 manibus
1553 2095 1682 2129 colores

153 2139 313 2174 humidos
346 2140 549 2183 exsiccabat,
569 2147 602 2173 et
620 2141 667 2174 ait
684 2153 690 2174 ε
726 2143 733 2158 ‘
750 2141 840 2174 Ecce
856 2140 942 2174 liber
959 2152 1056 2174 meus
1074 2153 1173 2185 quem
1192 2148 1230 2174 tu
1246 2153 1332 2174 meae
1350 2153 1423 2175 sero
1441 2142 1572 2175 custodi
1592 2154 1684 2175 com-

154 2186 332 2229 mendasti,
351 2194 385 2219 et
400 2193 534 2231 gratum
560 2187 667 2220 habeo
692 2187 854 2220 honorem
873 2199 973 2232 quem
992 2194 1030 2220 tu
1046 2187 1131 2221 mihi
1150 2189 1183 2221 in
1202 2188 1275 2231 ejus
1293 2188 1541 2222 illuminatione
1558 2188 1682 2222 fecisti.

156 2233 270 2276 Hujus
288 2245 420 2278 quoque
437 2233 628 2266 mercedem
647 2234 757 2279 operis
775 2234 809 2267 in
828 2239 887 2266 tua
903 2233 1104 2267 necessitate
1129 2246 1188 2279 per
1206 2234 1270 2267 Dei
1295 2235 1437 2278 gratiam
1456 2235 1688 2280 consequeris.

156 2278 209 2312 De
234 2279 323 2312 foliis
350 2280 612 2324 circumquaque
638 2280 797 2325 dispersis
823 2291 890 2313 non
915 2279 1106 2314 solliciteris
1132 2280 1284 2323 ulterius,
1303 2281 1462 2325 quoniam
1485 2282 1686 2314 intemerata

157 2325 316 2370 respicies
342 2326 524 2359 universa!
573 2326 638 2359 His
665 2326 765 2359 dictis
793 2326 930 2359 domum
958 2326 1094 2359 reduxit
1120 2338 1197 2359 011111
1226 2332 1327 2371 atque
1353 2327 1527 2373 disparuit.
1578 2327 1684 2360 Mane

157 2371 256 2414 facto,
280 2371 361 2405 folia
379 2383 455 2416 quae
479 2372 612 2405 fuerant
636 2379 790 2417 separata
812 2373 958 2417 repperit
981 2373 1015 2405 in
1038 2373 1315 2417 quaternionibus
1338 2380 1428 2407 recte
1447 2374 1634 2419 composita
1652 2379 1685 2406 et

157 2429 323 2460 connexa,
342 2425 376 2451 et
392 2430 491 2463 super
516 2418 669 2463 pluteum
688 2418 861 2461 collocata,
885 2418 1014 2452 litteras
1040 2431 1173 2463 quoque
1191 2431 1308 2452 omnes
1326 2426 1359 2453 et
1384 2421 1532 2465 picturas
1557 2419 1685 2453 invenit

158 2464 277 2506 siccas,
294 2465 452 2509 integras,
472 2471 505 2497 et
523 2465 654 2499 illaesas.
693 2464 756 2498 Ille
775 2465 991 2498 vehementer
1008 2465 1190 2507 admirans,
1208 2466 1367 2499 fratribus
1386 2466 1567 2509 advocatis,
1586 2477 1686 2499 even-

157 2516 229 2543 tum
256 2511 302 2543 rei
328 2522 386 2555 per
411 2511 563 2544 ordinem
590 2512 765 2553 enarravit,
792 2517 825 2544 et
851 2517 1031 2556 quaternos
1060 2512 1200 2557 protulit
1228 2518 1260 2544 et
1286 2512 1446 2546 ostendit.
1497 2512 1685 2558 Inquisitus

157 2562 269 2589 autem
297 2557 339 2590 ab
369 2557 410 2590 iis
446 2557 503 2602 qui
539 2556 653 2590 locum
679 2563 713 2590 et
738 2557 847 2590 virum
882 2557 947 2591 Dei
970 2558 1138 2591 viventem
1167 2558 1329 2600 viderant,
1360 2559 1534 2591 verissime
1572 2569 1686 2591 coram

157 2603 314 2636 omnibus
340 2603 538 2648 qualitatem
557 2604 732 2649 utriusque
750 2604 939 2649 descripsit.
990 2604 1126 2638 Fratres
1151 2603 1225 2637 haec
1246 2604 1434 2647 audientes,
1458 2604 1521 2637 Dei
1543 2604 1686 2649 gratiam

157 2649 287 2682 devotis
305 2649 477 2682 mentibus
495 2649 769 2684 collaudabant.⁷’

204 2695 217 2713 ²
245 2695 349 2729 Helz'ae
369 2695 696 2742 Escollcmdefilius]
727 2696 810 2729 This
838 2696 977 2739 Jordan,
1004 2696 1060 2729 the
1087 2708 1146 2730 son
1174 2696 1211 2729 of
1234 2696 1327 2730 Elias
1355 2696 1548 2738 Escolland,
1568 2708 1686 2729 occurs

157 2741 349 2786 frequently
367 2741 400 2774 in
419 2742 475 2775 the
494 2742 642 2775 chartei-s
664 2742 805 2787 granted
828 2749 863 2775 to
889 2743 1063 2776 Finchale.
1114 2743 1177 2775 See
1197 2742 1361 2775 Finchale
1381 2743 1509 2787 Priory,
1528 2755 1583 2788 pp.
1603 2745 1633 2784 3,
1652 2744 1686 2784 4,

158 2790 191 2828 5,
210 2788 273 2820 dre.
324 2787 428 2829 Elias,
447 2788 504 2821 the
521 2788 640 2831 father,
660 2789 688 2822 is
706 2789 796 2822 often
816 2789 1011 2822 mentioned
1037 2788 1083 2833 by
1101 2789 1237 2822 Surtees
1256 2800 1292 2821 as
1319 2801 1337 2822 a
1360 2789 1451 2834 large
1476 2788 1687 2831 landholdcr,

158 2833 224 2866 vol.
243 2834 264 2867 i.
284 2846 316 2879 p.
335 2836 364 2877 2,
383 2846 438 2879 pp.
457 2836 487 2877 3,
507 2837 537 2877 5,
558 2835 621 2868 &a
