1839 3186
204 189 287 229 Δ138
711 200 945 232 LIBELLUs
982 201 1046 231 DE
1083 200 1201 232 VITA

202 301 343 352 derat3
380 317 527 357 nempe
549 304 710 345 avicula
731 304 954 360 nigerrima
982 319 1106 359 quam
1135 303 1330 346 citissime
1351 303 1550 345 advolans
1581 302 1737 344 adven-

204 368 337 418 tabat,
360 373 402 409 et
420 384 636 412 occurrens
656 371 788 412 bobus
809 372 1023 412 arantibus
1044 376 1175 412 rostro
1193 371 1339 425 capitis
1360 370 1439 412 illis
1461 370 1593 411 minas
1609 369 1738 410 torvis

205 435 440 488 aspectibus
460 435 676 478 inferebat,
740 437 861 489 Quod
885 438 1010 479 boves
1024 436 1164 493 jugati
1186 437 1387 486 videntes,
1405 451 1504 477 mox
1526 435 1738 476 dementes

208 499 344 541 effecti
374 517 447 556 per
469 502 590 544 devia
624 503 894 554 diverterunt,
918 509 959 544 et
981 504 1128 558 saepius
1159 503 1310 544 aculeis
1340 502 1555 552 stimulati,
1579 516 1738 555 semper

208 566 342 608 sulcos
381 568 577 610 distortos
612 569 740 610 aratri
777 570 1066 618 confecerunt3
1102 574 1143 610 et
1180 569 1349 610 tandem
1388 568 1573 609 conando
1609 568 1739 608 reluc-

189 637 348 675 tantes
361 632 467 689 juga
494 650 569 676 sua
590 635 739 690 singuli
761 636 1064 690 confregerunt.
1125 635 1230 676 Erat
1251 635 1357 676 forte
1387 634 1548 676 avicula
1568 634 1639 675 illa
1668 648 1737 674 ne-

210 699 434 753 quitiarum
466 701 604 755 aliqua
638 701 914 756 spiritualium
946 704 988 743 in
1024 702 1269 751 coelestibus,
1306 716 1394 755 quae
1430 701 1559 742 talem
1586 715 1612 741 a
1646 699 1737 740 Deo

210 771 449 821 perceperat
470 773 724 822 potestatem
745 768 913 811 ultionis
934 768 1156 809 inferendae
1178 768 1219 809 in
1240 773 1472 822 peccantes,
1489 767 1556 808 vel
1575 766 1618 807 in
1639 781 1740 820 prae«

211 833 457 887 sumptionis
492 849 608 875 novae
648 834 886 877 cultoribus.
950 835 1030 887 Qui
1067 835 1253 875 furentes
1288 839 1330 875 et
1362 834 1636 875 discurrentes
1668 846 1742 887 per

210 898 331 940 devia
365 914 559 954 agrorum
595 906 636 942 et
669 901 781 942 invia-
816 902 1025 952 silvarum,
1057 916 1133 942 nec
1167 900 1270 956 cogi,
1307 901 1410 955 capi,
1443 900 1508 942 vel
1543 897 1740 940 refrenari

209 969 402 1019 poterant
418 983 429 1014 ;
455 967 550 1020 quia
564 967 774 1009 dementia
794 968 891 1018 acti,
910 983 1073 1009 sensum
1090 982 1255 1008 omnem
1276 967 1440 1007 omnino
1457 965 1737 1021 perdiderant.

211 1031 400 1086 Denique
422 1048 493 1087 per
515 1033 623 1088 ripes
648 1033 761 1075 collis
782 1034 972 1076 altissimi
994 1049 1035 1075 se
1060 1033 1292 1088 praecipites
1312 1033 1353 1074 in
1375 1048 1540 1074 amnem
1561 1031 1645 1073 vivi
1665 1029 1739 1072 flu-

211 1098 333 1139 minis
365 1098 638 1154 projecerunt,
663 1106 703 1141 et
725 1100 787 1141 ita
822 1100 990 1155 quidam
1022 1105 1182 1151 nantes,
1206 1100 1275 1140 alii
1308 1115 1350 1141 se
1370 1099 1413 1140 in
1434 1098 1549 1153 aquis
1578 1097 1741 1139 convol-

209 1168 366 1214 ventes,
389 1171 597 1219 postremo
619 1167 802 1208 omnium
825 1167 974 1222 singuli
1002 1181 1122 1222 agros
1143 1167 1444 1207 circumeuntes
1471 1166 1561 1206 loca
1581 1163 1741 1205 marina

211 1230 446 1284 petierunt;
479 1233 588 1273 unde
622 1249 749 1288 usque
779 1234 832 1274 ad
863 1249 977 1275 mare
1010 1233 1289 1283 advenientes,
1320 1232 1431 1286 quod
1466 1232 1609 1272 decem
1644 1229 1739 1270 inde

212 1297 441 1339 miliaribus
462 1299 620 1349 aberat,
643 1300 686 1341 in
711 1315 824 1341 mare
847 1316 888 1342 se
918 1299 1226 1355 praecipitantes
1253 1314 1379 1354 prope
1407 1298 1577 1339 modum
1599 1310 1740 1337 omnes

210 1363 425 1419 naufragio
448 1365 714 1420 deperissent,
737 1366 815 1408 nisi
837 1367 915 1407 hoc
935 1366 1059 1408 vicini
1084 1365 1382 1421 comperientes
1402 1370 1443 1406 et
1464 1363 1628 1419 navigio
1649 1362 1740 1403 illos

211 1431 523 1484 praevenientes,
546 1433 636 1475 illos
658 1448 683 1474 a
703 1431 896 1474 fluctibus
922 1433 1121 1474 eruissent
1140 1450 1150 1480 ε,
1186 1447 1287 1486 quos
1311 1432 1423 1486 apud
1449 1431 1676 1472 Strantune
1697 1429 1740 1469 in

212 1497 319 1551 sepis
353 1499 419 1539 vel
453 1498 642 1541 domibus
673 1499 944 1549 includentes,
976 1499 1089 1541 velut
1117 1499 1311 1540 animalia
1341 1498 1543 1539 indomita
1578 1495 1739 1537 conclu-

212 1578 312 1614 sere,
338 1568 380 1604 et
401 1565 595 1606 triduano
617 1564 709 1621 jam
730 1565 861 1607 victos
882 1581 930 1607 ac
960 1566 1156 1620 fatigatos
1175 1564 1348 1621 jejunio,
1370 1565 1442 1606 vix
1462 1563 1519 1605 sic
1550 1578 1618 1604 eos
1646 1562 1740 1603 edo-

213 1644 324 1670 mare
357 1632 620 1685 praevaluere,
684 1632 801 1673 Servi
831 1647 928 1674 vero
960 1632 1101 1673 domni
1132 1631 1194 1673 sui
1226 1630 1442 1673 ¹animalia
1477 1629 1554 1671 sibi
1585 1628 1743 1670 credita

215 1696 309 1749 (sed
338 1697 521 1752 perdita)
547 1699 842 1753 perquirentes,
865 1698 946 1740 illic
968 1713 1036 1740 eos
1060 1713 1142 1739 non
1170 1698 1269 1739 satis
1299 1697 1552 1738 admirantes
1582 1711 1740 1750 repere-

212 1768 323 1813 runt,
347 1765 419 1804 sed
449 1780 528 1818 quo
563 1780 668 1806 unus
698 1766 823 1807 boum
850 1765 1033 1820 ipsorum
1067 1764 1298 1806 devenisset
1328 1779 1538 1817 nunquam
1571 1768 1741 1804 eatenus

211 1829 461 1885 investigare
491 1832 808 1886 praevaluerunt.
872 1831 998 1873 Domi
1029 1846 1126 1873 vero
1161 1831 1252 1872 illos
1285 1830 1555 1880 recludentes,
1586 1835 1740 1870 terram

212 1895 289 1937 viri
328 1896 409 1937 Dei
443 1898 710 1952 postmodum
747 1898 985 1953 contingere
1025 1897 1193 1939 minime
1228 1912 1547 1952 praesumpsere3
1587 1895 1659 1937 sed
1699 1900 1741 1936 et

214 1961 411 2003 domnum
443 1978 562 2005 suum
583 1964 690 2006 infra
721 1964 807 2007 dies
839 1965 1062 2015 duodenos,
1087 1979 1206 2019 poena
1237 1963 1390 2005 coelesti
1411 1963 1585 2013 vindice,
1607 1971 1741 2003 mort-e

213 2035 476 2083 praereptum,
499 2030 723 2084 plurimum
746 2030 1010 2072 condolentes
1031 2045 1263 2085 percepere.

274 2096 296 2149 ᾗ
321 2097 418 2137 556.
457 2096 526 2137 Sic
548 2112 643 2151 ergo
664 2097 859 2138 animalia
888 2098 1012 2138 bruta
1041 2111 1180 2151 poenas
1210 2095 1420 2137 sensibiles
1450 2095 1632 2136 insenses
1662 2093 1740 2136 ‘²ef-

215 2161 324 2203 fecta
354 2162 587 2216 pertulere;
621 2163 693 2204 sed
724 2163 812 2204 viro
847 2163 927 2204 Dei
960 2163 1238 2218 dispensante,
1263 2162 1359 2216 quia
1390 2162 1432 2202 in
1462 2161 1597 2217 ipsum
1627 2161 1742 2216 igno-

213 2232 354 2269 ranter
382 2228 655 2282 deliquerant,
685 2229 859 2270 redditis
893 2230 1090 2279 sensibus,
1123 2228 1287 2270 veniam
1318 2228 1509 2282 consequi
1538 2242 1739 2269 meruere.

216 2293 292 2334 Ille
314 2309 410 2335 vero
432 2295 500 2348 qui
521 2295 563 2335 in
586 2310 680 2336 eum
708 2296 883 2337 scienter
905 2295 1134 2350 deliquerat
1158 2295 1304 2336 mortis
1331 2294 1579 2336 sententiam
1610 2294 1740 2348 perfe-

212 2360 344 2410 rebat,
367 2361 463 2414 quia
491 2360 598 2402 forte
618 2376 691 2416 per
713 2361 896 2403 dolorem
925 2362 1070 2404 mortis
1092 2361 1340 2403 sententiam
1362 2375 1557 2403 evasurus
1583 2360 1740 2401 ultimae

213 2426 581 2468 condemnationis.
643 2427 711 2468 Sic
736 2428 890 2469 etenim
920 2428 1041 2469 multi
1072 2427 1287 2469 hominum
1319 2427 1569 2481 temporaria
1595 2426 1742 2467 mortis

214 2507 333 2547 poena
363 2493 548 2549 perplexi
579 2493 793 2543 feriuntur,
815 2499 862 2534 ut
884 2509 956 2548 per
984 2509 1122 2549 poenas
1149 2494 1245 2536 vitae
1275 2491 1397 2549 hujus
1426 2492 1686 2534 transitorias
1716 2507 1742 2533 a

213 2560 424 2613 perpetuis
445 2559 460 2581 ³
465 2560 664 2614 gehennae
680 2559 881 2601 incendiis
901 2560 1154 2607 liberentur3
1189 2565 1314 2614 atque
1335 2565 1476 2600 tamen
1497 2558 1586 2600 aliis
1603 2573 1741 2599 exem-

211 2626 279 2679 plo
301 2624 402 2666 fiant
425 2631 465 2667 et
487 2626 646 2675 terrori,
658 2626 757 2667 dum
778 2625 879 2666 nulli
906 2626 1119 2667 hominum
1142 2641 1214 2680 pro
1236 2625 1396 2680 peccati
1412 2623 1579 2680 flagitiis
1599 2625 1642 2665 in
1662 2625 1740 2664 hac

214 2691 338 2732 etiam
361 2691 448 2733 vita
467 2692 661 2734 videatur
681 2707 706 2733 a
728 2692 908 2732 Domino
933 2692 1059 2746 parci.
1113 2691 1182 2732 Sic
1205 2691 1383 2732 Sanctus
1405 2690 1608 2732 Godricus
1629 2695 1740 2731 utro-

213 2757 334 2811 bique
360 2773 401 2798 se
423 2758 728 2812 permirabilem
760 2757 956 2807 ostendit,
981 2757 1080 2798 dum
1107 2757 1203 2798 hine
1234 2757 1479 2798 mortalibus
1505 2757 1741 2811 exemplum

261 2862 266 2875 '
286 2861 483 2906 >Animalia]
510 2862 574 2896 Vel
593 2868 753 2905 armenta,
774 2861 848 2896 MS.
868 2862 967 2894 Bodl.
1126 2862 1138 2879 ²
1158 2860 1316 2907 Effecta]
1344 2860 1479 2904 Effecti,
1499 2860 1574 2894 MS!
1594 2859 1693 2893 Bodl.

631 2912 642 2927 ³³
664 2906 855 2954 [leheman]
885 2907 1045 2950 lchcnno,
1065 2908 1138 2942 MS.
1160 2907 1259 2941 Bodl.
