1839 3186
532 231 591 262 ET
627 231 893 264 MIRACULIS
930 233 965 264 S.
998 233 1214 265 GODRICI.
1560 224 1643 264 403

100 348 227 375 unam
248 333 455 384 amiserat,
474 349 576 388 quae,
598 334 694 375 illuc
714 336 894 377 secundo
914 338 1096 389 veniens,
1117 339 1340 381 sanitatem
1363 354 1486 393 quam
1505 344 1646 395 postu-

98 400 213 441 labat
235 404 463 455 acceperat.

612 482 684 538 [DE
716 499 898 525 MULIERE
930 486 1126 543 sANATA.]

157 597 297 649 §460.
330 596 505 638 FEMINA
546 598 689 648 altera,
728 598 859 640 Eltan
899 605 1057 650 vocata,
1103 601 1153 641 de
1198 602 1407 652 Mulnum,
1451 603 1641 644 omnibus

97 663 182 704 fere
213 663 410 705 membris
442 662 651 706 infirmata
683 680 731 706 ae
765 666 933 720 insuper
964 668 1081 709 annis
1112 668 1255 710 multis
1287 668 1433 710 auditu
1464 669 1639 724 privata,

97 730 180 771 illic
202 729 253 771 de
272 734 446 784 utroque
468 732 610 773 morbo
630 737 692 773 est
713 732 900 773 liberata.

558 892 669 918 XCIV.
707 893 758 918 DE
789 893 904 918 MUTA
937 894 985 919 ET
1020 895 1162 921 sURDA.

155 991 176 1045 ᾗ
199 992 298 1033 461.
324 991 513 1033 ANCILLA
535 993 725 1047 quaedam
748 993 798 1034 de
817 993 1023 1049 Heselrig,
1048 994 1255 1036 Eleuuiua
1279 996 1403 1045 dieta,
1428 1011 1500 1050 per
1523 996 1638 1050 quin-

96 1058 319 1111 quennium
351 1064 392 1100 et
423 1074 584 1101 menses
615 1064 793 1113 quatuor
823 1065 952 1111 muta,
992 1066 1034 1102 et
1069 1061 1259 1103 similiter
1293 1067 1411 1103 tanto
1450 1068 1636 1118 tempore

94 1123 230 1175 surda,
254 1124 305 1166 de
326 1130 500 1180 utraque
522 1131 638 1181 peste
659 1126 716 1167 ibi
739 1131 801 1167 est
823 1132 982 1168 sanata.

519 1289 611 1314 XCV.
645 1288 696 1313 DE
727 1289 823 1313 ALIA
856 1288 1014 1314 PUELLA
1044 1288 1211 1314 INSANA.

151 1389 169 1441 ᾗ
193 1390 292 1431 462.
327 1389 550 1431 PUELLULA
574 1390 777 1444 quaedam,
800 1395 924 1432 aetate
946 1390 1112 1444 quidem
1126 1388 1354 1444 juvencula
1375 1403 1423 1429 ac
1445 1389 1632 1430 sensibus

92 1456 328 1506 immatura,
352 1456 550 1497 Emeloth
571 1455 656 1497 filia
677 1457 881 1498 Asceloth
902 1457 1129 1516 voeata,rin
1150 1456 1241 1498 vico
1269 1455 1448 1510 quodam
1471 1455 1632 1497 Dunel-

91 1522 222 1564 mensi
253 1523 322 1577 qui
345 1523 598 1565 Alvertunes
629 1528 756 1565 strete
789 1524 954 1574 dicitur,
987 1524 1123 1564 fuerat
1145 1523 1333 1564 oriunda.
1397 1522 1498 1574 Quae
1531 1522 1630 1564 dum

91 1603 184 1629 cum
222 1590 439 1631 coaetaneis
474 1590 651 1640 lusisset,
686 1605 735 1631 ac
769 1591 983 1632 ecclesiam
1016 1589 1137 1631 Beati
1171 1589 1404 1640 Guthberti,
1443 1590 1632 1643 quamvis

90 1655 296 1710 ignorans,
318 1655 484 1697 1illicite
505 1656 729 1707 introisset,
761 1657 866 1698 adeo
899 1658 1082 1698 exsensis
1102 1657 1234 1697 multo
1256 1661 1443 1711 tempore
1466 1656 1630 1697 exstitit

90 1722 200 1775 quod
231 1721 374 1763 idiotae
406 1723 636 1764 senescenti
657 1723 881 1765 consimilis
904 1724 1064 1765 cunctis
1085 1723 1292 1778 apparuit.
1357 1723 1457 1775 Quae
1488 1727 1535 1763 ut
1560 1723 1629 1763 illo

89 1788 215 1838 venit,
251 1788 386 1830 sanari
422 1790 663 1844 promeruit.
734 1790 918 1831 Pulchra
963 1790 1090 1845 igitur
1125 1789 1411 1830 admirationis
1447 1788 1527 1830 fide
1561 1789 1629 1830 1110

89 1855 248 1896 cunctis
284 1855 479 1905 innotuit,
503 1856 598 1909 quia
630 1871 754 1910 quam
787 1856 945 1897 Beatus
980 1855 1236 1898 Outhbertus
1271 1871 1345 1910 pro
1382 1856 1625 1911 ignorantiae

89 1935 172 1961 suae
194 1921 315 1976 culpa
345 1921 559 1976 ligaverat,
591 1923 699 1964 hanc
721 1923 783 1964 vir
815 1922 985 1964 Domini
1017 1922 1222 1963 Godricus
1253 1937 1327 1963 sua
1358 1922 1578 1963 clementia
1601 1938 1627 1963 a

88 1987 263 2029 vinculis
293 1988 406 2029 beati
433 1987 639 2043 pontificis
664 1989 961 2031 absolvendam
986 1989 1297 2044 impetraverat.
1360 1989 1465 2030 Cum
1496 1989 1625 2043 igitur

87 2054 198 2107 quod
227 2069 333 2095 unus
360 2055 505 2109 ligavit
536 2056 641 2097 alter
671 2056 862 2106 absolvit,
886 2056 1015 2110 liquet
1046 2055 1231 2111 profecto
1254 2055 1413 2096 cunctis
1434 2054 1624 2096 fidelibus

86 2120 196 2174 quod
225 2121 411 2162 maxima
441 2122 798 2164 confoederationis
830 2122 1017 2172 dulcedo,
1051 2127 1091 2163 et
1124 2122 1291 2163 dilectio
1323 2127 1364 2162 et
1395 2122 1622 2163 voluntatis

85 2186 195 2241 paris
216 2187 408 2238 assentio,
434 2188 543 2230 inter
562 2188 653 2231 illos
673 2189 716 2230 in
738 2190 890 2231 coelesti
912 2188 1063 2244 2gloria
1085 2189 1152 2233 sit.

134 2313 141 2331 ¹
171 2311 296 2346 Illicite
321 2313 515 2359 introisset]
559 2313 709 2347 Women
726 2326 813 2347 were
839 2313 972 2358 strictly
988 2313 1167 2346 forbidden
1192 2319 1226 2346 to
1252 2319 1347 2346 enter
1369 2313 1426 2346 the
1447 2313 1619 2347 cathedra]

85 2358 123 2392 of
144 2359 193 2392 St.
214 2358 380 2392 Cuthbert
397 2366 432 2392 at
449 2360 613 2403 Durham,
632 2360 698 2393 and
721 2360 817 2393 those
836 2360 910 2392 who
929 2359 1091 2393 ventui-ed
1108 2365 1142 2392 to
1162 2359 1203 2392 do
1222 2371 1258 2392 so
1277 2371 1363 2392 were
1382 2360 1536 2393 detected
1554 2360 1619 2393 and

83 2405 251 2449 punished
269 2405 315 2450 by
333 2405 389 2438 the
408 2406 508 2439 saint.
556 2407 619 2439 See
637 2418 679 2440 an
697 2407 849 2439 instance
866 2407 901 2439 in
919 2405 1097 2450 Reginald,
1116 2405 1268 2439 Libellus
1287 2406 1327 2439 de
1346 2406 1380 2439 S.
1401 2406 1526 2440 Cuthb.
1546 2418 1619 2451 cap.

83 2451 194 2485 lxxiv.
244 2451 318 2484 The
335 2463 428 2485 same
446 2458 577 2486 custoni
603 2453 772 2497 prevailed
791 2453 825 2485 in
850 2452 908 2485 the
925 2451 1052 2485 011111011
1078 2459 1111 2485 at
1138 2452 1330 2495 Farne,—“
1343 2452 1447 2485 limen
1466 2453 1620 2486 00010513,ἱ

84 2498 272 2542 transgredi
288 2498 422 2531 mulieri
436 2499 573 2532 omnino
586 2510 654 2532 non
671 2499 804 2533 licuit.”
855 2499 918 2532 See
932 2498 1110 2541 Reginald,
1124 2510 1156 2544 p.
1175 2501 1252 2531 122.
1304 2498 1343 2531 In
1361 2498 1419 2531 the
1437 2500 1458 2518 “
1471 2499 1620 2532 Ancient

85 2544 307 2577 Monuments
325 2544 364 2577 of
385 2544 442 2578 the
462 2545 643 2578 Cathedral
668 2545 804 2578 Church
822 2545 860 2578 of
882 2545 1072 2589 Durhani,'⁷
1098 2545 1126 2578 is
1152 2557 1171 2578 a
1196 2544 1334 2589 chapter
1351 2544 1462 2578 which
1488 2546 1619 2590 assigns

84 2590 174 2623 “the
199 2602 317 2624 causes
334 2591 496 2625 wherfore
514 2603 646 2625 women
670 2603 750 2636 may
767 2598 826 2625 not
851 2603 986 2625 cumme
1012 2602 1046 2624 to
1071 2591 1129 2624 the
1154 2591 1313 2624 ferretore
1339 2592 1376 2624 of
1396 2591 1492 2624 Saint
1512 2591 1618 2624 Cuth-

83 2636 167 2681 bert,
186 2648 246 2670 nor
263 2643 298 2670 to
316 2643 410 2670 enter
426 2638 546 2672 within
564 2638 621 2671 the
638 2639 789 2683 precinct
806 2638 963 2671 annexed
979 2638 1014 2671 in
1031 2638 1089 2671 the
1105 2637 1355 2682 monasterye.”
1372 2649 1404 2682 p.
1423 2640 1479 2671 30.

131 2683 144 2704 ²
165 2682 288 2717 Gloria
303 2683 376 2730 sit]
406 2684 500 2718 Thus
519 2685 681 2729 abriclged
706 2685 741 2717 in
758 2685 816 2718 the
835 2684 998 2718 Harleian
1016 2684 1094 2718 MS.
1140 2685 1161 2702 ‘⁶
1178 2683 1296 2717 Puella
1313 2683 1469 2728 quaedam
1488 2683 1617 2716 Dunel-

83 2730 222 2773 mensis,
250 2735 349 2763 aetate
369 2731 565 2774 juvencula,
591 2731 746 2764 sensibus
771 2731 962 2774 immatura,
991 2731 1148 2764 Emelota
1172 2730 1320 2772 nomine,
1351 2730 1421 2762 suis
1447 2730 1617 2762 coetaneis

83 2775 285 2809 colludendo
302 2788 361 2820 per
378 2776 600 2821 ignorantiam
620 2778 734 2811 Sancti
749 2777 927 2810 Cuthberti
946 2777 1125 2810 ecclesiam
1144 2783 1192 2809 est
1211 2777 1372 2820 ingressa.
1407 2776 1492 2818 Quae
1509 2776 1617 2809 multo

81 2829 158 2867 post
174 2821 239 2855 hoc
257 2828 407 2867 tempore
425 2823 607 2857 indiscreta
624 2830 657 2857 et
670 2824 765 2868 quasi
782 2824 875 2856 fatua
893 2835 1025 2868 semper
1042 2823 1207 2868 apparuit.
1242 2822 1326 2855 Haec
1337 2823 1428 2855 venit
1446 2822 1488 2855 ad
1506 2822 1617 2867 sepul-

83 2880 176 2902 crum
193 2869 309 2902 Sancti
328 2868 479 2914 Godrici,
498 2876 531 2903 et
549 2882 630 2904 sana
646 2876 761 2903 mente
779 2869 971 2903 discessit.''

1343 2979 1430 3009 11112
