1839 3186
218 169 299 208 110
743 178 978 210 LIBELLUS
1011 179 1074 210 DE
1106 179 1222 210 VITA

211 381 299 407 CAP.
322 381 451 407 XLVII.
509 380 711 411 QUALITER
748 381 1094 407 TINTINNABULUM
1122 382 1213 408 EJUs
1236 381 1393 412 ABSQUE
1422 382 1528 408 OMNI
1550 382 1746 410 ALTERIUS

271 448 449 473 IMPULSU
474 448 551 473 PER
581 448 624 473 SE
665 448 810 473 SAEPIUS
845 448 1047 484 1NSONU1T,
1074 449 1123 474 ET
1150 449 1295 475 HORAM
1329 449 1465 475 DIVINI
1486 449 1629 475 OFFICII
1651 450 1746 475 VIRO

271 515 339 540 DEI
368 514 604 540 DECLARARE
628 514 863 540 CONSUEVIT.
882 499 895 521 1

271 615 415 669 §loa
447 613 596 655 OMNES
639 614 761 656 horas
797 613 1014 655 canonicas
1050 628 1150 668 quas
1184 613 1373 655 Ecclesia
1408 614 1613 656 celebrare
1650 629 1743 656 con-

209 681 357 731 suevit,
381 680 443 723 vir
463 681 554 731 iste,
588 680 774 735 quamvis
805 695 909 735 pene
939 679 1068 722 laicus
1090 684 1131 721 et
1152 679 1372 722 illiteratus
1393 680 1530 731 fuerit,
1554 681 1745 735 congruis

209 747 477 802 temporibus,
510 752 633 802 prout
661 748 856 788 horarum
889 746 1052 787 diversa
1094 746 1332 787 immutatio
1365 747 1553 801 expetiit,
1589 747 1743 789 imitari

210 829 294 855 non
317 813 477 855 destitit
497 831 506 862 3
542 818 583 854 et
608 813 796 867 quamvis
810 812 1026 863 Collectas,
1051 811 1256 868 Capitula,
1275 817 1316 854 et
1339 818 1475 854 cetera
1496 828 1594 855 usus
1615 814 1743 855 eccle-

211 880 364 922 siastici
386 879 519 921 officia
550 894 633 920 non
658 879 831 930 noverit,
865 884 1007 920 tamen
1029 894 1081 920 ex
1104 879 1283 921 Psalmis
1304 894 1406 934 quos
1440 879 1454 900 ²
1469 880 1670 921 didicerat
1701 886 1743 922 et

211 947 378 1001 reliquis
399 946 665 996 orationibus,
692 946 882 1000 quaedam
911 946 987 987 sibi
1009 946 1202 988 instituta
1223 951 1533 1001 composuerat;
1570 962 1743 1001 quorum

211 1014 349 1068 aliqua
370 1013 411 1054 in
432 1018 553 1054 nocte
575 1013 723 1063 media,
762 1014 842 1054 ista
872 1012 1029 1053 oriente
1049 1012 1152 1054 hora
1173 1012 1253 1053 diei
1276 1013 1526 1054 decantabat
1558 1013 1740 1064 3Prima,

210 1080 282 1121 illa
303 1081 527 1122 exsistente
562 1079 694 1121 Sexta
715 1080 779 1121 vel
803 1079 957 1130 Tertia,
981 1079 1178 1120 nonnulla
1199 1079 1325 1120 etiam
1348 1079 1481 1130 Nona,
1515 1095 1589 1135 pro
1620 1080 1742 1122 laude

212 1146 479 1202 Completorii
499 1146 565 1189 vel
585 1147 685 1188 hora
707 1151 817 1187 certe
843 1146 1108 1201 Vespertina.
1180 1146 1339 1199 Quibus
1358 1146 1418 1187 ita
1440 1151 1626 1201 tempore
1648 1162 1741 1188 con-

210 1229 313 1268 gruo
345 1213 615 1255 decantandis
650 1217 902 1261 assueverat,
933 1212 1043 1266 quod
1077 1228 1288 1266 nunquam
1320 1214 1517 1268 temporis
1548 1213 1741 1255 instantis

209 1281 355 1321 horam
376 1295 449 1335 pro
470 1280 636 1335 negotio
659 1279 796 1333 aliquo
818 1279 1072 1334 praeteribat.
1117 1278 1183 1320 Ob
1204 1278 1441 1334 hujusmodi
1462 1280 1588 1335 igitur
1608 1281 1742 1335 operis

209 1347 436 1402 negotium,
452 1346 734 1401 permodicum
754 1346 830 1388 sibi
851 1345 1120 1401 perquisierat
1137 1345 1483 1394 tintinnabulum,
1523 1347 1634 1400 quod
1654 1347 1740 1402 ipse

211 1414 315 1455 citra
347 1413 529 1455 Oratorii
562 1413 623 1455 sui
655 1412 793 1454 trabes
831 1412 1115 1467 suspenderat,
1139 1417 1180 1453 et
1202 1412 1301 1453 dum
1329 1413 1431 1454 hora
1462 1413 1590 1455 divini
1619 1413 1739 1455 officii

210 1480 518 1536 percelebrandi
540 1483 798 1535 provenerat,
828 1479 930 1520 illud
951 1479 1113 1534 pulsare
1147 1479 1202 1520 ad
1232 1479 1398 1520 laudem
1424 1479 1621 1535 Supernae
1644 1480 1740 1521 Glo-

210 1547 280 1588 riae
310 1551 593 1589 consueverat.
655 1546 750 1587 Hoc
772 1561 873 1601 opus
894 1545 1015 1586 officii
1047 1560 1208 1600 semper
1230 1546 1426 1596 exercuit,
1452 1546 1551 1587 dum
1575 1551 1740 1602 tempus

208 1614 385 1669 expetiit
416 1613 599 1656 solennia
630 1612 798 1667 exsequi
834 1611 962 1654 divini
990 1611 1219 1653 ministerii.
1283 1612 1541 1654 Procedente
1562 1628 1659 1655 vero
1691 1629 1738 1655 eo

211 1681 309 1722 foris
330 1680 372 1721 in
393 1695 491 1736 agro
515 1680 570 1721 ad
604 1679 788 1721 consueti
808 1678 961 1720 laboris
991 1678 1202 1728 exercitia,
1224 1679 1326 1720 hora
1347 1679 1558 1734 praeterire
1590 1679 1626 1720 ei
1657 1695 1739 1721 non

209 1747 359 1803 potuit,
382 1747 478 1802 quia
512 1746 615 1788 illud
654 1746 981 1787 tintinnabulum
1003 1745 1157 1787 coelesti
1195 1761 1365 1787 munere
1399 1745 1508 1787 soliti
1541 1747 1739 1802 temporis

207 1814 401 1856 omittere
433 1813 565 1855 noluit
596 1812 848 1854 institutum.
913 1811 1156 1853 Mirandum
1187 1827 1285 1854 sane
1312 1812 1538 1867 prodigiale
1561 1813 1736 1868 signum,

211 1886 257 1922 et
288 1881 353 1922 his
383 1880 639 1936 temporibus
673 1879 933 1920 inauditum!
1000 1878 1162 1934 Saepius
1194 1879 1293 1920 dum
1330 1879 1392 1920 vir
1422 1878 1502 1919 Dei
1536 1880 1738 1922 attentius

209 1947 344 2002 operis
362 1946 559 1988 exercitio
576 1946 797 1995 insisteret,
822 1950 862 1986 et
895 1945 945 1986 de
966 1946 1068 1986 hora
1088 1945 1268 1987 instante
1287 1945 1392 1986 forte
1413 1961 1496 1986 non
1520 1946 1734 2001 cogitaret,

206 2014 533 2055 tintinnabulum
559 2012 661 2054 illud
691 2012 842 2054 nullius
865 2012 1027 2067 penitus
1048 2012 1298 2053 adminiculo
1328 2011 1598 2062 4attractum,
1633 2013 1737 2054 soni-

209 2085 300 2121 tum
322 2080 532 2129 reddidit3
567 2084 608 2121 et
637 2079 751 2133 quasi
772 2094 898 2120 manu
921 2083 1131 2134 regeretur
1160 2079 1354 2128 humana,
1381 2094 1454 2133 per
1475 2093 1516 2120 se
1539 2079 1748 2122 divinitus

209 2161 353 2188 sonare
375 2147 506 2202 coepit.
572 2146 668 2187 Hoc
699 2145 825 2187 etiam
845 2145 988 2187 multis
1009 2145 1166 2187 vicibus
1196 2145 1382 2200 contigit,
1406 2145 1565 2199 quoties
1586 2146 1649 2188 vir
1668 2146 1735 2187 ille

208 2213 260 2254 de
281 2213 383 2254 hora
402 2213 599 2267 temporis
617 2216 895 2268 praetereunte
918 2227 1001 2253 non
1020 2211 1222 2253 meminit.

267 2280 285 2332 ξ
309 2282 405 2321 104.
443 2279 609 2321 Famuli
637 2294 732 2321 vero
764 2277 863 2334 ejus,
899 2278 967 2333 qui
997 2277 1095 2320 foris
1124 2293 1218 2319 cum
1240 2293 1287 2319 eo
1308 2278 1350 2319 in
1381 2278 1490 2333 agris
1510 2277 1623 2319 fuere
1646 2278 1735 2333 plu-

208 2346 372 2396 rimum,
415 2346 565 2400 saepius
600 2346 650 2386 de
677 2361 720 2386 re
748 2350 835 2386 tam
866 2344 1055 2386 inaudita
1083 2345 1344 2400 obstupuere.
1407 2344 1534 2386 Unde
1567 2345 1735 2399 quidam

208 2428 350 2454 eorum
371 2412 591 2466 aliquando
615 2411 672 2453 sic
693 2411 931 2466 perquirens
959 2411 1031 2462 ait,
1066 2416 1090 2433 “
1113 2411 1276 2452 Domne
1307 2411 1377 2468 mi,
1413 2411 1522 2452 unde
1544 2415 1605 2452 est
1625 2409 1735 2465 quod

209 2478 533 2520 tintinnabulum
559 2478 672 2520 istud
704 2483 791 2519 tam
824 2478 1058 2532 frequenter
1088 2478 1291 2528 audimus,
1329 2493 1423 2518 cum
1454 2478 1592 2519 clauso
1628 2477 1733 2519 ostio

210 2545 390 2587 Oratorii
429 2544 504 2594 tui,
554 2544 759 2585 neminem
804 2544 853 2585 de
890 2544 998 2585 intro
1039 2559 1125 2585 esse
1164 2544 1395 2586 noverimus
1412 2543 1454 2584 Ψ
1535 2542 1612 2585 Oui
1651 2544 1731 2594 ille,

210 2612 409 2653 “Potens
444 2615 505 2653 est
535 2610 740 2651 Dominus
770 2625 842 2664 per
874 2610 927 2651 Se
966 2611 1128 2665 signum
1164 2610 1266 2651 illud
1303 2609 1499 2652 divinitus
1531 2610 1732 2664 pulsando

254 2706 263 2725 ¹
292 2706 439 2751 Chapter
457 2704 591 2738 XLVI.
609 2704 643 2737 in
656 2704 714 2736 the
733 2703 828 2737 Harl.
846 2703 921 2737 MS.

255 2753 268 2771 ²
287 2752 490 2797 Didicerat]
515 2751 577 2784 See
595 2747 635 2795 ἓξ
654 2750 711 2793 27,
728 2752 784 2784 45.
804 2749 946 2792 Galfrid,
968 2747 986 2793 ξ
1008 2752 1061 2792 12,
1076 2755 1179 2782 states
1198 2749 1271 2782 that
1288 2749 1415 2783 Godric
1428 2749 1495 2783 had
1508 2749 1594 2795 fully
1611 2749 1730 2792 learnt,

209 2801 229 2818 “
243 2799 342 2844 pleno
361 2797 556 2841 didice1·at,”
576 2797 634 2830 the
653 2796 784 2830 Psaltcr
800 2796 897 2829 when
915 2795 1063 2828 resident
1081 2801 1115 2828 at
1134 2795 1286 2829 Carlislc.

252 2847 266 2866 3
284 2846 403 2879 Prima
422 2871 429 2879 .
447 2871 454 2879 .
472 2872 477 2878 .
493 2844 591 2879 Sexta
607 2843 658 2877 vel
680 2843 792 2877 Tertia
810 2867 818 2876 .
834 2868 842 2877 .
860 2870 866 2878 .
884 2842 1013 2886 Nona]
1041 2841 1113 2874 The
1133 2842 1317 2875 Canonical
1336 2842 1450 2875 Hours
1468 2854 1523 2875 are
1540 2842 1619 2876 here
1636 2853 1731 2875 nien-

201 2892 327 2926 tioned.
952 2889 965 2909 ‘¹
983 2887 1204 2934 Attractumq
1234 2889 1473 2932 Attrectatum,
1496 2889 1543 2922 H.
