1839 3186
246 162 334 201 332
778 170 1011 203 Llssnnnus
1042 171 1107 202 DE
1140 171 1255 203 VITA

247 271 439 313 minutim
468 287 615 314 vocum
645 274 946 325 claritudinem,
969 274 1294 315 sonoritudinem
1322 290 1370 315 ac
1399 274 1658 316 dulcedinem
1684 277 1777 318 sub-

244 338 447 379 trahendo
485 354 557 393 per
598 354 746 394 supera
787 340 1027 381 diminuere.
1106 340 1240 381 Erant
1278 341 1471 382 nimirum
1507 357 1776 396 supernorum

244 420 363 445 voces
385 405 547 456 civium,
582 407 649 459 qui
680 407 861 448 animam
894 407 968 447 viri
1000 406 1079 448 Dei
1112 407 1165 447 ad
1197 407 1376 448 coelestia
1407 408 1699 461 perducebant,
1733 414 1775 449 et

240 471 281 511 in
303 476 503 526 tympano
528 477 569 512 et
591 472 727 523 choro,
755 481 795 514 et
820 488 1067 527 organorum
1088 473 1255 514 modulo
1276 472 1483 523 mellifluo,
1507 474 1614 514 illius
1642 479 1774 516 trans-

241 536 346 577 itum
379 543 419 578 et
442 538 604 579 exitum
637 539 1010 590 circumvallantes,
1034 554 1162 593 usque
1193 539 1247 580 ad
1278 540 1418 581 sedem
1448 540 1586 595 gloriae
1617 541 1772 595 perlus-

241 604 422 644 trabant.

296 669 314 721 ἓ
344 672 440 712 315.
490 669 662 725 Sepulto
696 665 824 727 igitur
848 671 915 726 pio
947 676 1065 726 patre
1096 675 1237 713 nostro
1265 671 1458 721 Godrico,
1482 672 1690 726 signatum
1713 677 1775 714 est

237 732 324 790 ejus
355 741 682 787 monumentum,
734 742 775 778 et
806 753 879 792 per
908 738 1094 792 regiones
1126 743 1303 792 quatuor
1333 738 1473 779 ferreis
1508 738 1772 792 ligaminibus

237 801 397 856 bicipiti
430 801 508 843 fine
555 803 738 853 aduncis,
786 803 967 858 undique
998 803 1167 858 plumbo
1201 804 1376 858 desuper
1419 803 1576 853 infusis,
1611 802 1769 847 firmius

236 867 486 909 obseratum.
569 869 680 911 Talis
711 869 851 924 itaque
886 869 965 911 fuit
1000 870 1072 911 viri
1107 870 1197 911 Deo
1230 869 1369 911 dilecti
1405 871 1501 912 vitae
1534 869 1663 912 felicis
1698 886 1768 913 ex-

235 948 389 984 cursus,
413 933 504 976 finis
529 940 569 976 et
591 935 805 984 transitus,
832 934 947 990 cujus
971 937 1082 977 omni
1103 941 1287 990 tempore
1308 935 1545 977 indeficiens
1573 936 1651 978 fuit
1674 952 1768 979 cum

234 1000 416 1055 principe
441 1001 584 1042 mundi
613 1002 772 1056 agoniae
804 1002 932 1043 felicis
963 1000 1189 1044 conflictus.
1251 1002 1313 1043 At
1331 1008 1424 1057 post
1445 1007 1564 1043 tanta
1586 1002 1663 1044 diri
1685 1019 1768 1044 cer-

234 1066 401 1108 taminis
430 1067 572 1121 proelia
593 1068 824 1118 victoriosa,
851 1083 945 1109 cum
967 1068 1146 1109 Domino
1172 1084 1245 1110 suo
1267 1068 1297 1109 J
1302 1084 1372 1110 esu
1395 1068 1559 1110 Christo
1580 1070 1766 1124 percepit

234 1147 426 1174 coronam
449 1133 557 1184 vitae,
582 1149 705 1188 quam
726 1134 958 1189 repromisit
980 1134 1095 1177 Deus
1117 1135 1383 1189 diligentibus
1408 1135 1475 1176 Se.
1540 1135 1767 1177 Precamur

234 1199 372 1253 igitur,
399 1204 518 1254 pater
546 1200 741 1255 piissime,
765 1206 812 1241 ut
840 1216 915 1242 nos
927 1201 1097 1243 miseros
1121 1201 1297 1242 famulos
1329 1202 1509 1256 digneris
1530 1217 1764 1256 agnoscere,

230 1270 271 1306 et
293 1270 431 1306 tecum
452 1266 493 1306 in
516 1267 746 1308 coelestibus
781 1272 934 1308 sortem
965 1267 1235 1309 beatitudinis
1256 1274 1417 1308 aeternae
1439 1283 1464 1309 a
1485 1268 1665 1309 Domino
1687 1269 1767 1310 im-

230 1336 405 1386 petrare.
480 1332 566 1373 Nec
597 1348 670 1374 nos
702 1333 960 1387 derelinquas
991 1334 1208 1388 orphanos,
1245 1334 1317 1375 sed
1348 1339 1476 1384 tuere,
1500 1334 1687 1384 subveni,
1715 1350 1763 1376 ac

229 1413 323 1438 cum
345 1398 502 1440 civibus
538 1400 722 1454 supernis
749 1399 815 1440 fac
850 1405 988 1441 tecum
1024 1398 1111 1441 fieri
1143 1400 1278 1455 Regni
1318 1400 1490 1441 AEterni
1529 1401 1761 1452 coheredes,

227 1464 424 1516 concives,
450 1470 491 1506 et
522 1467 756 1518 consocios3
791 1472 992 1520 quatenus
1022 1471 1160 1507 tecum
1197 1466 1370 1507 Trinum
1402 1471 1442 1507 et
1469 1467 1613 1508 Unum
1639 1472 1762 1521 atque

229 1529 488 1571 Coaeternum
506 1531 732 1573 Dominum
755 1532 894 1574 videre
924 1547 1155 1574 mereamur
1181 1532 1223 1573 in
1256 1547 1381 1587 regno
1416 1532 1645 1589 Spirituum
1667 1534 1761 1575 bea-

229 1602 378 1648 torum,
399 1597 474 1639 Oui
495 1598 625 1639 honor
646 1599 687 1640 in
711 1598 869 1640 ¹secula
893 1599 1136 1640 seculorum.
1199 1598 1346 1640 AMEN.

278 1706 414 1740 ¹Secula
430 1707 617 1741 seculorum.
644 1706 779 1753 Amen]
808 1707 968 1740 “Eodem
987 1714 1138 1753 tempore
1163 1708 1198 1741 in
1223 1707 1314 1741 omni
1342 1719 1480 1741 nemore
1499 1707 1760 1752 circumjacente

227 1752 361 1786 frondes
380 1759 412 1785 et
426 1753 506 1786 folia
522 1765 594 1787 rore
605 1753 716 1786 mellis
729 1760 807 1787 sunt
833 1754 1015 1799 compluta,
1034 1755 1121 1787 sicut
1135 1766 1154 1787 a
1171 1754 1288 1787 multis
1306 1759 1356 1787 est
1380 1760 1482 1798 gustu
1500 1760 1532 1787 et
1550 1765 1666 1799 sapore
1684 1767 1760 1799 pro-

227 1798 369 1840 batum3
405 1805 438 1832 ct
462 1799 553 1833 hunc
578 1811 730 1845 saporem
757 1812 815 1844 per
833 1800 916 1833 duos
941 1812 1076 1833 menses
1102 1801 1248 1844 integros
1274 1806 1501 1833 servaverunt.
1551 1799 1626 1833 Hoc
1644 1808 1758 1834 autem

227 1845 389 1878 donatum
407 1857 480 1879 esse
498 1845 644 1879 ereditur
661 1846 790 1880 meritis
808 1846 869 1879 viri
893 1846 1013 1890 sancti,
1031 1858 1131 1891 quem
1151 1847 1244 1880 Deus
1270 1858 1393 1891 magna
1410 1846 1560 1879 caritatis
1580 1846 1759 1881 dulcedine

226 1891 400 1936 diligebat.

272 1940 293 1956 “
307 1937 400 1971 Hora
417 1938 534 1971 eaden]
553 1950 619 1983 qua
630 1938 749 1972 beatus
761 1938 818 1972 ille
832 1939 968 1983 spiritus
983 1939 1137 1983 migravit
1149 1951 1168 1972 a
1180 1950 1326 1984 corpore,
1339 1938 1466 1971 audivit
1479 1938 1592 1983 puella
1604 1940 1759 1983 quaedam

228 1984 337 2017 vicina
355 1984 396 2017 de
414 1985 588 2028 Neutune,
607 1996 681 2029 quae
703 1997 781 2018 oves
807 1985 958 2018 minabat
975 1985 1010 2018 in
1034 1997 1170 2030 pascua,
1190 1984 1399 2018 dulcimodas
1416 1985 1451 2017 in
1469 1996 1543 2018 acre
1561 1986 1757 2030 cantilenas,

227 2029 268 2062 dc
283 2030 421 2063 Fincalc
438 2031 480 2064 ad
498 2031 648 2064 coelestia
665 2031 941 2064 conscendentes.
980 2031 1054 2064 Illae
1068 2043 1166 2064 voces
1184 2031 1365 2064 ereduntur
1378 2030 1482 2063 fuisse
1500 2031 1623 2064 civium
1642 2043 1758 2077 super-

225 2088 356 2120 norum,
374 2077 429 2121 qui
458 2077 593 2110 felicem
618 2078 765 2110 animam
790 2082 867 2122 post
895 2088 1035 2121 agonem
1054 2077 1105 2110 sui
1130 2077 1254 2110 laboris
1281 2076 1455 2109 emeritam
1474 2088 1550 2109 cum
1569 2077 1627 2110 tali
1644 2084 1757 2122 gratu-

228 2123 353 2156 latione
372 2123 612 2156 comitarentur
639 2123 673 2155 in
691 2123 826 2157 coelum.
869 2123 917 2156 Ut
935 2123 991 2167 qui
1013 2123 1164 2167 legitime
1182 2135 1242 2156 suo
1260 2123 1344 2166 Regi
1362 2122 1520 2155 militavit
1538 2122 1572 2155 i11
1589 2123 1653 2167 via,
1679 2136 1756 2158 cum

229 2169 455 2202 exsultatione
482 2169 622 2202 ducatur
647 2170 720 2212 ejus
746 2175 944 2213 regnaturus
962 2169 995 2202 in
1009 2169 1127 2214 patria,
1156 2169 1219 2201 Cui
1245 2174 1296 2202 est
1321 2168 1425 2201 honor
1443 2175 1476 2201 et
1494 2168 1671 2213 imperium
1697 2183 1757 2216 per

228 2215 341 2249 omnia
357 2215 471 2249 secula
483 2215 684 2249 seculorum.
735 2215 882 2248 Amen.’²
1011 2217 1031 2234 “
1047 2216 1196 2261 Explicit
1213 2216 1283 2249 vita
1301 2214 1415 2249 Sancti
1437 2214 1614 2249 Godrici?
