1839 3186
581 221 640 262 ΕΤ
672 219 936 252 MIRACULIS
968 219 1002 250 s.
1029 219 1242 251 Gonarcr
1591 211 1669 251 461

143 324 227 365 fere
248 328 456 365 mortuam
478 329 525 365 ut
548 324 778 376 videbatur,
801 324 1008 379 deponens
1029 324 1212 364 humeris
1233 338 1349 364 secus
1368 324 1491 378 pedes
1513 325 1673 367 domnae

144 405 229 432 suae
262 389 517 445 projiciebat,
555 406 644 445 quae
669 390 761 446 jam
790 395 967 441 mortua,
992 394 1039 430 ut
1060 390 1299 444 putabatur,
1324 391 1515 432 omnibus
1544 407 1673 433 mem—

143 457 227 498 bris
248 457 289 498 in
313 457 457 498 mortis
478 457 656 512 rigorem
678 457 845 498 directis
868 456 909 497 in
931 456 1069 497 medio
1082 454 1232 511 jacuit,
1256 461 1298 497 et
1326 456 1476 499 doloris
1506 459 1674 500 vulnere

143 538 307 564 omnem
344 523 543 564 familiam
587 523 861 578 perturbavit,
944 522 1095 565 Pastor
1131 522 1297 576 quidem
1342 537 1469 564 manu
1513 526 1675 579 prolata

142 589 413 644 proclamavit
435 595 476 631 et
499 590 619 640 dixit,
647 595 671 612 ‘⁶
690 590 757 631 En
778 604 920 631 omnes
942 604 1037 631 oves
1060 594 1206 630 ceterae
1227 589 1429 630 consimili
1450 595 1583 632 morte
1606 592 1674 632 de-

143 660 330 710 pereunt,
354 656 450 710 quia
473 661 560 697 tam
581 656 766 711 gravidae
789 671 912 710 quam
936 656 1043 697 foetae
1074 655 1253 710 pecudes
1287 655 1385 696 dum
1417 671 1490 710 per
1519 672 1675 712 pascua

142 722 371 777 procedunt
405 723 541 764 subito
570 724 804 764 moriuntur
840 728 882 764 et
919 723 1103 774 cadunt3
1136 722 1246 763 unde
1275 721 1430 763 frustra
1458 723 1599 765 laboro
1632 730 1672 766 et

143 788 311 830 sudores
331 804 445 830 meos
463 790 504 830 111
524 805 701 830 vacuum
726 788 955 844 expendO.”

203 855 225 909 ἓ
255 857 351 897 590.
384 855 501 896 Τ11110
531 857 678 897 mulier
703 870 928 911 exsurgens
961 870 1079 897 ovem
1115 855 1357 910 praedictam
1381 855 1535 898 Sancto
1560 857 1674 899 God-

142 920 225 962 rico
248 921 427 972 devovit,
454 927 494 963 et
517 923 679 977 signum
696 922 804 964 illius
826 938 947 977 super
968 922 1081 963 illam
1100 922 1309 976 imposuit,
1332 923 1483 973 dicens,
1502 929 1530 948 ‘⁶
1547 924 1670 976 Ecce,

144 987 296 1029 Sancte
319 988 399 1029 Dei
423 988 613 1039 Godrice,
644 1004 762 1030 ovem
796 989 920 1030 istam
945 989 1023 1030 tibi
1049 989 1168 1039 (10110,
1194 995 1234 1030 et
1256 1004 1397 1031 omnes
1428 990 1529 1032 alias
1559 1007 1672 1034 meas

141 1069 238 1096 oves
258 1059 332 1095 tuo
356 1055 584 1109 patrocinio
622 1070 673 1096 ex
705 1055 783 1096 hac
816 1055 881 1096 die
906 1056 948 1096 in
969 1060 1181 1110 posterum
1209 1056 1452 1097 commendo
1488 1062 1529 1098 et
1564 1073 1672 1099 00111-

141 1121 278 1162 mitto.
356 1121 421 1162 Tu
453 1121 580 1176 igitur
616 1126 823 1176 potestate
861 1127 901 1163 et
932 1122 1067 1177 gratia
1090 1121 1237 1175 quibus
1271 1123 1381 1177 apud
1406 1123 1543 1164 Deum
1566 1140 1670 1179 prae-

141 1188 265 1238 vales,
287 1188 383 1228 huic
405 1188 660 1229 moribundae
690 1189 755 1230 ovi
778 1189 967 1243 spiritum
991 1188 1158 1230 vitalem
1189 1189 1372 1238 infunde,
1407 1196 1447 1231 et
1470 1197 1671 1244 quantum

141 1255 253 1309 apud
285 1253 423 1295 Deum
452 1255 594 1309 possis,
630 1255 758 1296 nostri
795 1255 987 1296 misertus
1022 1254 1235 1296 ostende.⁷'
1310 1256 1414 1297 Post
1452 1257 1540 1297 haec
1567 1258 1670 1299 miro

141 1321 264 1361 modo
284 1336 382 1362 111οΧ
401 1321 488 1362 ovis
511 1321 582 1362 illa
603 1326 791 1362 emortua
811 1321 925 1376 quasi
946 1321 1097 1363 sensim
1119 1322 1369 1376 spiraculum
1389 1321 1512 1364 flatus
1533 1324 1672 1366 vitalis

141 1388 331 1438 attraxit,
356 1393 396 1428 et
422 1393 546 1442 caput
567 1388 769 1443 paulatim
791 1388 1038 1443 subrigendo
1059 1393 1099 1428 et
1122 1388 1260 1429 oculos
1282 1389 1480 1430 elevando
1503 1390 1670 1432 demum

141 1459 279 1495 arctus
313 1458 470 1495 ceteros
507 1455 617 1508 quali
651 1454 864 1495 conamine
896 1455 1032 1510 potuit
1063 1454 1217 1509 tepidae
1240 1455 1406 1497 Virtutis
1437 1456 1550 1497 tenui
1584 1473 1670 1498 mo-

142 1519 351 1561 deramine
387 1521 598 1576 protendit
633 1526 674 1562 et
708 1521 867 1569 erexit;
904 1521 1054 1563 exinde
1076 1536 1172 1562 vero
1202 1526 1295 1576 post
1333 1522 1478 1564 horam
1514 1524 1670 1566 diutius

139 1586 201 1628 ita
220 1592 487 1643 protractam,
502 1587 672 1629 tandem
692 1588 778 1629 ovis
800 1588 882 1637 illa,
902 1589 1061 1630 cunctis
1081 1588 1341 1638 mirantibus,
1358 1590 1453 1630 viva
1475 1592 1669 1640 surrexit,

141 1658 182 1694 et
205 1653 311 1694 infra
334 1654 421 1695 dies
442 1669 607 1708 paucos,
630 1654 739 1708 quod
761 1659 822 1695 est
857 1654 1045 1696 mirabile
1077 1653 1203 1704 dictu,
1225 1670 1378 1710 agnum
1401 1656 1524 1698 enixa
1544 1672 1669 1712 pepe-

139 1720 207 1761 rit.
270 1720 397 1761 Unde
418 1720 518 1762 satis
537 1726 700 1763 constat
722 1720 845 1762 fuisse
875 1720 1136 1776 permirabile
1161 1721 1366 1775 quomodo
1395 1738 1527 1777 agnus
1556 1724 1670 1779 prius

140 1785 181 1826 in
217 1791 336 1827 utero
372 1787 623 1842 praegnantis
653 1792 874 1843 generatus
904 1787 947 1828 in
968 1792 1112 1830 ventre
1146 1788 1290 1829 matris
1321 1794 1518 1830 emortuae
1539 1791 1669 1832 vitam

139 1853 321 1908 potuerit
342 1853 571 1895 retinuisse.
635 1854 736 1907 Quae
757 1859 891 1895 mater
911 1854 1088 1896 familias
1110 1854 1268 1903 videns,
1301 1859 1342 1896 et
1364 1855 1669 1911 obstupescens,

141 1920 435 1962 comitantibus
470 1920 634 1962 famulis
670 1936 789 1962 ovem
826 1935 918 1961 cum
950 1936 1056 1977 agno
1095 1920 1149 1961 ad
1184 1921 1446 1976 sepulchrum
1482 1923 1559 1965 viri
1590 1923 1670 1965 Dei

138 1985 347 2040 perduxit,
378 1992 418 2027 et
443 1986 501 2027 illi
535 1987 692 2042 gratias
726 1987 919 2038 referens,
942 1988 1081 2029 omnia
1111 2002 1200 2041 quae
1240 1987 1476 2029 acciderant
1511 1990 1671 2044 plenius

140 2067 278 2093 coram
310 2053 455 2094 multis
485 2054 662 2095 testibus
694 2054 917 2095 enarravit.
989 2055 1058 2095 Ex
1087 2053 1152 2094 die
1174 2069 1270 2095 vero
1302 2054 1372 2095 illa
1393 2056 1457 2097 vel
1480 2056 1672 2112 deinceps

138 2134 349 2173 nunquam
373 2124 516 2175 postea
542 2120 788 2175 pestilentiae
809 2120 977 2162 morbus
998 2121 1177 2175 aliquam
1200 2120 1337 2161 ovium
1360 2121 1467 2163 illius
1491 2123 1667 2172 invasit,

139 2185 212 2227 sed
249 2186 361 2227 fama
393 2184 516 2241 hujus
556 2187 657 2228 facti
695 2202 774 2241 quo
814 2186 1000 2241 pluribus
1035 2186 1216 2228 innotuit
1254 2202 1301 2228 eo
1343 2188 1480 2242 plures
1520 2190 1671 2245 gaudio

138 2252 319 2306 pleniore
342 2252 354 2273 ¹
365 2252 590 2294 succendit.

184 2369 194 2388 ¹
221 2369 424 2416 Succendit]
452 2371 474 2389 ‘⁶
487 2369 601 2412 Miles,
616 2369 747 2403 Alanus
761 2370 908 2414 nomine,
922 2371 1024 2414 juxta
1038 2369 1247 2404 Dunelmum
1261 2371 1407 2405 habebat
1425 2372 1537 2405 ovium
1555 2384 1672 2418 greges

135 2415 270 2458 multos,
290 2428 373 2460 quos
390 2413 583 2461 pestilentia
598 2416 707 2461 gravis
727 2416 860 2451 invasit.
911 2416 1024 2449 Nocte
1042 2416 1198 2460 quadam,
1217 2417 1287 2450 viro
1304 2417 1454 2462 absente,
1469 2419 1518 2452 vir
1536 2419 1673 2464 quidam

137 2462 171 2495 in
198 2462 325 2496 somnis
351 2474 513 2507 apparens
534 2463 582 2496 ita
608 2462 695 2495 dixit
720 2463 840 2497 uxori:
869 2463 958 2496 ‘Cur
976 2462 1024 2495 sic
1043 2463 1084 2496 de
1107 2463 1220 2496 ovium
1246 2470 1353 2497 morte
1381 2464 1575 2508 turbamini,
1595 2477 1672 2498 cum

137 2508 181 2541 sit
207 2509 241 2541 in
265 2509 420 2553 proximo
446 2509 564 2542 beatus
591 2509 769 2552 Godricus,
794 2509 850 2554 qui
879 2509 978 2542 facile
1003 2509 1126 2553 poterit
1151 2510 1381 2554 pestilentiam
1407 2510 1565 2545 abolere?
1618 2511 1672 2544 Illi

137 2566 215 2588 oves
233 2555 403 2588 morbidas
431 2555 676 2598 commendate,
694 2555 786 2589 illius
812 2555 964 2589 tumbam
983 2555 1068 2589 votis
1087 2561 1119 2588 et
1138 2556 1294 2600 precibus
1319 2556 1506 2590 honorate?
1568 2557 1673 2591 Mane

137 2600 216 2634 dum
234 2601 356 2634 mulier
372 2601 595 2635 familiaribus
609 2602 674 2635 ista
690 2608 848 2644 narraret,
868 2613 946 2635 eece
962 2607 1076 2646 pastor
1102 2602 1215 2635 ovium
1239 2603 1437 2636 morientem
1456 2603 1584 2636 ferebat
1603 2604 1672 2637 ovi-

136 2647 262 2687 culam,
281 2660 381 2692 quam
409 2654 487 2681 ante
513 2648 616 2693 pedes
643 2648 775 2682 domnae
801 2660 872 2682 sua>
896 2648 1049 2693 projecit,
1076 2654 1109 2681 et
1133 2648 1200 2681 ait:
1228 2650 1236 2666 ⁶
1252 2649 1380 2682 Omnes
1406 2649 1544 2693 reliquae
1570 2650 1672 2683 simili

138 2699 246 2726 morte
265 2693 458 2739 depereunt,
477 2694 568 2728 foetae
587 2694 689 2727 simul
715 2700 748 2727 et
765 2695 912 2739 gravidae
938 2694 1049 2727 subito
1074 2694 1264 2727 moriuntur
1289 2701 1321 2727 et
1348 2694 1496 2728 cadunt.'
1547 2696 1674 2729 Mulier

137 2751 320 2784 exsurgens
348 2740 448 2773 beato
477 2741 626 2774 Godrieo
654 2741 809 2786 promisit
836 2741 1012 2782 oviculam,
1040 2746 1073 2773 et
1103 2740 1131 2773 ei
1161 2741 1294 2784 signum
1322 2741 1395 2783 ejus
1425 2741 1597 2786 imposuit,
1626 2742 1673 2775 ita

137 2785 252 2818 dicens
268 2798 274 2819 :
302 2787 310 2803 ‘
325 2786 446 2819 Sancte
466 2787 624 2830 Godrice,
642 2787 728 2820 hanc
747 2787 808 2820 tibi
836 2787 935 2828 dono,
954 2792 987 2819 et
1005 2792 1142 2819 caeteras
1160 2787 1359 2830 protectioni
1378 2792 1447 2820 tuae
1473 2788 1673 2822 committo!

137 2832 218 2864 Post
244 2831 316 2865 haec
342 2833 444 2877 coepit
470 2833 540 2866 ovis
565 2833 719 2866 morbida
744 2833 905 2878 paulatim
932 2838 1032 2877 caput
1058 2832 1193 2876 erigere,
1221 2832 1335 2865 oculos
1361 2833 1499 2878 aperire,
1523 2834 1674 2867 membra

135 2877 258 2920 levare,
277 2884 309 2911 et
335 2879 422 2923 quod
442 2879 573 2912 videtur
599 2879 820 2912 admiratione
846 2879 1094 2923 dignissimum,
1115 2878 1202 2911 infra
1225 2890 1350 2923 paucos
1377 2879 1448 2912 dics
1473 2891 1596 2924 agnum
1623 2887 1674 2914 est

137 2924 238 2957 enixa
255 2925 434 2958 viventem.
486 2925 612 2958 Mulier
637 2937 733 2958 ovem
760 2925 862 2958 simul
886 2931 919 2958 et
944 2935 1068 2969 agnum
1094 2924 1136 2956 ad
1157 2925 1270 2958 Sancti
1298 2924 1435 2958 Godrici
1457 2926 1672 2971 sepulchrum
