1839 3186
192 161 275 202 144
712 169 942 202 LIBELLUS
977 169 1040 202 DE
1074 170 1190 202 VITA

247 274 382 327 §135
421 273 555 315 Nocte
593 273 721 329 igitur
763 273 955 328 quadam,
997 273 1097 315 dum
1133 273 1208 316 viri
1251 273 1330 315 Dei
1372 275 1510 317 oculos
1551 290 1716 317 somnus

188 346 393 397 gravaret,
431 346 472 381 et
502 356 576 395 pro
608 340 852 395 fatiga-tione
885 340 1012 381 nimia
1044 341 1119 382 sub
1154 341 1239 382 ictu
1274 356 1377 396 pene
1399 342 1578 383 videntis
1611 343 1718 383 oculi

190 407 476 456 dormitarent,
518 406 797 462 1praecedente
836 408 990 448 Sancta
1029 407 1180 457 Maria,
1216 423 1322 457 ecce,
1359 408 1439 448 duo
1463 408 1540 450 viri
1575 408 1717 449 amicti

186 475 374 517 'vestibus
394 474 497 516 albis
528 488 666 514 coram
698 473 766 514 illo
789 473 1028 514 Oratorium
1053 473 1194 514 Beatae
1218 474 1368 515 Mariae
1399 474 1715 530 ingrediuntur;

193 546 235 583 et
256 541 446 597 spiritum
477 540 625 582 sororis
645 539 754 581 illius
784 540 891 581 inter
912 555 953 581 se
976 539 1220 588 deferentes,
1253 556 1377 595 supra
1398 540 1559 583 Altaris
1590 541 1718 596 crepi-

194 608 333 649 dinem
382 606 602 648 consistere
642 606 904 647 videbantur.
985 606 1098 659 Quos
1143 606 1211 647 ille
1255 606 1491 662 dilig-entius
1536 608 1718 657 intuens,

192 674 374 715 animam
412 673 560 715 sororis
595 688 678 714 suae
718 672 861 714 statim
896 672 1090 726 agnovit3
1129 677 1171 713 et
1202 674 1414 715 exsultans
1447 674 1593 728 spiritu
1631 679 1719 715 tam

184 739 381 797 jocundae
405 740 551 782 visioni
583 738 801 793 diligenter
832 738 1024 779 intendit.
1090 739 1195 779 Mox
1226 739 1297 780 illa
1329 739 1370 780 in
1397 740 1533 781 medio
1559 740 1720 782 Altaris

192 807 433 856 consistens,
464 821 608 847 vocem
644 804 876 846 dulcimode
913 805 1079 854 extulit,
1114 810 1156 846 et
1192 820 1337 847 sonoro
1370 805 1556 847 melodiae
1595 812 1720 848 cantu

191 874 294 915 talia
332 872 594 914 decantavit:
641 876 666 896 ‘⁶
691 871 846 912 Sancta
879 871 1017 912 Maria
1051 886 1172 926 super
1202 871 1358 913 scamni
1387 872 1513 914 sedile
1547 888 1614 914 me
1651 873 1720 914 de-

193 940 327 991 duxit,
361 954 413 980 ne
449 954 571 993 super
608 943 763 979 terram
801 937 924 979 istam
956 937 1067 979 nudo
1103 938 1207 993 pede
1242 939 1442 980 calcarem
1463 939 1527 980 vel
1563 940 1721 981 contin-

192 1006 383 1062 gerem;”
408 1021 497 1060 quae
522 1010 663 1046 tamen
681 1004 819 1045 omnia
832 1004 967 1046 verbis
983 1004 1173 1059 Anglicis
1194 1005 1337 1056 edidit,
1356 1020 1530 1059 quorum
1554 1006 1721 1048 schema

193 1073 268 1115 tali
292 1073 433 1114 ordine
467 1071 675 1113 decurrit:
718 1075 742 1093 “
765 1071 874 1112 Orist
910 1070 992 1111 and
1029 1071 1170 1111 Seinte
1208 1071 1356 1121 Marie,
1395 1072 1454 1113 sio
1485 1088 1538 1113 on
1569 1073 1721 1114 scamel

192 1155 258 1181 me
290 1139 438 1189 iledde,
461 1139 564 1179 thaet
589 1139 625 1179 ic
645 1153 697 1178 on
719 1137 802 1178 this
822 1137 1031 1178 hi-herthe
1052 1153 1103 1178 ne
1125 1138 1264 1179 sculde
1286 1138 1377 1179 uuit
1401 1138 1511 1180 mine
1540 1139 1638 1180 bare
1660 1139 1721 1180 fot

191 1205 402 1247 ²itreide.''
473 1204 600 1260 Cujus
630 1203 858 1245 dulcedinis
879 1203 985 1245 melo
1013 1204 1174 1245 avidius
1206 1204 1401 1254 intendit,
1430 1205 1526 1259 quia
1553 1205 1720 1248 auribus

192 1273 301 1314 illius
319 1271 431 1314 vocis
459 1271 586 1326 ipsius
607 1270 835 1311 modulatio
857 1270 1096 1312 suavissime
1118 1270 1253 1312 infusa
1275 1272 1499 1325 pertonuit.

262 1339 280 1391 ἓ
304 1340 401 1380 136.
439 1338 556 1378 Tunc
591 1337 672 1378 duo
694 1337 770 1378 viri
791 1337 861 1388 illi,
898 1337 966 1390 qui
994 1341 1035 1377 et
1067 1337 1233 1392 spiritus
1250 1337 1453 1392 Angelici,
1478 1353 1558 1379 uno
1580 1353 1722 1380 eorum

192 1406 246 1447 ad
264 1406 480 1446 dexteram
504 1404 665 1445 Altaris
693 1403 956 1452 consistente,
979 1403 1110 1444 altero
1130 1419 1225 1444 vero
1253 1404 1415 1444 illorum
1437 1405 1491 1445 ad
1512 1404 1719 1446 sinistram

192 1472 473 1527 praeminente,
497 1486 616 1513 voces
637 1470 898 1512 suavissimas
919 1469 1116 1511 altissime
1138 1470 1325 1520 efferunt,
1345 1475 1385 1511 et
1408 1486 1556 1512 canora
1577 1472 1721 1512 modu-

192 1539 346 1580 latione
395 1537 497 1579 talia
538 1537 685 1592 saepius
735 1535 959 1591 repetendo
1003 1536 1212 1586 dixerunt,
1256 1541 1280 1559 “
1306 1537 1474 1592 Kyriel.
1557 1537 1719 1592 Xpel.''

195 1605 275 1659 Qui
299 1604 463 1658 utrique
499 1604 656 1644 libellos
688 1618 770 1658 prae
792 1602 982 1644 manibus
1009 1603 1201 1652 habuere,
1235 1603 1304 1657 qui
1324 1603 1475 1644 modici
1500 1619 1585 1645 esse
1606 1604 1719 1646 vide-

192 1673 345 1713 bantur
363 1687 373 1718 ;
409 1686 582 1725 quornm
597 1670 852 1724 operimenta
874 1669 1080 1710 exteriora
1096 1669 1211 1723 quasi
1233 1669 1283 1710 de
1307 1669 1525 1711 rubricatis
1546 1670 1721 1725 pellibus

192 1739 380 1787 fuissent,
404 1733 753 1792 3splendidissime
776 1736 991 1778 emicuere,
1054 1735 1260 1777 Ganentes
1293 1735 1419 1791 igitur
1457 1737 1558 1778 talia
1594 1752 1720 1778 manu

191 1804 458 1860 plaudebant,
482 1808 523 1844 et
536 1802 765 1859 jubilantes
786 1802 966 1843 Domino
987 1802 1027 1843 in
1049 1803 1217 1844 vocibus
1238 1803 1540 1851 exsultationis,
1563 1805 1722 1858 palmas

190 1871 360 1913 alternis
402 1870 582 1911 motibus
626 1868 895 1925 jactitabant,
943 1873 984 1910 et
1020 1869 1134 1923 quasi
1177 1869 1375 1910 librorum
1415 1884 1581 1911 suorum
1624 1870 1722 1911 folia

190 1938 424 1980 alterutrim
453 1936 758 1991 dispergebant.
830 1935 909 1976 Illa
935 1935 1075 1989 itaque
1100 1935 1297 1990 praedicto
1329 1936 1490 1977 cantico
1530 1935 1721 1977 dulciflue

190 2005 454 2060 praecinente,
473 2008 515 2044 et
539 2003 666 2044 verba
683 2002 826 2043 eadem
843 2001 1052 2057 praemissa
1074 2016 1233 2056 semper
1255 2001 1436 2043 seriatim
1462 2003 1718 2054 enunciante,

191 2086 289 2112 mox
310 2075 357 2111 ut
374 2070 444 2110 illa
463 2068 661 2110 conticuit
682 2084 764 2110 vox
786 2067 971 2123 angelica
987 2068 1281 2122 subsequenter
1301 2068 1495 2119 intonuit,
1523 2074 1548 2093 ‘⁶
1568 2069 1720 2110 Kiriel.

193 2137 353 2192 Xpel.77
431 2136 616 2190 Eratque
649 2135 797 2176 sororis
835 2134 943 2176 illius
983 2134 1191 2175 canticum
1227 2134 1343 2188 quasi
1379 2139 1521 2176 textus
1551 2133 1643 2177 finis
1679 2140 1721 2177 et

191 2202 436 2259 principium
455 2219 466 2250 ς
505 2208 546 2243 et
568 2217 650 2243 vox
678 2201 897 2256 spirituum
916 2201 1132 2242 beatorum
1153 2201 1268 2255 quasi
1296 2216 1368 2256 pro
1390 2217 1576 2256 regressu
1594 2201 1721 2256 ipsius

191 2269 354 2312 cantici.
387 2268 576 2322 Denique
598 2268 697 2309 dum
719 2267 948 2309 diutissime
973 2267 1124 2309 talibus
1145 2265 1492 2309 4sollemnioribus
1504 2268 1722 2323 praeconiis

238 2381 248 2402 ¹
268 2380 475 2414 Praecedente
495 2378 616 2412 Sancta
636 2378 784 2423 Μἀνὶω]
810 2377 883 2411 The
900 2375 1009 2410 words
1035 2374 1278 2422 “praecedente
1304 2375 1427 2408 Sancta
1444 2375 1583 2409 Maria'’
1602 2376 1644 2410 do
1662 2383 1721 2411 not

192 2425 421 2517 oogulltiielidfel]
445 2471 559 2504 Seinte
578 2470 689 2504 Marie
714 2482 775 2513 spa
791 2481 846 2503 mc
872 2469 984 2502 iledde
1002 2468 1074 2502 that
1092 2468 1123 2501 ic
1141 2480 1183 2501 on
1200 2468 1250 2509 bis
1275 2467 1447 2501 lii-herthe
1464 2480 1506 2502 ne
1524 2469 1620 2503 sulde
1638 2470 1720 2503 noth

189 2521 280 2554 mine
305 2520 384 2553 bare
409 2519 458 2551 fot
482 2517 640 2561 lii-trede,
664 2517 711 2550 H.
779 2516 852 2549 The
876 2515 998 2560 legend
1024 2515 1062 2548 of
1083 2515 1274 2548 Germanus
1300 2514 1334 2547 in
1361 2514 1489 2549 Geoffr.
1515 2514 1532 2560 ξ
1560 2518 1615 2559 29,
1641 2516 1719 2551 thus

190 2567 340 2601 versifies
357 2565 414 2599 tho
432 2576 515 2609 song
530 2577 536 2598 :

480 2656 503 2675 “
516 2654 572 2688 Nc
590 2652 675 2698 pede
692 2651 856 2686 calcarcm
875 2656 971 2683 terrae
989 2649 1145 2693 contagia
1161 2648 1300 2692 mundo,

521 2701 576 2734 Sic
594 2712 670 2733 mea
686 2710 741 2732 me
759 2697 895 2731 domina
913 2695 1055 2729 deduxit
1073 2695 1196 2728 Sancta
1214 2694 1362 2729 Maria.”

237 2794 249 2812 ³
268 2791 557 2837 Splendidissima]
582 2789 700 2835 Specie
719 2786 922 2827 diutissime,
945 2785 991 2820 H.

236 2840 245 2858 ⁴
264 2837 557 2882 Sollemnioribus]
580 2835 838 2878 solemniorum,
858 2833 904 2867 H.
