1839 3186
537 232 596 263 ET
632 229 898 263 MIRACULIS
935 228 970 261 s.
998 227 1217 260 GODRIOI.
1564 218 1642 257 411

114 336 343 377 Phinchale
368 336 539 386 veneris,
563 335 618 376 ibi
641 350 714 390 pro
736 348 874 375 amore
908 332 1050 373 Sancti
1085 332 1255 372 Thomae
1278 330 1497 372 sanitatem
1529 336 1646 371 tuam

112 408 380 458 percepturus
402 401 521 443 eris.''
585 401 665 454 Qui
689 406 736 441 ut
752 400 821 441 illo
843 399 1044 454 pervenit,
1059 397 1188 453 juxta
1208 397 1319 451 quod
1342 398 1383 438 in
1398 398 1488 438 visu
1509 412 1646 451 perce-

111 470 186 524 pit,
208 484 307 510 mox
338 468 389 509 de
421 467 532 509 omni
563 467 803 508 infirmitate
826 465 1046 515 convaluit,
1073 479 1120 505 ac
1157 479 1280 505 sanus
1301 478 1395 504 cum
1416 463 1568 518 gaudio
1592 463 1647 504 ad

111 534 295 590 propria1
324 536 539 576 remeavit.

615 641 771 667 CXXVII.
809 642 859 665 DE
895 639 1132 666 SEMI-NECE.

170 745 308 797 §4942
345 744 583 784 PUERULUM
619 742 886 796 languentem
932 739 1081 780 mulier
1115 739 1306 793 quaedam
1344 738 1559 780 notissima
1595 737 1645 778 de

113 810 290 852 Wittun
317 810 476 859 habuit,
501 809 573 850 sed
604 808 691 850 viro
723 807 804 848 Dei
830 821 904 861 pro
936 806 1160 847 semi-nece
1181 810 1326 848 votum
1348 819 1516 853 vovens,
1546 819 1646 845 mox

110 892 283 933 puerum
305 876 356 917 de
378 875 622 931 aegritudine
646 889 720 916 sua
740 873 1002 914 melioratum
1031 872 1155 914 fuisse
1178 872 1392 927 persensit.
1456 871 1539 911 Per
1560 870 1647 911 dies

109 949 250 985 tamen
281 947 440 998 septem
478 957 552 983 nec
583 955 786 982 mammas
816 939 942 988 suxit,
973 953 1048 980 nec
1078 939 1234 993 aliquid
1263 939 1446 979 ciborum
1479 937 1645 978 omnino

112 1011 285 1058 sumsit3
321 1009 394 1051 sed
415 1009 560 1049 eadem
580 1008 646 1048 die
678 1021 758 1062 qua
779 1006 833 1047 ad
854 1005 931 1047 viri
964 1005 1044 1047 Dei
1065 1005 1328 1060 sepulchrum
1357 1004 1520 1045 delatus
1549 1004 1644 1051 fuit,

109 1091 208 1117 mox
238 1076 383 1117 matris
414 1075 587 1130 papillas
619 1073 745 1122 suxit⁷
777 1077 818 1113 et
850 1071 901 1112 de
933 1072 1044 1113 omni
1075 1071 1249 1127 pristina
1279 1070 1519 1111 infirmitate
1551 1085 1646 1111 con-

109 1142 252 1185 valuit.

177 1305 349 1331 CXXVIII.
388 1305 440 1329 DE
471 1305 601 1330 PUERO
634 1304 895 1339 AEGROTANTE,
929 1304 1091 1338 METITO,
1123 1303 1289 1338 OBLATO,
1327 1303 1375 1327 ET
1406 1301 1578 1327 SANATO.

170 1407 192 1461 ἓ
214 1409 313 1449 495.
345 1406 459 1447 ALIA
480 1410 671 1446 matrona
688 1405 738 1445 de
755 1404 985 1459 Herterpul
1003 1402 1133 1445 filium
1150 1418 1269 1445 suum
1287 1402 1502 1457 desperate
1520 1414 1645 1455 aegro-

110 1479 270 1514 tantem
295 1473 448 1514 Sancto
467 1472 648 1513 Godrico
671 1471 851 1522 devovit,
876 1486 997 1525 quem
1019 1469 1285 1525 postmodum
1310 1484 1448 1510 secum
1470 1468 1539 1508 illo
1556 1482 1646 1521 per—

111 1540 248 1581 duxit.
321 1540 359 1580 A
381 1539 579 1581 fratribus
600 1538 728 1593 igitur
755 1538 812 1578 ibi
834 1537 1187 1579 commorantibus
1215 1536 1430 1577 candelam
1452 1533 1505 1575 ad
1529 1532 1644 1589 pueri

110 1622 256 1661 corpus
283 1606 468 1661 languidi
491 1605 804 1652 dimetiendum,
828 1609 869 1646 et
901 1604 958 1646 sic
990 1619 1083 1644 cum
1114 1603 1268 1644 lumine
1291 1600 1545 1643 offerendum
1576 1615 1645 1654 pe—

109 1673 189 1724 tiit,
214 1673 328 1722 emit,
352 1678 393 1713 et
414 1672 593 1727 accepit3
629 1670 744 1727 cujus
772 1671 953 1712 candelae
984 1670 1199 1725 longitudo
1222 1669 1286 1710 vel
1318 1682 1510 1709 mensura
1540 1666 1644 1707 adeo

109 1740 332 1794 adaequata
353 1739 511 1794 corpori
532 1738 702 1779 infantis
725 1738 900 1787 exstitit,
916 1736 1025 1791 quod
1049 1737 1199 1777 mirum
1220 1736 1261 1776 in
1282 1735 1453 1776 modum
1474 1734 1516 1774 in
1533 1732 1646 1773 nulla

109 1811 227 1861 parte
249 1804 335 1861 ejus
356 1820 590 1846 mensuram
607 1805 672 1845 Vel
692 1804 993 1858 longitudinem
1015 1803 1205 1844 excessit.
1239 1802 1366 1842 Unde
1387 1805 1520 1841 mater
1541 1798 1644 1840 fidu-

109 1872 249 1913 cialior
270 1872 430 1922 effecta,
457 1876 498 1912 et
524 1871 703 1925 (cunctis
725 1871 1006 1925 stupentibus)
1032 1885 1130 1910 mox
1160 1883 1254 1909 cum
1285 1868 1438 1908 lumine
1469 1881 1644 1922 puerum

109 1939 276 1989 obtulit,
300 1944 342 1980 et
365 1938 416 1979 de
438 1941 669 1993 aegrotante
691 1951 836 1978 sanum
858 1936 1056 1991 percepit.

407 2099 537 2125 CXXIX.
570 2100 621 2124 DE
652 2099 826 2123 PUSTELA
861 2098 1067 2123 PUPILLAM
1099 2096 1346 2123 OBDUCENTE.

167 2200 188 2254 ἓ
211 2201 310 2242 496.
346 2199 433 2239 Vm
454 2198 622 2252 quidam
645 2198 695 2238 de
719 2198 892 2248 Cotune,
918 2197 1079 2238 2M0re]
1109 2199 1286 2248 nomine,
1319 2211 1491 2252 puerum
1514 2195 1643 2237 filium

107 2266 266 2316 habuit,
292 2263 408 2320 cujus
429 2266 535 2305 oculi
560 2264 760 2319 pupillam
781 2265 946 2319 pustela
966 2265 1008 2305 in
1031 2264 1167 2305 medio
1189 2264 1295 2305 oculi
1318 2278 1643 2318 supercrescens„

107 2332 245 2372 lumen
267 2332 393 2386 ipsius
413 2332 519 2371 oculi
541 2330 707 2371 omnino
729 2331 982 2371 obstruendo
1003 2331 1217 2371 exstinxit.
1264 2331 1397 2383 Quem
1420 2329 1644 2384 corripiens

106 2398 160 2438 ad
184 2399 261 2439 viri
276 2398 355 2438 Dei
377 2397 637 2451 sepulchrum
658 2397 868 2451 perduxit,
891 2412 939 2437 ac
960 2397 1225 2451 postmodum
1249 2397 1359 2437 domi
1381 2396 1576 2445 residens,
1592 2395 1644 2435 de

108 2464 174 2504 die
195 2465 237 2505 in
260 2464 368 2505 diem
390 2463 560 2518 pustelae
585 2463 693 2503 illius
714 2463 901 2504 velamen
922 2463 1143 2513 attenuari,
1167 2463 1365 2518 deperire,
1389 2462 1642 2515 diminuique

107 2531 321 2584 persensit.
384 2529 573 2583 Denique
597 2528 704 2570 infra
724 2544 878 2584 paucos
898 2529 1124 2570 admodum
1147 2529 1234 2571 dies
1254 2544 1355 2584 puer
1376 2523 1530 2570 lumine
1552 2543 1641 2582 per-

156 2654 165 2674 ¹
186 2654 387 2700 Remeavit]
411 2655 508 2688 “Vir
532 2654 669 2699 quidam
691 2655 732 2688 de
751 2655 898 2700 Appelbi
927 2655 1057 2688 diutina
1083 2654 1279 2687 infirmitate
1303 2658 1457 2694 vexatus,
1483 2650 1525 2683 ad
1551 2649 1640 2683 beati

108 2700 247 2733 Godrici
266 2701 418 2734 tumbam
436 2713 472 2734 se
490 2702 617 2734 iturum
635 2713 708 2734 esse
725 2702 892 2746 promisit.
936 2701 1003 2743 Qui
1028 2712 1109 2733 mox
1128 2707 1165 2733 ut
1191 2700 1367 2733 denarium
1393 2698 1435 2730 ad
1459 2696 1534 2740 hoc,
1553 2696 1642 2729 sicut

106 2747 209 2779 moris
228 2752 277 2779 est
296 2747 330 2779 in
347 2747 410 2780 hac
427 2748 573 2792 regione,
591 2747 799 2792 complicuit,
822 2747 944 2780 melius
965 2747 1088 2780 habere
1107 2747 1220 2791 coepit.
1281 2745 1394 2778 Nocte
1412 2743 1566 2788 sequenti
1584 2753 1642 2787 ap-

107 2792 218 2837 paruit
235 2793 378 2826 Sanctus
397 2793 567 2827 Godrieus
593 2800 625 2826 ct
652 2795 719 2828 ait:
757 2796 764 2811 ⁶
781 2794 814 2826 Si
839 2794 881 2826 ad
906 2806 960 2826 me
979 2793 1109 2826 veneris
1134 2793 1167 2825 in
1187 2791 1413 2833 Finehaliam,
1432 2801 1533 2822 sanus
1552 2789 1642 2822 eris?

109 2838 171 2871 Ille
188 2838 387 2872 festinanter
405 2839 485 2872 illuc
506 2840 619 2881 venit3
647 2846 680 2873 et
698 2841 843 2873 sanitate
864 2846 1010 2885 recepta,
1035 2851 1112 2872 cum
1138 2838 1262 2883 gaudio
1280 2836 1478 2870 1·e1ncavit,”
1527 2836 1640 2868 Anon.

110 2884 205 2918 Harl.
226 2885 374 2929 Legend.

152 2932 164 2949 2
184 2931 327 2976 Morel.]
354 2931 541 2976 Originally
553 2932 685 2965 written
699 2932 820 2975 Molos,
840 2932 897 2965 but
917 2931 1088 2965 corrected
1106 2931 1151 2975 by
1161 2942 1180 2963 a
1198 2936 1522 2974 contemporaneous
1540 2928 1643 2961 hand.
