1839 3186
541 233 600 264 ET
634 233 898 266 MIRAOULIS
936 234 971 266 s.
998 234 1213 280 conarer.
1565 228 1648 269 363

112 335 355 390 spiritualia.
437 334 546 376 Nam
591 335 759 390 spiritus
799 336 1015 377 hominum
1056 352 1081 378 a
1121 339 1359 393 corporibus
1400 339 1649 395 emigrantes

112 402 263 456 saepius
294 417 421 457 prope
454 402 519 443 vel
552 417 577 443 a
612 402 731 456 longe
764 403 881 443 oculo
917 403 1102 444 interiori
1138 406 1378 459 prospexit,
1426 411 1467 447 et
1501 407 1649 460 quibus

112 467 246 518 libuit,
271 468 408 510 exitus
442 468 668 509 multorum
697 473 738 509 et
767 469 913 510 horam
944 469 1144 511 transitus
1167 471 1421 526 propalando
1456 473 1645 522 detexit3

112 534 222 575 unde
244 540 284 575 et
315 535 418 576 illud
451 534 530 575 fuit
554 534 663 589 quod
699 551 773 590 pro
804 541 1048 591 argumento
1079 535 1200 591 hujus
1221 538 1365 592 gratiae
1394 539 1471 580 sibi
1502 555 1526 580 a
1557 540 1647 581 Deo

114 600 273 642 collatae
310 602 411 643 satis
443 601 586 642 haberi
618 602 784 656 poterit.
847 602 1028 655 Quidam
1062 604 1270 658 sponsales
1309 605 1359 645 de
1397 604 1646 647 1Heisvvelle

115 666 294 720 quodam
318 672 503 723 tempore
525 667 579 709 ad
601 682 695 709 eum
717 674 1005 719 convenerant,
1033 674 1074 710 et
1097 670 1303 724 quendam
1324 669 1500 713 filiorum
1521 672 1649 713 ferme

114 734 318 775 triennem
339 733 618 775 infirmantem
643 734 754 776 domi
775 735 1038 790 reliquerant.
1110 736 1214 778 Post
1253 738 1471 779 intervalla
1493 739 1649 780 diutius

112 800 246 841 amica
273 801 372 842 satis
407 801 624 842 collatione
660 816 754 842 cum
790 817 837 843 eo
871 807 1095 857 protracta,
1119 818 1275 859 coepere
1306 805 1484 846 abeundi
1515 806 1568 846 ab
1600 821 1648 847 eo

112 865 323 908 licentiam
356 882 549 921 quaerere,
574 882 674 922 quos
714 883 842 922 usque
878 869 1003 910 tertio
1032 884 1193 924 semper
1220 871 1405 922 retinuit,
1434 871 1573 914 dicens
1605 887 1647 914 se

112 947 194 973 non
215 948 333 988 posse
359 949 426 976 eos
451 934 586 975 adhuc
606 934 829 976 dimittere.
901 939 926 958 ‘⁶
941 935 1028 976 Nec
1050 935 1192 986 dum?
1217 937 1416 992 inquiens,
1442 942 1649 993 “tempus

111 999 312 1041 redeundi
338 1000 520 1050 advenit,
543 1000 639 1055 quia
664 1001 781 1043 vobis
802 1001 937 1043 adhuc
967 1002 1079 1044 domi
1108 1019 1290 1045 remeare
1324 1020 1406 1045 non
1437 1006 1649 1060 expedit.”

114 1065 241 1107 Unde
262 1066 502 1121 aliquandiu
527 1082 620 1108 cum
643 1082 690 1108 eo
712 1083 870 1109 moram
895 1068 1104 1119 facientes,
1128 1069 1238 1111 diem
1264 1086 1392 1125 usque
1414 1072 1468 1112 ad
1502 1073 1648 1113 horam

111 1147 263 1174 nonam
283 1138 524 1188 protraxere
543 1151 553 1182 ς
589 1133 661 1175 sed
696 1149 788 1188 quae
811 1149 944 1176 causae
965 1135 1133 1177 latentis
1155 1138 1314 1178 occasio
1343 1137 1480 1189 fuerit,
1502 1139 1648 1181 adver-

111 1203 198 1240 tere
219 1200 453 1242 nullatenus
485 1205 681 1255 potuere,
719 1216 816 1242 nam
851 1202 1063 1244 multoties
1085 1203 1406 1257 colloquentium
1427 1205 1554 1246 verba
1587 1206 1649 1246 in-

113 1266 305 1321 terrupit,
329 1272 370 1308 et
402 1266 503 1308 talia
524 1282 576 1308 ex
612 1268 789 1322 abrupto
810 1267 1057 1310 interserens
1077 1269 1149 1320 ait,
1177 1275 1206 1295 ‘⁶
1227 1269 1384 1312 Videte
1408 1276 1455 1312 ut
1479 1272 1649 1313 animae-

115 1332 276 1386 quiores
298 1333 520 1384 exsistatis,
544 1339 585 1375 et
607 1335 639 1376 si
660 1334 817 1389 aliquid
843 1335 949 1376 forte
978 1335 1021 1376 in
1048 1336 1187 1378 reditu
1207 1337 1364 1379 itineris
1393 1338 1556 1380 adversi
1577 1354 1648 1380 au-

114 1399 287 1447 dieritis,
311 1399 361 1440 de
385 1400 464 1441 Dei
497 1400 771 1455 providentia,
794 1401 967 1443 tristitia
997 1403 1123 1443 animi
1152 1419 1203 1445 ne
1226 1402 1448 1453 diffluatis;
1483 1405 1552 1446 sed
1580 1421 1648 1446 ne—

115 1481 192 1520 que
236 1466 373 1507 dolore
408 1467 534 1508 nimio
575 1467 791 1522 praeventi,
827 1467 1092 1510 desolationis
1131 1470 1173 1511 in
1214 1470 1407 1524 laqueum
1439 1472 1646 1514 incidatis.

118 1532 256 1573 Multa
277 1533 386 1574 enim
413 1534 555 1576 multis
579 1534 752 1576 adversa
772 1535 1031 1589 proveniunt,
1055 1537 1128 1577 sed
1149 1542 1289 1578 tamen
1311 1538 1450 1579 omnia
1480 1539 1562 1580 Dei
1581 1538 1649 1595 ju-

117 1598 236 1649 dicia,
267 1600 363 1640 licet
399 1606 554 1642 secrete
597 1599 711 1651 fiant,
748 1602 1008 1643 rationabilia
1042 1603 1289 1645 exsistunt.''
1390 1604 1645 1661 Hujusmodi

115 1665 243 1720 igitur
263 1666 410 1721 saepius
431 1668 557 1708 verba
577 1667 731 1709 iterans
760 1668 983 1710 inculcavit
1005 1686 1015 1717 ;
1056 1670 1128 1711 sed
1150 1686 1274 1725 quare
1292 1671 1381 1712 haec
1402 1673 1527 1714 toties
1549 1673 1645 1715 dix-

117 1732 207 1783 erit,
230 1732 309 1774 illis
334 1748 537 1788 exponere
559 1734 703 1775 noluit.

175 1800 317 1854 §345
351 1799 565 1854 Siquidem
600 1800 745 1841 eadem
777 1801 880 1842 hora
912 1816 993 1855 qua
1023 1802 1124 1843 talia
1156 1803 1276 1854 dixit,
1300 1804 1490 1859 spiritum
1512 1806 1641 1860 pueri,

115 1864 187 1907 filii
217 1881 373 1915 eorum,
397 1867 447 1907 de
476 1882 645 1922 corpore
682 1867 962 1922 egredientem
993 1869 1169 1923 aspexit.
1232 1870 1425 1912 Detinuit
1447 1887 1543 1913 vero
1575 1888 1643 1915 eos

113 1948 322 1987 quousque
338 1933 441 1974 hora
461 1934 701 1988 praeteriret,
723 1939 763 1975 et
785 1949 835 1974 ne
857 1934 968 1976 visus
981 1935 1193 1977 morientis
1214 1937 1341 1991 pueri,
1356 1937 1471 1978 nimii
1495 1938 1646 1981 doloris

112 2000 261 2042 vulnus
291 1999 348 2040 eis
379 1998 593 2055 infligeret.
667 2000 854 2041 Tandem
877 2016 944 2042 eos
966 2001 1194 2051 dimittens,
1226 2003 1298 2053 ait,
1324 2004 1434 2045 “Ite
1465 2005 1507 2045 in
1529 2020 1641 2060 pace,

114 2071 154 2107 et
185 2070 328 2108 cavete
363 2081 414 2107 ne
436 2067 558 2108 nimis
590 2067 889 2108 contristemini
918 2083 990 2122 pro
1017 2068 1155 2122 aliqua
1187 2069 1353 2111 fortuna
1383 2086 1507 2125 quam
1528 2072 1645 2114 vobis

113 2132 315 2187 quispiam
346 2132 533 2174 retulerit
563 2134 606 2174 in
636 2133 825 2174 itinere.”
886 2134 1174 2176 Redeuntibus
1197 2151 1294 2177 vero
1326 2142 1367 2178 et
1404 2153 1476 2192 per
1503 2138 1644 2180 villam

112 2198 127 2220 Ξ
145 2199 406 2254 Heppedune
428 2193 619 2241 vocatam
642 2200 964 2251 transeuntibus,
992 2216 1084 2255 quae
1107 2216 1131 2242 a
1153 2202 1249 2244 villa
1280 2219 1354 2245 sua
1377 2203 1646 2247 Heissewelle

113 2266 226 2307 dicta
246 2282 327 2307 uno
353 2271 517 2308 tantum
545 2266 719 2307 miliario
750 2267 906 2317 aberat,
929 2267 1035 2308 forte
1056 2268 1204 2310 mulier
1238 2270 1431 2323 quaedam
1453 2272 1644 2324 occurrit,

114 2348 203 2387 quae
224 2333 464 2387 parentibus
478 2333 614 2374 subito
634 2333 794 2374 obitum
808 2332 880 2374 filii
902 2333 1137 2376 enunciavit
1154 2352 1164 2384 ;
1191 2336 1299 2389 quod
1321 2342 1455 2379 mater
1475 2338 1647 2381 audiens

113 2404 154 2440 et
175 2400 430 2440 muliebriter
451 2404 632 2454 stupens,
656 2399 706 2440 de
731 2414 834 2453 equo
856 2415 935 2454 quo
957 2400 1063 2441 sedit
1084 2407 1254 2456 repente
1285 2405 1456 2459 explosa
1477 2404 1645 2456 decidit,

113 2470 155 2506 et
177 2464 452 2507 defluentibus
481 2465 534 2506 ab
559 2481 627 2506 ore
658 2465 808 2516 salivis,
834 2464 926 2521 jam
960 2466 1030 2507 diu
1061 2467 1146 2508 solo
1167 2473 1288 2511 tenus
1310 2471 1424 2524 quasi
1445 2472 1646 2514 moritura

114 2532 323 2583 decubuit,
348 2547 471 2586 quam
488 2531 551 2573 vir
575 2547 671 2573 suus
694 2547 797 2586 equo
820 2532 1009 2574 desiliens
1031 2533 1208 2577 brachiis
1229 2537 1468 2592 complexus
1489 2539 1646 2580 confor—

162 2654 171 2673 ¹
202 2653 402 2700 Heiswelle]
430 2654 462 2687 A
481 2653 538 2686 vill
560 2653 678 2687 within
700 2653 757 2687 the
783 2655 895 2699 parish
921 2655 960 2689 of
981 2656 1179 2701 Easington,
1205 2657 1239 2690 in
1265 2657 1322 2691 the
1350 2664 1476 2703 county
1497 2659 1535 2692 of
1556 2659 1645 2694 Dur-

112 2700 203 2734 ham.
240 2700 272 2733 It
290 2712 357 2734 was
373 2699 514 2745 granted
530 2700 576 2745 by
594 2700 722 2745 Bishop
742 2700 878 2746 Pudsey
895 2707 930 2735 to
948 2702 1005 2735 the
1022 2703 1143 2736 monks
1162 2704 1199 2736 of
1212 2704 1240 2737 F
1244 2704 1387 2738 inchale.
1414 2705 1476 2737 Sec
1494 2705 1551 2739 the
1569 2707 1648 2741 Sur-

114 2753 184 2780 tees
201 2747 410 2792 publication
428 2748 449 2766 ‘⁴
466 2746 539 2780 The
565 2746 684 2792 Priory
701 2747 739 2780 of
761 2747 963 2792 Finchale,’'
980 2761 1037 2794 pp.
1058 2752 1087 2793 1,
1106 2753 1139 2791 5,
1157 2750 1221 2784 &c.
1272 2750 1401 2784 Hutch.
1427 2751 1593 2796 Durham,
1610 2755 1646 2790 ii.

159 2840 173 2860 2
200 2839 426 2885 Heppedune]
457 2839 575 2872 Either
594 2839 966 2883 Hctton-on-the-Hill‚
985 2854 1021 2875 or
1040 2842 1418 2887 Hetton-in-the-Holc,
1436 2843 1517 2879 both
1535 2846 1569 2879 in
1588 2847 1644 2882 the

113 2886 225 2930 parish
255 2887 293 2918 of
319 2885 703 2931 Houghton-le-Spring.
753 2886 826 2920 The
856 2888 976 2922 monks
1006 2888 1044 2921 of
1067 2888 1094 2922 F
1099 2888 1230 2922 inchale
1253 2890 1430 2934 possessed
1455 2891 1534 2926 land
1552 2893 1645 2928 there

114 2932 195 2966 also.
257 2932 329 2965 The
345 2932 463 2977 Priory
477 2932 515 2965 of
529 2932 703 2977 Finchale,
722 2944 754 2977 p.
774 2936 830 2966 55.
