1839 3186
519 216 578 247 ET
614 215 880 247 MIRAeULrs
917 216 951 247 s.
987 216 1205 249 conarer.
1582 213 1636 253 99

169 319 284 373 §Sa
322 318 368 360 Si
412 318 586 374 denique
631 319 777 373 aliquis
817 319 904 375 ejus
950 320 1179 362 ministerio
1225 322 1471 374 deserviens,
1515 339 1636 366 avem

99 384 279 439 aliquam
301 400 372 427 seu
405 385 623 427 bestiolam
645 385 833 440 aucupio,
867 386 1069 441 decipula,
1093 388 1158 428 vel
1189 388 1335 442 laqueo
1370 391 1636 445 comprehen-

100 451 239 501 disset,
265 467 363 493 mox
384 456 432 493 ut
451 453 487 493 ei
509 452 690 493 innotuit
713 452 763 493 de
790 453 981 494 manibus
1011 454 1175 495 illorum
1197 455 1360 509 eripuit,
1390 462 1431 497 et
1454 457 1495 497 in
1516 472 1636 512 agros

98 518 164 558 vel
185 518 315 560 saltus
345 534 561 560 nemorum
582 519 731 560 liberas
752 519 864 560 abire
880 520 1081 574 permisit.
1155 520 1281 561 Unde
1306 522 1518 564 multoties
1540 539 1634 578 eap-

97 589 201 625 turae
223 600 305 626 suae
341 585 525 640 praedam
555 586 630 627 sub
651 585 789 627 modio
815 601 887 627 seu
915 586 1086 637 alveolo,
1109 588 1174 628 vel
1210 587 1251 628 in
1282 588 1371 629 loco
1402 589 1539 643 aliquo
1570 590 1634 631 his

96 651 234 705 potius
255 651 525 703 abditissimo,
544 652 835 701 occultabant3
870 653 942 694 sed
959 668 1033 694 uec
1055 653 1112 695 sic
1134 659 1275 695 tamen
1295 670 1388 695 eum
1406 656 1546 698 fallere
1568 656 1632 698 vel

97 717 265 760 latuisse
296 723 532 773 potuerant.
608 719 719 760 Nam
758 720 994 774 frequenter
1024 720 1137 761 nullo
1171 720 1361 772 docente,
1405 727 1478 763 aut
1521 727 1631 763 certe

95 782 183 839 ejus
222 785 412 827 ministro
448 785 549 827 talia
580 784 811 841 abjurante,
853 786 909 827 ad
946 787 1083 828 locum
1119 803 1199 842 quo
1230 803 1279 829 ea
1316 788 1631 839 absconderant,

94 850 269 893 festinus
301 853 503 900 accessit;
538 853 718 907 ipsisque
750 868 803 894 ex
830 853 978 894 timore
1014 853 1137 895 simul
1171 869 1219 895 ac
1255 854 1403 896 rubore
1437 855 1629 906 confusis,

95 916 166 959 illa
187 933 325 960 coram
357 919 531 973 protulit
564 925 605 960 et
636 919 829 961 absolvit.
893 919 961 961 Sic
993 920 1119 961 etiam
1150 921 1364 963 consuevit
1395 922 1553 977 lepores
1590 928 1630 964 et

95 983 249 1026 bestias
284 1000 476 1040 quasque,
506 985 748 1027 venantium
782 1001 930 1028 manus
965 986 1222 1042 effugientes,
1259 988 1369 1029 intra
1405 1004 1509 1030 casae
1547 1004 1630 1030 suae

94 1049 302 1093 domicilia
325 1052 555 1107 suscipere;
595 1067 643 1093 ac
678 1053 953 1107 praedonibus,
987 1068 1057 1108 spe
1080 1054 1290 1105 frustrata,
1327 1055 1628 1106 recedentibus,

93 1117 147 1158 ad
188 1124 387 1160 consueta
422 1119 589 1160 saltium
629 1119 720 1160 loca
762 1119 986 1161 dimittere.
1062 1120 1276 1174 Siquidem
1317 1122 1466 1176 saepius
1506 1123 1630 1164 bruta

91 1183 322 1227 animantia
356 1191 397 1227 et
438 1185 643 1227 silvestria
678 1191 923 1227 venatorum
954 1186 1124 1228 insidias
1166 1187 1409 1237 devitantia,
1444 1189 1498 1230 ad
1542 1188 1629 1244 ejus

93 1265 196 1293 casae
218 1252 409 1307 praesidia
440 1252 757 1308 confugiebant3
794 1253 890 1307 quia
910 1253 1015 1295 forte
1046 1254 1103 1295 ibi
1136 1254 1276 1296 divino
1307 1254 1509 1296 instinctu
1545 1271 1628 1297 eer-

93 1322 183 1359 tum
207 1318 284 1361 sibi
305 1320 391 1361 fore
413 1319 651 1375 confugium
673 1319 684 1340 1
698 1320 984 1375 providebant.

91 1608 178 1633 CAP.
207 1607 288 1633 XLI.
352 1607 403 1632 DE
434 1606 619 1632 PUERULO
651 1606 765 1636 QUEM
796 1606 846 1631 DE
873 1606 949 1631 ORE
979 1605 1184 1631 CRUCIFIXI
1218 1607 1362 1632 EGREDI
1394 1607 1626 1641 CONSPEXIT,

120 1675 169 1701 Ac
204 1674 408 1704 QUALITER
429 1674 472 1699 IN
498 1673 650 1699 GREMIO
682 1673 868 1698 IMAGINIS
901 1673 1064 1698 SANCTAE
1091 1673 1234 1698 MARIAE
1256 1657 1598 1699 (ᾹΟΝΞΟΕΝΠΕΗΙΤ.ιΖ

151 1782 264 1836 ξ90.
298 1780 544 1821 3D0MIN101s
580 1795 697 1821 servo
740 1779 819 1820 Dei
852 1784 1025 1820 vacante
1067 1779 1289 1835 mysteriis,
1336 1779 1516 1833 quadam
1560 1780 1626 1820 die

91 1848 292 1890 famulum
325 1847 407 1888 Dei
441 1847 483 1887 in
523 1846 715 1887 Oratorio
748 1846 880 1887 solum
914 1845 1039 1887 fuisse
1073 1845 1273 1900 contigit3
1309 1846 1377 1900 qui
1403 1861 1517 1887 more
1549 1846 1626 1888 sibi

91 1915 225 1965 solito,
265 1920 448 1956 mentem
484 1912 539 1954 ad
573 1913 753 1954 coelestia
785 1912 1062 1967 suspirantem
1099 1912 1381 1967 spiritualibus
1414 1913 1626 1954 desideriis

89 1982 293 2024 accendit.
356 1982 465 2022 Nam
494 1980 602 2020 circa
632 1978 809 2035 4gradus
838 1994 975 2020 coram
1010 1978 1151 2020 Altari
1175 1984 1330 2021 stratus
1356 1979 1462 2020 forte
1486 1980 1624 2021 subse-

88 2050 218 2099 derat,
255 2053 296 2090 et
331 2046 528 2090 orationis
558 2047 660 2087 hora
688 2046 867 2101 expleta,
894 2061 1033 2088 secum
1064 2045 1221 2100 aliquid
1248 2044 1480 2101 jocundum
1518 2047 1625 2101 psal-

90 2116 238 2158 modiae
274 2113 519 2157 ruminando
557 2113 822 2155 decantabat.
900 2113 1025 2154 Libro
1066 2113 1260 2154 Psalterii
1298 2113 1354 2154 sic
1392 2114 1434 2154 in
1465 2113 1623 2169 gremio

87 2198 269 2239 genuum
311 2195 505 2238 expansO,
553 2180 625 2222 sed
671 2186 812 2222 tamen
859 2181 1024 2234 quando
1071 2179 1242 2221 alternis
1291 2180 1449 2222 vicibus
1490 2180 1623 2222 amico

89 2308 195 2354 plices
214 2308 411 2342 cicatricum
432 2309 572 2342 rimulas
598 2308 691 2342 sanie
709 2307 916 2353 profluentes
935 2312 968 2340 et
986 2318 1092 2351 usque
1117 2307 1159 2340 ad
1178 2317 1254 2340 ossa
1272 2305 1443 2340 discissas.
1494 2306 1625 2350 Hujus-

86 2355 180 2388 modi
198 2354 370 2388 doloribus
387 2365 560 2400 nunquam
586 2354 742 2388 adhibuit
758 2354 975 2397 medicinam,
994 2365 1056 2387 nec
1074 2359 1209 2399 propter
1225 2353 1290 2386 hoc
1309 2353 1423 2386 omisit
1441 2352 1622 2397 aliquando

86 2413 146 2447 per
170 2402 256 2435 aeris
282 2401 535 2435 inclementiam
560 2402 649 2435 foras
674 2400 840 2446 progredi,
868 2406 901 2433 et
918 2400 1090 2434 consuetis
1117 2400 1274 2445 operibus
1300 2399 1468 2444 occupari.
1534 2399 1622 2433 Cum

86 2460 163 2482 vero
182 2454 271 2482 esset
288 2448 334 2481 ita
352 2448 480 2493 rigidus
497 2449 532 2481 in
549 2448 711 2493 seipsum,
730 2447 1046 2492 indulgentissimus
1063 2452 1177 2480 tamen
1195 2446 1314 2480 eratin
1331 2446 1427 2479 alios.
1476 2445 1569 2479 Nam
1590 2452 1623 2479 et

86 2495 174 2529 feras
192 2501 225 2528 et
243 2494 395 2528 volucres
412 2494 610 2540 plerumque
627 2494 760 2539 frigoris
778 2493 953 2527 nimietate
971 2493 1183 2535 constrictas,
1200 2493 1235 2526 in
1253 2493 1330 2526 sinu
1348 2492 1400 2526 vel
1418 2492 1480 2526 sub
1499 2492 1623 2525 ascella

88 2541 234 2585 fovebat,
253 2547 286 2574 et
302 2548 437 2587 propter
454 2541 545 2575 hunc
562 2540 785 2574 humanitatis
803 2540 963 2573 affectum
982 2552 1080 2585 sepes
1098 2546 1131 2573 ct
1150 2540 1270 2573 dumos
1288 2540 1430 2573 circuire
1456 2538 1622 2572 solebat.’'

135 2589 144 2607 ¹
164 2588 420 2633 Providebant]
443 2590 465 2606 ⁴‘
479 2588 514 2621 Si
540 2588 615 2633 quis
634 2587 664 2620 ei
687 2586 954 2620 ministrantium
979 2587 1084 2619 feram
1110 2592 1169 2619 aut
1186 2586 1357 2619 volucrem
1383 2585 1532 2631 qualibet
1551 2591 1622 2618 arte

89 2635 245 2680 cepisset,
271 2634 365 2668 illam
391 2635 441 2668 vir
466 2635 543 2680 pius
573 2633 697 2679 eripuit
722 2639 756 2667 et
780 2633 872 2667 abire
901 2633 1067 2679 permisit.
1131 2633 1213 2666 Ideo
1242 2633 1389 2666 ministri
1419 2631 1622 2677 quandoque

88 2681 238 2726 praedam
255 2681 452 2725 hujusmodi
478 2680 694 2715 occultabant
710 2693 718 2722 3
744 2680 803 2713 sed
822 2680 893 2725 ipse
911 2680 1103 2725 frequenter
1121 2691 1207 2723 eam,
1225 2679 1319 2712 nullo
1345 2679 1527 2721 indicante,
1546 2689 1623 2723 pro-

87 2727 165 2760 tulit
179 2733 212 2760 et
229 2727 384 2761 absolvit.
433 2728 538 2761 Feras
551 2739 672 2760 manus
686 2727 880 2760 venantium
895 2726 1063 2771 fugientes
1080 2727 1168 2759 intra
1182 2738 1277 2759 suam
1293 2726 1431 2759 domum
1446 2724 1622 2758 consuevit

87 2773 265 2807 admittere
281 2787 289 2815 ;
315 2780 348 2807 et
365 2774 433 2807 illis
451 2773 698 2816 recedentibus,
718 2773 760 2806 ad
778 2773 878 2807 solita
894 2785 976 2806 mox
994 2773 1068 2805 loca
1087 2773 1294 2806 (limittere.'⁷
1321 2773 1434 2805 Anon.
1454 2770 1604 2815 Legend.

133 2820 147 2840 2
173 2820 213 2853 In
231 2820 288 2853 the
307 2820 404 2853 Harl.
423 2820 499 2854 MS.
518 2820 657 2865 chapter
671 2819 791 2853 XLII.
945 2820 957 2838 ³
978 2818 1194 2864 Dominicis]
1224 2818 1390 2863 Compare
1410 2813 1427 2862 ἓ
1450 2819 1527 2852 147.

133 2866 147 2887 ‘³
167 2865 330 2912 Gradus]
360 2867 449 2900 That
466 2867 524 2900 the
542 2866 640 2900 Altar
665 2866 791 2911 always
809 2865 973 2911 occupied
991 2878 1032 2898 an
1051 2865 1204 2898 elevated
1221 2865 1368 2910 position
1386 2864 1414 2897 is
1433 2863 1550 2898 shown
1575 2864 1621 2910 by

88 2912 223 2948 Mabill.
240 2914 329 2947 Acta
346 2913 404 2947 SS.
424 2912 505 2947 Ord.
523 2913 557 2948 S.
576 2912 706 2946 Bened.
725 2912 825 2946 Praef.
845 2912 887 2945 ad
906 2923 972 2946 sec.
991 2912 1039 2945 iii.
1058 2923 1090 2957 p.
1109 2911 1132 2945 i.
1152 2908 1170 2956 ξ
1191 2912 1245 2946 79.

1374 2980 1396 3002 H
1416 2971 1436 3002 2
