1839 3186
558 207 618 239 ΕΤ
654 207 923 240 MIRACULrs
956 210 992 241 s.
1019 209 1240 242 GODRICI.
1583 205 1665 245 345

126 317 303 367 ceperat,
340 312 538 354 revelavit
559 330 570 361 ς
609 317 884 367 perceptaque
921 313 1138 368 disciplina
1171 331 1243 369 per
1277 330 1424 357 manus
1460 316 1535 358 viri
1568 318 1663 368 Dei,

122 379 226 420 iram
248 379 419 420 Domini
440 395 464 420 a
486 394 528 420 se
552 384 593 420 et
611 379 694 420 suis
711 380 968 421 consortibus
987 381 1158 431 amovit,
1184 386 1225 422 et
1247 397 1316 423 eos
1333 382 1589 437 corripiendo
1608 386 1663 426 ad

124 446 423 488 emendationis
442 445 726 500 poenitentiam
748 446 1003 500 provocavit.
1048 446 1203 489 Exitus
1222 464 1318 489 vero
1339 464 1476 490 rerum
1498 450 1663 492 edocuit

125 513 234 566 quod
257 513 450 567 quicquid
466 513 533 553 ille
555 512 596 553 in
621 513 777 553 visione
800 512 1003 567 spirituali
1026 513 1186 564 didicit,
1214 530 1354 555 verum
1372 515 1466 556 fuit.
1513 517 1665 559 Frater

123 579 249 619 etiam
271 579 337 620 ille
361 579 411 620 de
432 580 683 620 monasterio
706 579 976 621 Dunelmensi
999 580 1096 621 illuc
1119 580 1356 630 adveniens,
1380 583 1519 624 omnia
1540 590 1662 638 prout

124 645 301 686 Sanctus
323 646 402 686 Dei
424 651 689 700 praeceperat,
713 645 978 693 emendavit3
1015 652 1056 687 et
1081 646 1141 688 ita
1162 652 1208 688 ut
1230 648 1482 690 adolescenti
1496 651 1662 706 praesig-

121 717 305 763 naverat,
328 713 415 754 viro
438 712 518 754 Dei
541 712 752 762 edocente,
776 728 873 754 vera
893 713 1017 755 fuisse
1042 713 1052 734 ¹
1072 715 1371 769 comprobavit.

122 1009 210 1034 CAP.
244 1009 316 1036 VII.
376 1009 567 1038 QUOMODO
612 1009 817 1034 DORMIENS
862 1010 911 1034 EA
957 1009 1049 1038 QUAE
1091 1010 1277 1035 MIleTRI
1318 1011 1410 1036 EJUs
1450 1012 1659 1038 SECRETIUS

307 1076 495 1101 EGERANT
533 1077 582 1101 ET
618 1076 920 1109 DELIQUERANT,
959 1076 1124 1101 VIDERIT
1159 1077 1207 1102 ΕΤ
1244 1063 1504 1104 DETEXERIT.Q

190 1175 215 1232 ξ
241 1176 339 1221 327.
374 1177 485 1230 QUIA
507 1176 712 1231 quomodo
727 1192 775 1217 ea
792 1192 884 1231 quae
907 1176 1159 1218 dormientes
1180 1177 1221 1218 in
1241 1177 1431 1220 noctibus
1457 1179 1658 1231 viderant,

120 1243 206 1298 ipse
229 1244 286 1285 eis
309 1244 487 1285 enodare
518 1248 802 1294 consueverat,
830 1244 872 1285 in
904 1244 1181 1298 superioribus
1212 1243 1312 1285 satis
1333 1245 1657 1299 explicavimus,

118 1326 227 1352 nunc
253 1311 457 1365 quomodo
487 1310 573 1365 ipse
605 1310 811 1352 dormiens
844 1326 892 1351 ea
927 1326 1019 1364 quae
1050 1310 1158 1351 circa
1186 1326 1228 1352 se
1256 1309 1423 1362 fiebant,
1446 1312 1585 1354 videre
1617 1320 1659 1355 et

117 1393 236 1419 nosse
259 1378 528 1427 consueverit,
551 1393 836 1432 exsequemur.
890 1377 1068 1430 Quidam
1093 1378 1156 1419 vir
1176 1377 1325 1419 nobilis
1346 1378 1399 1419 ad
1423 1379 1554 1421 virum
1577 1380 1659 1422 Dei

118 1450 300 1494 venerat,
325 1445 394 1499 qui
425 1445 461 1485 ei
492 1444 791 1498 aliquantulam
822 1459 1000 1486 massam
1026 1445 1288 1485 denariorum
1311 1461 1394 1500 prae
1426 1445 1657 1489 dilectionis

118 1511 255 1553 studio
276 1517 316 1553 et
338 1511 496 1553 fervore
520 1511 771 1560 donaverat,
807 1527 931 1565 quam
952 1511 1015 1552 vir
1037 1511 1117 1552 Dei
1140 1512 1359 1566 panniculo
1381 1512 1593 1568 alligatam
1613 1515 1654 1556 in

116 1579 253 1619 cavati
283 1578 452 1634 parietis
480 1578 679 1619 foramine
708 1594 824 1620 secus
853 1579 1008 1619 lectum
1034 1593 1153 1620 suum
1181 1578 1304 1633 positi
1336 1581 1531 1634 reposuit,
1560 1581 1656 1635 quia

116 1646 260 1687 mundi
295 1651 568 1701 contemptor,
604 1645 834 1687 mundanas
863 1645 1031 1686 divitias
1061 1661 1133 1700 pro
1160 1645 1287 1686 nihilo
1313 1645 1446 1687 duxit.
1521 1647 1653 1689 Nocte

113 1713 279 1753 interim
302 1712 493 1767 quadam,
517 1728 564 1753 eo
596 1712 838 1762 dormiente,
868 1712 1056 1753 minister
1082 1711 1168 1768 ejus
1197 1712 1246 1753 de
1268 1713 1486 1767 panniculo
1508 1714 1654 1756 adver-

113 1785 217 1830 tens,
241 1780 357 1821 illum
389 1779 540 1820 furtive
572 1779 753 1829 sustulit,
783 1784 824 1820 et
849 1778 965 1820 fratri
986 1794 1058 1820 suo
1080 1779 1233 1820 carnali
1255 1779 1488 1830 ostendens,
1511 1781 1654 1823 usibus

113 1851 154 1887 et
178 1847 354 1902 propriis
381 1846 626 1901 sumptibus,
656 1861 703 1887 eo
731 1846 1013 1887 consentiente
1045 1850 1087 1886 et
1114 1845 1237 1887 lucris
1261 1846 1571 1901 participatum,
1591 1864 1652 1889 re-

114 1914 307 1956 servavit.
381 1913 536 1954 Interio
572 1913 699 1967 igitur
732 1912 944 1967 utriusque
981 1912 1161 1963 consiliO,
1204 1913 1378 1968 pecunia
1417 1914 1501 1964 illa,
1539 1915 1651 1956 nullo

111 1981 326 2022 hominum
362 1981 529 2030 sciente,
564 1980 603 2020 in
639 1979 726 2020 foro
766 1979 1038 2020 Dunelmensi
1077 1994 1258 2034 expensa
1293 1985 1384 2027 est;
1433 1981 1505 2022 sed
1541 1981 1653 2023 fraus

111 2063 253 2089 eorum
281 2048 367 2089 viro
396 2047 475 2088 Dei
508 2046 678 2096 coelitus,
724 2047 850 2087 etiam
886 2046 1120 2096 dormienti,
1156 2046 1322 2087 detecta
1353 2052 1428 2089 est.
1492 2047 1652 2104 Nempe

110 2115 290 2169 quadam
312 2114 378 2155 die
401 2113 613 2169 praedictis
641 2113 841 2154 ministris
864 2113 1166 2164 assistentibus,
1196 2113 1399 2154 monacho
1432 2119 1532 2156 tunc
1562 2114 1649 2171 ejus

111 2181 306 2223 existenti
336 2180 559 2236 capellano,
585 2180 705 2230 dixit,
732 2180 953 2230 “Accede,
983 2179 1053 2230 fili,
1088 2185 1129 2221 et
1167 2179 1217 2221 de
1250 2180 1419 2236 parietis
1449 2181 1649 2223 foramine

108 2249 360 2289 numismata
382 2263 474 2302 quae
497 2248 538 2288 in
561 2262 608 2288 eo
632 2247 809 2301 reposui,
839 2246 987 2302 profer,
1014 2252 1055 2288 et
1077 2246 1128 2288 de
1163 2247 1227 2289 his
1258 2247 1371 2288 cibos
1399 2248 1650 2304 pauperibus

155 2357 164 2377 ¹
183 2355 444 2402 Comprobavit]
472 2355 561 2388 “Vir
579 2361 715 2388 sanctus
732 2365 837 2399 panes
854 2360 992 2398 emerat,
1011 2366 1094 2399 quos
1112 2354 1154 2388 ad
1167 2354 1329 2390 honorem
1348 2358 1463 2391 Sancti
1481 2359 1648 2394 Johannis

102 2404 206 2448 jussit
225 2403 428 2449 pauperibus
451 2402 579 2446 erogari
597 2415 604 2443 ;
631 2401 690 2434 sed
713 2401 859 2434 ministri
877 2407 1005 2445 partein
1030 2401 1260 2446 comederunt,
1280 2410 1313 2436 et
1330 2412 1459 2449 partem
1486 2406 1568 2439 alias
1587 2419 1648 2440 ex-

109 2450 308 2497 penderunt.
353 2449 466 2482 Nocte
484 2460 550 2481 una
562 2448 662 2493 igitur
674 2459 750 2481 cuin
765 2447 925 2492 praefatus
940 2447 1136 2481 adolescens
1148 2450 1278 2492 jaceret
1296 2450 1330 2483 in
1345 2451 1517 2496 hospitum
1536 2453 1646 2496 domo,

107 2498 168 2531 lux
190 2509 312 2542 magna
334 2495 558 2529 circumfulsit
582 2507 670 2538 eum,
690 2501 723 2527 et
741 2495 902 2527 Sanctum
921 2494 942 2527 J
946 2494 1113 2528 ohannem
1140 2495 1224 2528 vidit
1241 2503 1361 2541 astare,
1380 2499 1512 2543 sibique
1531 2499 1646 2532 dicen-

108 2551 198 2579 tem:
236 2546 244 2562 ‘
259 2543 410 2577 Ministri
423 2543 612 2587 jussionem
632 2541 747 2575 domni
762 2541 812 2574 sui
831 2541 985 2586 nequiter
1002 2548 1081 2574 sunt
1098 2544 1317 2587 transgressi3
1344 2551 1376 2577 et
1395 2545 1470 2578 ideo
1487 2546 1644 2590 graviter,

108 2603 170 2625 nec
196 2590 376 2633 immerito,
400 2588 574 2635 puniendi.
624 2588 698 2633 Ego
722 2594 836 2621 autem
864 2594 998 2633 propter
1022 2600 1154 2621 servum
1172 2601 1286 2623 meum
1305 2591 1490 2624 Godricum
1509 2604 1645 2637 poenam

106 2649 222 2671 eorum
238 2637 414 2682 hucusque
433 2635 561 2678 distuli,
579 2635 606 2669 si
624 2635 709 2668 forte
726 2635 925 2680 poeniteant.
957 2635 1071 2668 Dicito
1090 2635 1156 2669 illis
1175 2642 1212 2669 ut
1230 2636 1272 2670 ad
1290 2638 1523 2682 poenitentiam
1542 2639 1643 2673 citius

104 2690 365 2725 convertantur3
392 2690 425 2717 et
451 2683 529 2728 quia
553 2683 593 2716 de
618 2682 762 2727 panibus
788 2681 976 2725 comedisti,
995 2682 1111 2727 accipe
1129 2695 1148 2716 a
1165 2683 1250 2716 servi
1277 2684 1343 2716 mci
1370 2684 1526 2718 manibus
1545 2685 1645 2719 disci-

103 2731 243 2776 plinam,
264 2731 440 2776 ipsumque
457 2729 641 2775 precamini
660 2735 697 2762 ut
712 2728 805 2762 vobis
824 2729 955 2761 veniam
983 2728 1097 2762 delicti
1122 2729 1223 2773 hujus
1249 2730 1415 2775 imploret.
1468 2731 1522 2764 Illi
1541 2733 1643 2766 etiam

106 2778 210 2820 dices,
239 2777 323 2810 mihi
352 2783 484 2821 gratum
512 2788 585 2809 esse
612 2775 701 2820 quod
731 2775 980 2819 sterquilinium
1007 2775 1049 2808 ab
1069 2776 1223 2809 Ecclesia
1246 2784 1297 2809 est
1319 2784 1539 2821 summotum,
1566 2779 1647 2824 quia

106 2825 207 2858 modo
237 2824 330 2857 illam
357 2823 500 2857 libenter
526 2823 705 2868 ingredior,
727 2828 758 2855 et
787 2822 909 2867 saepius
940 2822 985 2855 ibi
1013 2822 1147 2855 moror.'
1206 2822 1269 2856 His
1300 2823 1412 2865 dictis,
1439 2826 1586 2869 evanuit,
1613 2833 1647 2860 et

104 2871 300 2904 adolescens
319 2870 442 2903 domno
460 2882 520 2903 sno
539 2881 613 2914 quae
633 2869 759 2902 viderat
777 2868 979 2902 ena1·1·avit.”
1031 2869 1143 2902 Anon.
1164 2868 1258 2903 Harl.
1279 2869 1427 2915 Legend.

154 2918 167 2936 ²
192 2917 275 2951 This
292 2917 429 2963 chapter
448 2916 528 2950 does
545 2923 601 2949 not
621 2927 721 2950 occur
740 2916 773 2948 in
792 2915 847 2948 the
868 2915 964 2949 Harl.
984 2915 1059 2948 MS.
