<?xml version="1.0" encoding="UTF-8"?>
<!DOCTYPE html PUBLIC "-//W3C//DTD XHTML 1.0 Transitional//EN"
    "http://www.w3.org/TR/xhtml1/DTD/xhtml1-transitional.dtd">
<html xmlns="http://www.w3.org/1999/xhtml" xml:lang="en" lang="en">
 <head>
  <title>
</title>
<meta http-equiv="Content-Type" content="text/html;charset=utf-8" />
  <meta name='ocr-system' content='tesseract 3.04.00' />
  <meta name='ocr-capabilities' content='ocr_page ocr_carea ocr_par ocr_line ocrx_word'/>
</head>
<body>
  <div class='ocr_page' id='page_1' title='image "./libellusdevitaet00regi_0096.png"; bbox 0 0 1839 3186; ppageno 0'>
   <div class='ocr_carea' id='block_1_1' title="bbox 179 187 1177 226">
    <p class='ocr_par' dir='ltr' id='par_1_1' title="bbox 179 187 1177 226">
     <span class='ocr_line' id='line_1_1' title="bbox 179 187 1177 226; baseline -0.004 0"><span class='ocrx_word' id='word_1_1' title='bbox 179 187 233 226; x_wconf 85' lang='grc'>50</span> <span class='ocrx_word' id='word_1_2' title='bbox 693 191 926 224; x_wconf 88' lang='lat' dir='ltr'>LIBELLUS</span> <span class='ocrx_word' id='word_1_3' title='bbox 962 192 1026 223; x_wconf 92' lang='lat' dir='ltr'>DE</span> <span class='ocrx_word' id='word_1_4' title='bbox 1062 191 1177 223; x_wconf 90' lang='lat' dir='ltr'>VITA</span> 
     </span>
    </p>
   </div>
   <div class='ocr_carea' id='block_1_2' title="bbox 177 295 1720 2345">
    <p class='ocr_par' dir='ltr' id='par_1_2' title="bbox 177 295 1711 553">
     <span class='ocr_line' id='line_1_2' title="bbox 178 295 1710 353; baseline -0.003 -13"><span class='ocrx_word' id='word_1_5' title='bbox 178 303 219 340; x_wconf 88' lang='lat' dir='ltr'>te</span> <span class='ocrx_word' id='word_1_6' title='bbox 241 312 313 353; x_wconf 89' lang='lat' dir='ltr'>per</span> <span class='ocrx_word' id='word_1_7' title='bbox 332 311 462 338; x_wconf 89' lang='lat' dir='ltr'>unum</span> <span class='ocrx_word' id='word_1_8' title='bbox 486 296 726 346; x_wconf 77' lang='lat' dir='ltr'>Dominum,</span> <span class='ocrx_word' id='word_1_9' title='bbox 752 295 929 337; x_wconf 90' lang='lat' dir='ltr'>Trinum</span> <span class='ocrx_word' id='word_1_10' title='bbox 951 301 993 336; x_wconf 89' lang='lat' dir='ltr'>et</span> <span class='ocrx_word' id='word_1_11' title='bbox 1025 295 1307 346; x_wconf 87' lang='lat' dir='ltr'>Individuum,</span> <span class='ocrx_word' id='word_1_12' title='bbox 1331 310 1381 336; x_wconf 89' lang='lat' dir='ltr'>ne</span> <span class='ocrx_word' id='word_1_13' title='bbox 1409 309 1475 336; x_wconf 88' lang='lat' dir='ltr'>me</span> <span class='ocrx_word' id='word_1_14' title='bbox 1497 310 1569 350; x_wconf 87' lang='lat' dir='ltr'>per</span> <span class='ocrx_word' id='word_1_15' title='bbox 1593 309 1710 349; x_wconf 92' lang='lat' dir='ltr'>sopo-</span> 
     </span>
     <span class='ocr_line' id='line_1_3' title="bbox 177 361 1711 419; baseline -0.003 -13"><span class='ocrx_word' id='word_1_16' title='bbox 177 380 264 407; x_wconf 90' lang='lat' dir='ltr'>rem</span> <span class='ocrx_word' id='word_1_17' title='bbox 288 364 504 419; x_wconf 80' lang='lat' dir='ltr'>ignorante</span> <span class='ocrx_word' id='word_1_18' title='bbox 536 363 586 404; x_wconf 90' lang='lat' dir='ltr'>de</span> <span class='ocrx_word' id='word_1_19' title='bbox 610 363 688 404; x_wconf 98' lang='grc'>1100</span> <span class='ocrx_word' id='word_1_20' title='bbox 718 363 944 405; x_wconf 77' lang='lat' dir='ltr'>habitaculi</span> <span class='ocrx_word' id='word_1_21' title='bbox 975 363 1037 404; x_wconf 91' lang='lat' dir='ltr'>tui</span> <span class='ocrx_word' id='word_1_22' title='bbox 1059 362 1265 418; x_wconf 84' lang='lat' dir='ltr'>ergastulo</span> <span class='ocrx_word' id='word_1_23' title='bbox 1291 362 1470 411; x_wconf 86' lang='lat' dir='ltr'>recedas,</span> <span class='ocrx_word' id='word_1_24' title='bbox 1503 377 1633 415; x_wconf 90' lang='lat' dir='ltr'>neque</span> <span class='ocrx_word' id='word_1_25' title='bbox 1656 361 1711 402; x_wconf 88' lang='lat' dir='ltr'>ad</span> 
     </span>
     <span class='ocr_line' id='line_1_4' title="bbox 178 427 1709 485; baseline -0.003 -13"><span class='ocrx_word' id='word_1_26' title='bbox 178 432 265 473; x_wconf 87' lang='lat' dir='ltr'>alta</span> <span class='ocrx_word' id='word_1_27' title='bbox 305 431 497 471; x_wconf 83' lang='lat' dir='ltr'>coelorum</span> <span class='ocrx_word' id='word_1_28' title='bbox 537 429 673 480; x_wconf 85' lang='lat' dir='ltr'>abeas,</span> <span class='ocrx_word' id='word_1_29' title='bbox 710 430 788 471; x_wconf 89' lang='lat' dir='ltr'>nisi</span> <span class='ocrx_word' id='word_1_30' title='bbox 826 445 892 471; x_wconf 90' lang='lat' dir='ltr'>me</span> <span class='ocrx_word' id='word_1_31' title='bbox 932 429 1044 484; x_wconf 90' lang='lat' dir='ltr'>prius</span> <span class='ocrx_word' id='word_1_32' title='bbox 1088 429 1138 471; x_wconf 92' lang='lat' dir='ltr'>de</span> <span class='ocrx_word' id='word_1_33' title='bbox 1179 428 1302 485; x_wconf 84' lang='lat' dir='ltr'>hujus</span> <span class='ocrx_word' id='word_1_34' title='bbox 1343 428 1463 469; x_wconf 88' lang='lat' dir='ltr'>molis</span> <span class='ocrx_word' id='word_1_35' title='bbox 1504 427 1709 477; x_wconf 84' lang='lat' dir='ltr'>molestia,</span> 
     </span>
     <span class='ocr_line' id='line_1_5' title="bbox 178 495 1423 553; baseline -0.003 -14"><span class='ocrx_word' id='word_1_36' title='bbox 178 513 322 553; x_wconf 88' lang='lat' dir='ltr'>sopore</span> <span class='ocrx_word' id='word_1_37' title='bbox 343 497 567 547; x_wconf 74' lang='lat' dir='ltr'>mediante,</span> <span class='ocrx_word' id='word_1_38' title='bbox 590 497 831 547; x_wconf 85' lang='lat' dir='ltr'>relevatum,</span> <span class='ocrx_word' id='word_1_39' title='bbox 855 496 931 538; x_wconf 90' lang='lat' dir='ltr'>tibi</span> <span class='ocrx_word' id='word_1_40' title='bbox 953 496 1161 537; x_wconf 90' lang='lat' dir='ltr'>considere</span> <span class='ocrx_word' id='word_1_41' title='bbox 1183 495 1423 536; x_wconf 75' lang='lat' dir='ltr'>concedas.”</span> 
     </span>
    </p>

    <p class='ocr_par' dir='ltr' id='par_1_3' title="bbox 178 560 1720 2345">
     <span class='ocr_line' id='line_1_6' title="bbox 237 560 1712 617; baseline -0.004 -11"><span class='ocrx_word' id='word_1_42' title='bbox 237 565 347 617; x_wconf 57' lang='lat'>§35</span> <span class='ocrx_word' id='word_1_43' title='bbox 381 564 540 617; x_wconf 73' lang='lat' dir='ltr'>Quibus</span> <span class='ocrx_word' id='word_1_44' title='bbox 576 563 708 614; x_wconf 89' lang='lat' dir='ltr'>dictis,</span> <span class='ocrx_word' id='word_1_45' title='bbox 735 563 849 617; x_wconf 90' lang='lat' dir='ltr'>quasi</span> <span class='ocrx_word' id='word_1_46' title='bbox 880 563 955 605; x_wconf 89' lang='lat' dir='ltr'>sub</span> <span class='ocrx_word' id='word_1_47' title='bbox 987 562 1206 604; x_wconf 76' lang='lat' dir='ltr'>securitate</span> <span class='ocrx_word' id='word_1_48' title='bbox 1241 561 1369 603; x_wconf 89' lang='lat' dir='ltr'>nimia</span> <span class='ocrx_word' id='word_1_49' title='bbox 1399 576 1540 603; x_wconf 87' lang='grc'>00111110</span> <span class='ocrx_word' id='word_1_50' title='bbox 1563 560 1712 615; x_wconf 87' lang='lat' dir='ltr'>quietis</span> 
     </span>
     <span class='ocr_line' id='line_1_7' title="bbox 178 627 1709 685; baseline -0.003 -13"><span class='ocrx_word' id='word_1_51' title='bbox 178 630 370 679; x_wconf 74' lang='lat' dir='ltr'>indulsit,</span> <span class='ocrx_word' id='word_1_52' title='bbox 406 636 447 672; x_wconf 90' lang='lat' dir='ltr'>et</span> <span class='ocrx_word' id='word_1_53' title='bbox 479 630 576 684; x_wconf 86' lang='lat' dir='ltr'>quia</span> <span class='ocrx_word' id='word_1_54' title='bbox 612 645 699 685; x_wconf 84' lang='lat' dir='ltr'>prae</span> <span class='ocrx_word' id='word_1_55' title='bbox 726 629 854 671; x_wconf 90' lang='lat' dir='ltr'>nimia</span> <span class='ocrx_word' id='word_1_56' title='bbox 885 628 1097 670; x_wconf 78' lang='lat' dir='ltr'>anxietate</span> <span class='ocrx_word' id='word_1_57' title='bbox 1133 644 1256 683; x_wconf 88' lang='lat' dir='ltr'>quam</span> <span class='ocrx_word' id='word_1_58' title='bbox 1292 627 1447 669; x_wconf 86' lang='lat' dir='ltr'>diutius</span> <span class='ocrx_word' id='word_1_59' title='bbox 1478 632 1709 677; x_wconf 76' lang='lat' dir='ltr'>exaruerat,</span> 
     </span>
     <span class='ocr_line' id='line_1_8' title="bbox 180 693 1711 752; baseline -0.003 -14"><span class='ocrx_word' id='word_1_60' title='bbox 180 713 205 738; x_wconf 89' lang='lat' dir='ltr'>a</span> <span class='ocrx_word' id='word_1_61' title='bbox 230 697 362 752; x_wconf 88' lang='lat' dir='ltr'>primo</span> <span class='ocrx_word' id='word_1_62' title='bbox 395 697 633 752; x_wconf 89' lang='lat' dir='ltr'>crepusculo</span> <span class='ocrx_word' id='word_1_63' title='bbox 663 696 796 737; x_wconf 88' lang='lat' dir='ltr'>noctis</span> <span class='ocrx_word' id='word_1_64' title='bbox 821 711 948 750; x_wconf 87' lang='lat' dir='ltr'>usque</span> <span class='ocrx_word' id='word_1_65' title='bbox 979 696 1034 736; x_wconf 86' lang='lat' dir='ltr'>ad</span> <span class='ocrx_word' id='word_1_66' title='bbox 1061 700 1198 736; x_wconf 90' lang='lat' dir='ltr'>ortum</span> <span class='ocrx_word' id='word_1_67' title='bbox 1222 695 1427 750; x_wconf 87' lang='lat' dir='ltr'>surgentis</span> <span class='ocrx_word' id='word_1_68' title='bbox 1448 709 1606 735; x_wconf 83' lang='lat' dir='ltr'>aurorae</span> <span class='ocrx_word' id='word_1_69' title='bbox 1630 693 1711 734; x_wconf 90' lang='lat' dir='ltr'>diei</span> 
     </span>
     <span class='ocr_line' id='line_1_9' title="bbox 180 759 1712 818; baseline -0.003 -13"><span class='ocrx_word' id='word_1_70' title='bbox 180 763 388 818; x_wconf 88' lang='lat' dir='ltr'>sequentis</span> <span class='ocrx_word' id='word_1_71' title='bbox 423 762 703 812; x_wconf 86' lang='lat' dir='ltr'>obdormivit;</span> <span class='ocrx_word' id='word_1_72' title='bbox 743 769 858 803; x_wconf 84' lang='lat' dir='ltr'>erant</span> <span class='ocrx_word' id='word_1_73' title='bbox 897 762 1007 803; x_wconf 87' lang='lat' dir='ltr'>enim</span> <span class='ocrx_word' id='word_1_74' title='bbox 1039 761 1146 802; x_wconf 91' lang='lat' dir='ltr'>oculi</span> <span class='ocrx_word' id='word_1_75' title='bbox 1187 759 1274 817; x_wconf 86' lang='lat' dir='ltr'>ejus</span> <span class='ocrx_word' id='word_1_76' title='bbox 1311 760 1486 816; x_wconf 80' lang='lat' dir='ltr'>gravati,</span> <span class='ocrx_word' id='word_1_77' title='bbox 1525 765 1566 801; x_wconf 92' lang='lat' dir='ltr'>et</span> <span class='ocrx_word' id='word_1_78' title='bbox 1596 766 1712 801; x_wconf 88' lang='lat' dir='ltr'>artus</span> 
     </span>
     <span class='ocr_line' id='line_1_10' title="bbox 180 826 1713 886; baseline -0.003 -15"><span class='ocrx_word' id='word_1_79' title='bbox 180 829 267 886; x_wconf 83' lang='lat' dir='ltr'>ejus</span> <span class='ocrx_word' id='word_1_80' title='bbox 294 830 401 871; x_wconf 88' lang='lat' dir='ltr'>mole</span> <span class='ocrx_word' id='word_1_81' title='bbox 434 829 667 884; x_wconf 89' lang='lat' dir='ltr'>vigiliarum</span> <span class='ocrx_word' id='word_1_82' title='bbox 700 834 823 883; x_wconf 87' lang='lat' dir='ltr'>atque</span> <span class='ocrx_word' id='word_1_83' title='bbox 855 828 976 870; x_wconf 87' lang='lat' dir='ltr'>simul</span> <span class='ocrx_word' id='word_1_84' title='bbox 1007 828 1208 869; x_wconf 85' lang='lat' dir='ltr'>molestiae</span> <span class='ocrx_word' id='word_1_85' title='bbox 1242 827 1421 882; x_wconf 87' lang='lat' dir='ltr'>fatigati.</span> <span class='ocrx_word' id='word_1_86' title='bbox 1498 826 1713 881; x_wconf 87' lang='lat' dir='ltr'>Evigilans</span> 
     </span>
     <span class='ocr_line' id='line_1_11' title="bbox 179 893 1713 951; baseline -0.003 -13"><span class='ocrx_word' id='word_1_87' title='bbox 179 912 276 938; x_wconf 86' lang='lat' dir='ltr'>vero</span> <span class='ocrx_word' id='word_1_88' title='bbox 312 901 354 937; x_wconf 90' lang='lat' dir='ltr'>et</span> <span class='ocrx_word' id='word_1_89' title='bbox 390 895 717 951; x_wconf 84' lang='lat' dir='ltr'>expergefactus,</span> <span class='ocrx_word' id='word_1_90' title='bbox 752 900 866 937; x_wconf 89' lang='lat' dir='ltr'>totus</span> <span class='ocrx_word' id='word_1_91' title='bbox 897 909 980 950; x_wconf 86' lang='lat' dir='ltr'>prae</span> <span class='ocrx_word' id='word_1_92' title='bbox 1013 894 1151 935; x_wconf 87' lang='lat' dir='ltr'>dolore</span> <span class='ocrx_word' id='word_1_93' title='bbox 1188 893 1377 949; x_wconf 71' lang='lat' dir='ltr'>diriguit3</span> <span class='ocrx_word' id='word_1_94' title='bbox 1423 898 1465 934; x_wconf 91' lang='lat' dir='ltr'>et</span> <span class='ocrx_word' id='word_1_95' title='bbox 1497 907 1713 934; x_wconf 89' lang='lat' dir='ltr'>accurrens</span> 
     </span>
     <span class='ocr_line' id='line_1_12' title="bbox 180 959 1713 1018; baseline -0.003 -14"><span class='ocrx_word' id='word_1_96' title='bbox 180 963 235 1004; x_wconf 88' lang='lat' dir='ltr'>ad</span> <span class='ocrx_word' id='word_1_97' title='bbox 266 967 554 1018; x_wconf 73' lang='lat' dir='ltr'>aegrotantem,</span> <span class='ocrx_word' id='word_1_98' title='bbox 577 960 669 1017; x_wconf 85' lang='lat' dir='ltr'>jam</span> <span class='ocrx_word' id='word_1_99' title='bbox 700 977 776 1003; x_wconf 90' lang='lat' dir='ltr'>nec</span> <span class='ocrx_word' id='word_1_100' title='bbox 810 962 1057 1003; x_wconf 73' lang='lat' dir='ltr'>oscitantem</span> <span class='ocrx_word' id='word_1_101' title='bbox 1098 961 1160 1003; x_wconf 91' lang='lat' dir='ltr'>vel</span> <span class='ocrx_word' id='word_1_102' title='bbox 1197 965 1433 1002; x_wconf 88' lang='lat' dir='ltr'>moventem</span> <span class='ocrx_word' id='word_1_103' title='bbox 1475 975 1546 1001; x_wconf 90' lang='lat' dir='ltr'>seu</span> <span class='ocrx_word' id='word_1_104' title='bbox 1587 959 1713 1010; x_wconf 53' lang='lat' dir='ltr'>exhass</span> 
     </span>
     <span class='ocr_line' id='line_1_13' title="bbox 179 1025 1713 1084; baseline -0.001 -14"><span class='ocrx_word' id='word_1_105' title='bbox 179 1030 337 1070; x_wconf 89' lang='lat' dir='ltr'>lantem</span> <span class='ocrx_word' id='word_1_106' title='bbox 376 1028 570 1084; x_wconf 89' lang='lat' dir='ltr'>repperit.</span> <span class='ocrx_word' id='word_1_107' title='bbox 634 1028 751 1070; x_wconf 86' lang='lat' dir='ltr'>Tunc</span> <span class='ocrx_word' id='word_1_108' title='bbox 791 1028 999 1083; x_wconf 70' lang='lat' dir='ltr'>suspirans</span> <span class='ocrx_word' id='word_1_109' title='bbox 1037 1032 1078 1069; x_wconf 92' lang='lat' dir='ltr'>et</span> <span class='ocrx_word' id='word_1_110' title='bbox 1108 1027 1357 1069; x_wconf 83' lang='lat' dir='ltr'>illacrimans</span> <span class='ocrx_word' id='word_1_111' title='bbox 1396 1027 1514 1068; x_wconf 87' lang='lat' dir='ltr'>elatis</span> <span class='ocrx_word' id='word_1_112' title='bbox 1544 1025 1713 1069; x_wconf 83' lang='lat' dir='ltr'>vocibus</span> 
     </span>
     <span class='ocr_line' id='line_1_14' title="bbox 180 1092 1712 1150; baseline -0.003 -13"><span class='ocrx_word' id='word_1_113' title='bbox 180 1097 266 1137; x_wconf 90' lang='lat' dir='ltr'>alto</span> <span class='ocrx_word' id='word_1_114' title='bbox 297 1095 419 1137; x_wconf 87' lang='lat' dir='ltr'>corde</span> <span class='ocrx_word' id='word_1_115' title='bbox 450 1094 667 1150; x_wconf 76' lang='lat' dir='ltr'>ingemuit,</span> <span class='ocrx_word' id='word_1_116' title='bbox 699 1100 741 1136; x_wconf 88' lang='lat' dir='ltr'>et</span> <span class='ocrx_word' id='word_1_117' title='bbox 776 1095 946 1136; x_wconf 84' lang='lat' dir='ltr'>fratrem</span> <span class='ocrx_word' id='word_1_118' title='bbox 977 1094 1127 1149; x_wconf 78' lang='lat' dir='ltr'>saepius</span> <span class='ocrx_word' id='word_1_119' title='bbox 1160 1109 1213 1135; x_wconf 84' lang='lat' dir='ltr'>ex</span> <span class='ocrx_word' id='word_1_120' title='bbox 1250 1095 1415 1149; x_wconf 90' lang='lat' dir='ltr'>proprio</span> <span class='ocrx_word' id='word_1_121' title='bbox 1445 1093 1610 1134; x_wconf 88' lang='lat' dir='ltr'>nomine</span> <span class='ocrx_word' id='word_1_122' title='bbox 1652 1092 1712 1133; x_wconf 85' lang='lat' dir='ltr'>in-</span> 
     </span>
     <span class='ocr_line' id='line_1_15' title="bbox 181 1160 1711 1217; baseline -0.003 -13"><span class='ocrx_word' id='word_1_123' title='bbox 181 1178 346 1212; x_wconf 87' lang='lat' dir='ltr'>vocans,</span> <span class='ocrx_word' id='word_1_124' title='bbox 372 1162 600 1203; x_wconf 89' lang='lat' dir='ltr'>Dominum</span> <span class='ocrx_word' id='word_1_125' title='bbox 622 1161 843 1217; x_wconf 74' lang='lat' dir='ltr'>saepissime</span> <span class='ocrx_word' id='word_1_126' title='bbox 870 1177 938 1203; x_wconf 88' lang='lat' dir='ltr'>ore</span> <span class='ocrx_word' id='word_1_127' title='bbox 968 1166 1009 1202; x_wconf 91' lang='lat' dir='ltr'>et</span> <span class='ocrx_word' id='word_1_128' title='bbox 1043 1161 1165 1202; x_wconf 87' lang='lat' dir='ltr'>eorde</span> <span class='ocrx_word' id='word_1_129' title='bbox 1194 1161 1315 1203; x_wconf 88' lang='lat' dir='ltr'>simul</span> <span class='ocrx_word' id='word_1_130' title='bbox 1340 1160 1574 1209; x_wconf 86' lang='lat' dir='ltr'>contestari,</span> <span class='ocrx_word' id='word_1_131' title='bbox 1602 1175 1711 1200; x_wconf 88' lang='lat' dir='ltr'>eom-</span> 
     </span>
     <span class='ocr_line' id='line_1_16' title="bbox 180 1226 1712 1284; baseline -0.003 -14"><span class='ocrx_word' id='word_1_132' title='bbox 180 1229 348 1284; x_wconf 86' lang='lat' dir='ltr'>pellare,</span> <span class='ocrx_word' id='word_1_133' title='bbox 375 1233 416 1269; x_wconf 90' lang='lat' dir='ltr'>et</span> <span class='ocrx_word' id='word_1_134' title='bbox 437 1243 607 1269; x_wconf 83' lang='lat' dir='ltr'>exorare</span> <span class='ocrx_word' id='word_1_135' title='bbox 627 1243 710 1269; x_wconf 89' lang='lat' dir='ltr'>non</span> <span class='ocrx_word' id='word_1_136' title='bbox 737 1228 887 1276; x_wconf 80' lang='lat' dir='ltr'>desiit;</span> <span class='ocrx_word' id='word_1_137' title='bbox 923 1226 1038 1283; x_wconf 86' lang='lat' dir='ltr'>cujus</span> <span class='ocrx_word' id='word_1_138' title='bbox 1067 1227 1246 1269; x_wconf 82' lang='lat' dir='ltr'>lacrimis</span> <span class='ocrx_word' id='word_1_139' title='bbox 1276 1228 1468 1268; x_wconf 88' lang='lat' dir='ltr'>misertus</span> <span class='ocrx_word' id='word_1_140' title='bbox 1496 1226 1712 1276; x_wconf 84' lang='lat' dir='ltr'>Dominus,</span> 
     </span>
     <span class='ocr_line' id='line_1_17' title="bbox 180 1292 1714 1350; baseline -0.002 -14"><span class='ocrx_word' id='word_1_141' title='bbox 180 1295 285 1336; x_wconf 91' lang='lat' dir='ltr'>miro</span> <span class='ocrx_word' id='word_1_142' title='bbox 317 1295 442 1336; x_wconf 90' lang='lat' dir='ltr'>modo</span> <span class='ocrx_word' id='word_1_143' title='bbox 481 1294 616 1350; x_wconf 90' lang='lat' dir='ltr'>ipsum</span> <span class='ocrx_word' id='word_1_144' title='bbox 654 1295 886 1337; x_wconf 81' lang='lat' dir='ltr'>consolatus</span> <span class='ocrx_word' id='word_1_145' title='bbox 921 1299 996 1336; x_wconf 89' lang='grc'>001.</span> <span class='ocrx_word' id='word_1_146' title='bbox 1081 1294 1256 1349; x_wconf 81' lang='lat' dir='ltr'>Nempe,</span> <span class='ocrx_word' id='word_1_147' title='bbox 1299 1294 1408 1335; x_wconf 86' lang='lat' dir='ltr'>circa</span> <span class='ocrx_word' id='word_1_148' title='bbox 1449 1293 1592 1334; x_wconf 88' lang='lat' dir='ltr'>horam</span> <span class='ocrx_word' id='word_1_149' title='bbox 1634 1292 1714 1333; x_wconf 88' lang='lat' dir='ltr'>diei</span> 
     </span>
     <span class='ocr_line' id='line_1_18' title="bbox 180 1359 1713 1416; baseline -0.002 -13"><span class='ocrx_word' id='word_1_150' title='bbox 180 1362 362 1411; x_wconf 84' lang='lat' dir='ltr'>tertiam,</span> <span class='ocrx_word' id='word_1_151' title='bbox 389 1361 557 1416; x_wconf 88' lang='lat' dir='ltr'>spiritus</span> <span class='ocrx_word' id='word_1_152' title='bbox 585 1376 707 1415; x_wconf 88' lang='lat' dir='ltr'>quem</span> <span class='ocrx_word' id='word_1_153' title='bbox 744 1376 951 1416; x_wconf 87' lang='lat' dir='ltr'>egressum</span> <span class='ocrx_word' id='word_1_154' title='bbox 982 1360 1170 1410; x_wconf 86' lang='lat' dir='ltr'>credidit,</span> <span class='ocrx_word' id='word_1_155' title='bbox 1204 1361 1312 1402; x_wconf 88' lang='lat' dir='ltr'>inter</span> <span class='ocrx_word' id='word_1_156' title='bbox 1340 1360 1479 1401; x_wconf 84' lang='lat' dir='ltr'>fauces</span> <span class='ocrx_word' id='word_1_157' title='bbox 1513 1359 1648 1409; x_wconf 89' lang='lat' dir='ltr'>rediit,</span> <span class='ocrx_word' id='word_1_158' title='bbox 1672 1364 1713 1400; x_wconf 86' lang='lat' dir='ltr'>et</span> 
     </span>
     <span class='ocr_line' id='line_1_19' title="bbox 184 1425 1710 1483; baseline -0.003 -13"><span class='ocrx_word' id='word_1_159' title='bbox 184 1429 260 1470; x_wconf 89' lang='lat' dir='ltr'>sub</span> <span class='ocrx_word' id='word_1_160' title='bbox 285 1428 432 1469; x_wconf 90' lang='lat' dir='ltr'>anhelo</span> <span class='ocrx_word' id='word_1_161' title='bbox 454 1433 621 1483; x_wconf 84' lang='lat' dir='ltr'>pectore</span> <span class='ocrx_word' id='word_1_162' title='bbox 641 1428 848 1482; x_wconf 85' lang='lat' dir='ltr'>palpitans</span> <span class='ocrx_word' id='word_1_163' title='bbox 869 1428 1006 1468; x_wconf 82' lang='lat' dir='ltr'>anima</span> <span class='ocrx_word' id='word_1_164' title='bbox 1027 1427 1187 1468; x_wconf 89' lang='lat' dir='ltr'>modice</span> <span class='ocrx_word' id='word_1_165' title='bbox 1218 1433 1259 1468; x_wconf 90' lang='lat' dir='ltr'>et</span> <span class='ocrx_word' id='word_1_166' title='bbox 1289 1427 1439 1468; x_wconf 87' lang='lat' dir='ltr'>sensim</span> <span class='ocrx_word' id='word_1_167' title='bbox 1465 1425 1710 1481; x_wconf 86' lang='lat' dir='ltr'>respiravit;</span> 
     </span>
     <span class='ocr_line' id='line_1_20' title="bbox 183 1492 1714 1549; baseline -0.002 -14"><span class='ocrx_word' id='word_1_168' title='bbox 183 1495 294 1549; x_wconf 87' lang='lat' dir='ltr'>quod</span> <span class='ocrx_word' id='word_1_169' title='bbox 324 1495 392 1535; x_wconf 88' lang='lat' dir='ltr'>ille</span> <span class='ocrx_word' id='word_1_170' title='bbox 418 1494 683 1548; x_wconf 86' lang='lat' dir='ltr'>comperiens,</span> <span class='ocrx_word' id='word_1_171' title='bbox 714 1509 838 1548; x_wconf 86' lang='lat' dir='ltr'>quam</span> <span class='ocrx_word' id='word_1_172' title='bbox 866 1494 1062 1535; x_wconf 87' lang='lat' dir='ltr'>citissime</span> <span class='ocrx_word' id='word_1_173' title='bbox 1093 1498 1206 1535; x_wconf 88' lang='lat' dir='ltr'>totus</span> <span class='ocrx_word' id='word_1_174' title='bbox 1237 1493 1278 1534; x_wconf 92' lang='lat' dir='ltr'>in</span> <span class='ocrx_word' id='word_1_175' title='bbox 1303 1508 1375 1534; x_wconf 90' lang='lat' dir='ltr'>ora</span> <span class='ocrx_word' id='word_1_176' title='bbox 1394 1492 1605 1534; x_wconf 89' lang='lat' dir='ltr'>morientis</span> <span class='ocrx_word' id='word_1_177' title='bbox 1626 1493 1714 1533; x_wconf 83' lang='lat' dir='ltr'>illa-</span> 
     </span>
     <span class='ocr_line' id='line_1_21' title="bbox 182 1557 1714 1615; baseline -0.003 -12"><span class='ocrx_word' id='word_1_178' title='bbox 182 1562 308 1611; x_wconf 84' lang='lat' dir='ltr'>bitur,</span> <span class='ocrx_word' id='word_1_179' title='bbox 341 1565 382 1601; x_wconf 90' lang='lat' dir='ltr'>et</span> <span class='ocrx_word' id='word_1_180' title='bbox 418 1560 529 1601; x_wconf 87' lang='lat' dir='ltr'>omni</span> <span class='ocrx_word' id='word_1_181' title='bbox 565 1560 711 1601; x_wconf 89' lang='lat' dir='ltr'>annisu</span> <span class='ocrx_word' id='word_1_182' title='bbox 743 1561 895 1602; x_wconf 88' lang='lat' dir='ltr'>mentis</span> <span class='ocrx_word' id='word_1_183' title='bbox 930 1565 970 1601; x_wconf 89' lang='lat' dir='ltr'>et</span> <span class='ocrx_word' id='word_1_184' title='bbox 1010 1560 1188 1615; x_wconf 88' lang='lat' dir='ltr'>corporis</span> <span class='ocrx_word' id='word_1_185' title='bbox 1220 1559 1326 1601; x_wconf 88' lang='lat' dir='ltr'>circa</span> <span class='ocrx_word' id='word_1_186' title='bbox 1365 1557 1451 1614; x_wconf 79' lang='lat' dir='ltr'>ejus</span> <span class='ocrx_word' id='word_1_187' title='bbox 1483 1558 1714 1600; x_wconf 86' lang='lat' dir='ltr'>custodiam</span> 
     </span>
     <span class='ocr_line' id='line_1_22' title="bbox 183 1625 1715 1681; baseline -0.002 -13"><span class='ocrx_word' id='word_1_188' title='bbox 183 1626 457 1669; x_wconf 87' lang='lat' dir='ltr'>intentissime</span> <span class='ocrx_word' id='word_1_189' title='bbox 496 1627 745 1668; x_wconf 88' lang='lat' dir='ltr'>demoratur.</span> <span class='ocrx_word' id='word_1_190' title='bbox 832 1627 913 1667; x_wconf 89' lang='lat' dir='ltr'>Ter</span> <span class='ocrx_word' id='word_1_191' title='bbox 955 1627 1081 1681; x_wconf 85' lang='lat' dir='ltr'>igitur</span> <span class='ocrx_word' id='word_1_192' title='bbox 1121 1626 1287 1667; x_wconf 89' lang='lat' dir='ltr'>demum</span> <span class='ocrx_word' id='word_1_193' title='bbox 1327 1625 1489 1667; x_wconf 84' lang='lat' dir='ltr'>fortiter</span> <span class='ocrx_word' id='word_1_194' title='bbox 1524 1625 1715 1680; x_wconf 89' lang='lat' dir='ltr'>spiritum</span> 
     </span>
     <span class='ocr_line' id='line_1_23' title="bbox 184 1691 1715 1748; baseline -0.001 -14"><span class='ocrx_word' id='word_1_195' title='bbox 184 1694 441 1744; x_wconf 83' lang='lat' dir='ltr'>contrahens,</span> <span class='ocrx_word' id='word_1_196' title='bbox 484 1693 663 1747; x_wconf 84' lang='lat' dir='ltr'>pallente</span> <span class='ocrx_word' id='word_1_197' title='bbox 706 1698 796 1734; x_wconf 89' lang='lat' dir='ltr'>toto</span> <span class='ocrx_word' id='word_1_198' title='bbox 830 1708 1013 1748; x_wconf 84' lang='lat' dir='ltr'>corpore,</span> <span class='ocrx_word' id='word_1_199' title='bbox 1048 1707 1195 1747; x_wconf 89' lang='lat' dir='ltr'>corpus</span> <span class='ocrx_word' id='word_1_200' title='bbox 1228 1692 1442 1733; x_wconf 89' lang='lat' dir='ltr'>morientis</span> <span class='ocrx_word' id='word_1_201' title='bbox 1477 1691 1715 1733; x_wconf 87' lang='lat' dir='ltr'>contremis-</span> 
     </span>
     <span class='ocr_line' id='line_1_24' title="bbox 184 1757 1712 1814; baseline -0.001 -13"><span class='ocrx_word' id='word_1_202' title='bbox 184 1775 291 1811; x_wconf 79' lang='lat' dir='ltr'>cens,</span> <span class='ocrx_word' id='word_1_203' title='bbox 330 1764 371 1800; x_wconf 92' lang='lat' dir='ltr'>et</span> <span class='ocrx_word' id='word_1_204' title='bbox 404 1765 550 1813; x_wconf 87' lang='lat' dir='ltr'>quarto</span> <span class='ocrx_word' id='word_1_205' title='bbox 590 1759 676 1800; x_wconf 89' lang='lat' dir='ltr'>ictu</span> <span class='ocrx_word' id='word_1_206' title='bbox 718 1760 923 1801; x_wconf 89' lang='lat' dir='ltr'>moventis</span> <span class='ocrx_word' id='word_1_207' title='bbox 966 1760 1113 1800; x_wconf 78' lang='lat' dir='ltr'>animae</span> <span class='ocrx_word' id='word_1_208' title='bbox 1149 1759 1317 1814; x_wconf 86' lang='lat' dir='ltr'>spiritus</span> <span class='ocrx_word' id='word_1_209' title='bbox 1357 1758 1534 1799; x_wconf 86' lang='lat' dir='ltr'>hominis</span> <span class='ocrx_word' id='word_1_210' title='bbox 1572 1757 1712 1813; x_wconf 83' lang='lat' dir='ltr'>ipsius,</span> 
     </span>
     <span class='ocr_line' id='line_1_25' title="bbox 184 1824 1717 1882; baseline -0.002 -15"><span class='ocrx_word' id='word_1_211' title='bbox 184 1828 275 1868; x_wconf 87' lang='lat' dir='ltr'>Deo</span> <span class='ocrx_word' id='word_1_212' title='bbox 289 1825 478 1882; x_wconf 86' lang='lat' dir='ltr'>jubente,</span> <span class='ocrx_word' id='word_1_213' title='bbox 508 1826 730 1867; x_wconf 86' lang='lat' dir='ltr'>dissolutus</span> <span class='ocrx_word' id='word_1_214' title='bbox 756 1831 818 1867; x_wconf 91' lang='lat' dir='ltr'>est</span> <span class='ocrx_word' id='word_1_215' title='bbox 841 1841 865 1867; x_wconf 89' lang='lat' dir='ltr'>a</span> <span class='ocrx_word' id='word_1_216' title='bbox 891 1841 1072 1881; x_wconf 87' lang='lat' dir='ltr'>corpore.</span> <span class='ocrx_word' id='word_1_217' title='bbox 1137 1826 1249 1867; x_wconf 86' lang='lat' dir='ltr'>Mira</span> <span class='ocrx_word' id='word_1_218' title='bbox 1279 1840 1355 1876; x_wconf 90' lang='lat' dir='ltr'>res,</span> <span class='ocrx_word' id='word_1_219' title='bbox 1382 1830 1422 1866; x_wconf 87' lang='lat' dir='ltr'>et</span> <span class='ocrx_word' id='word_1_220' title='bbox 1444 1824 1593 1866; x_wconf 88' lang='lat' dir='ltr'>nostris</span> <span class='ocrx_word' id='word_1_221' title='bbox 1613 1829 1717 1865; x_wconf 90' lang='lat' dir='ltr'>tem-</span> 
     </span>
     <span class='ocr_line' id='line_1_26' title="bbox 184 1890 1716 1949; baseline -0.001 -16"><span class='ocrx_word' id='word_1_222' title='bbox 184 1893 350 1949; x_wconf 86' lang='lat' dir='ltr'>poribus</span> <span class='ocrx_word' id='word_1_223' title='bbox 390 1892 669 1933; x_wconf 72' lang='lat' dir='ltr'>incredibilis!</span> <span class='ocrx_word' id='word_1_224' title='bbox 777 1892 908 1933; x_wconf 87' lang='lat' dir='ltr'>Videt</span> <span class='ocrx_word' id='word_1_225' title='bbox 951 1893 1074 1933; x_wconf 89' lang='lat' dir='ltr'>homo</span> <span class='ocrx_word' id='word_1_226' title='bbox 1115 1892 1195 1933; x_wconf 91' lang='lat' dir='ltr'>Dei</span> <span class='ocrx_word' id='word_1_227' title='bbox 1231 1892 1366 1933; x_wconf 89' lang='lat' dir='ltr'>subito</span> <span class='ocrx_word' id='word_1_228' title='bbox 1411 1906 1619 1946; x_wconf 87' lang='lat' dir='ltr'>egressum</span> <span class='ocrx_word' id='word_1_229' title='bbox 1666 1890 1716 1931; x_wconf 93' lang='lat' dir='ltr'>de</span> 
     </span>
     <span class='ocr_line' id='line_1_27' title="bbox 185 1958 1719 2014; baseline -0.002 -14"><span class='ocrx_word' id='word_1_230' title='bbox 185 1974 353 2014; x_wconf 90' lang='lat' dir='ltr'>corpore</span> <span class='ocrx_word' id='word_1_231' title='bbox 379 1974 500 2013; x_wconf 90' lang='lat' dir='ltr'>quem</span> <span class='ocrx_word' id='word_1_232' title='bbox 526 1959 638 2013; x_wconf 90' lang='lat' dir='ltr'>prius</span> <span class='ocrx_word' id='word_1_233' title='bbox 664 1959 833 2001; x_wconf 85' lang='lat' dir='ltr'>videbat</span> <span class='ocrx_word' id='word_1_234' title='bbox 861 1959 903 2000; x_wconf 91' lang='lat' dir='ltr'>in</span> <span class='ocrx_word' id='word_1_235' title='bbox 935 1974 1127 2014; x_wconf 79' lang='lat' dir='ltr'>corp0re3</span> <span class='ocrx_word' id='word_1_236' title='bbox 1167 1963 1209 2000; x_wconf 91' lang='lat' dir='ltr'>et</span> <span class='ocrx_word' id='word_1_237' title='bbox 1241 1974 1362 2013; x_wconf 88' lang='lat' dir='ltr'>quem</span> <span class='ocrx_word' id='word_1_238' title='bbox 1393 1958 1552 1999; x_wconf 81' lang='lat' dir='ltr'>exuviis</span> <span class='ocrx_word' id='word_1_239' title='bbox 1578 1972 1719 2011; x_wconf 89' lang='lat' dir='ltr'>corpo-</span> 
     </span>
     <span class='ocr_line' id='line_1_28' title="bbox 185 2022 1715 2080; baseline -0.003 -13"><span class='ocrx_word' id='word_1_240' title='bbox 185 2026 341 2067; x_wconf 88' lang='lat' dir='ltr'>ralibus</span> <span class='ocrx_word' id='word_1_241' title='bbox 376 2025 608 2066; x_wconf 89' lang='lat' dir='ltr'>involutum</span> <span class='ocrx_word' id='word_1_242' title='bbox 648 2030 835 2075; x_wconf 85' lang='lat' dir='ltr'>noverat,</span> <span class='ocrx_word' id='word_1_243' title='bbox 873 2025 1164 2080; x_wconf 87' lang='lat' dir='ltr'>procedentem</span> <span class='ocrx_word' id='word_1_244' title='bbox 1197 2024 1247 2065; x_wconf 91' lang='lat' dir='ltr'>de</span> <span class='ocrx_word' id='word_1_245' title='bbox 1278 2039 1445 2079; x_wconf 88' lang='lat' dir='ltr'>corpore</span> <span class='ocrx_word' id='word_1_246' title='bbox 1470 2022 1562 2079; x_wconf 84' lang='lat' dir='ltr'>jam</span> <span class='ocrx_word' id='word_1_247' title='bbox 1597 2023 1715 2064; x_wconf 89' lang='lat' dir='ltr'>indu-</span> 
     </span>
     <span class='ocr_line' id='line_1_29' title="bbox 185 2089 1717 2146; baseline -0.003 -13"><span class='ocrx_word' id='word_1_248' title='bbox 185 2091 337 2133; x_wconf 88' lang='lat' dir='ltr'>mentis</span> <span class='ocrx_word' id='word_1_249' title='bbox 359 2091 639 2146; x_wconf 86' lang='lat' dir='ltr'>spiritualibus</span> <span class='ocrx_word' id='word_1_250' title='bbox 661 2092 860 2132; x_wconf 90' lang='lat' dir='ltr'>amictum</span> <span class='ocrx_word' id='word_1_251' title='bbox 891 2091 1084 2133; x_wconf 86' lang='lat' dir='ltr'>facillime</span> <span class='ocrx_word' id='word_1_252' title='bbox 1107 2091 1316 2132; x_wconf 88' lang='lat' dir='ltr'>dinoscere</span> <span class='ocrx_word' id='word_1_253' title='bbox 1346 2095 1523 2146; x_wconf 89' lang='lat' dir='ltr'>poterat.</span> <span class='ocrx_word' id='word_1_254' title='bbox 1595 2089 1717 2130; x_wconf 88' lang='lat' dir='ltr'>Vidit</span> 
     </span>
     <span class='ocr_line' id='line_1_30' title="bbox 187 2155 1720 2210; baseline -0.002 -11"><span class='ocrx_word' id='word_1_255' title='bbox 187 2157 312 2199; x_wconf 87' lang='lat' dir='ltr'>etiam</span> <span class='ocrx_word' id='word_1_256' title='bbox 334 2157 472 2197; x_wconf 84' lang='lat' dir='ltr'>onmia</span> <span class='ocrx_word' id='word_1_257' title='bbox 495 2157 659 2198; x_wconf 87' lang='lat' dir='ltr'>vincula</span> <span class='ocrx_word' id='word_1_258' title='bbox 680 2158 813 2199; x_wconf 83' lang='lat' dir='ltr'>carnis</span> <span class='ocrx_word' id='word_1_259' title='bbox 840 2158 915 2199; x_wconf 90' lang='lat' dir='ltr'>sub</span> <span class='ocrx_word' id='word_1_260' title='bbox 942 2162 1152 2198; x_wconf 89' lang='lat' dir='ltr'>momento</span> <span class='ocrx_word' id='word_1_261' title='bbox 1180 2157 1360 2206; x_wconf 85' lang='lat' dir='ltr'>dissolvi,</span> <span class='ocrx_word' id='word_1_262' title='bbox 1383 2162 1508 2210; x_wconf 88' lang='lat' dir='ltr'>atque</span> <span class='ocrx_word' id='word_1_263' title='bbox 1529 2155 1720 2197; x_wconf 87' lang='lat' dir='ltr'>reseratis</span> 
     </span>
     <span class='ocr_line' id='line_1_31' title="bbox 188 2223 1718 2279; baseline -0.002 -15"><span class='ocrx_word' id='word_1_264' title='bbox 188 2224 378 2265; x_wconf 88' lang='lat' dir='ltr'>omnibus</span> <span class='ocrx_word' id='word_1_265' title='bbox 417 2223 697 2264; x_wconf 88' lang='lat' dir='ltr'>membrorum</span> <span class='ocrx_word' id='word_1_266' title='bbox 744 2225 842 2266; x_wconf 90' lang='lat' dir='ltr'>seris</span> <span class='ocrx_word' id='word_1_267' title='bbox 884 2225 1053 2279; x_wconf 89' lang='lat' dir='ltr'>singulis</span> <span class='ocrx_word' id='word_1_268' title='bbox 1098 2229 1222 2278; x_wconf 87' lang='lat' dir='ltr'>atque</span> <span class='ocrx_word' id='word_1_269' title='bbox 1263 2223 1484 2274; x_wconf 85' lang='lat' dir='ltr'>retiaculis,</span> <span class='ocrx_word' id='word_1_270' title='bbox 1526 2223 1718 2277; x_wconf 86' lang='lat' dir='ltr'>spiritum</span> 
     </span>
     <span class='ocr_line' id='line_1_32' title="bbox 188 2289 1423 2345; baseline 0 -14"><span class='ocrx_word' id='word_1_271' title='bbox 188 2305 282 2331; x_wconf 89' lang='lat' dir='ltr'>cum</span> <span class='ocrx_word' id='word_1_272' title='bbox 303 2289 495 2330; x_wconf 89' lang='lat' dir='ltr'>libertate</span> <span class='ocrx_word' id='word_1_273' title='bbox 516 2289 641 2331; x_wconf 84' lang='lat' dir='ltr'>nimia</span> <span class='ocrx_word' id='word_1_274' title='bbox 663 2305 689 2331; x_wconf 90' lang='lat' dir='ltr'>a</span> <span class='ocrx_word' id='word_1_275' title='bbox 707 2290 972 2345; x_wconf 85' lang='lat' dir='ltr'>compedibus</span> <span class='ocrx_word' id='word_1_276' title='bbox 993 2291 1197 2345; x_wconf 88' lang='lat' dir='ltr'>corporeis</span> <span class='ocrx_word' id='word_1_277' title='bbox 1219 2289 1231 2310; x_wconf 74' lang='lat'>1</span> <span class='ocrx_word' id='word_1_278' title='bbox 1246 2289 1423 2331; x_wconf 89' lang='lat' dir='ltr'>liberari.</span> 
     </span>
    </p>
   </div>
   <div class='ocr_carea' id='block_1_3' title="bbox 189 2393 1725 2900">
    <p class='ocr_par' dir='ltr' id='par_1_4' title="bbox 189 2393 1725 2900">
     <span class='ocr_line' id='line_1_33' title="bbox 236 2393 1722 2439; baseline -0.001 -12"><span class='ocrx_word' id='word_1_279' title='bbox 236 2394 245 2413; x_wconf 92' lang='lat'><strong>¹</strong></span> <span class='ocrx_word' id='word_1_280' title='bbox 275 2393 460 2439; x_wconf 66' lang='lat' dir='ltr'>Liberari]</span> <span class='ocrx_word' id='word_1_281' title='bbox 490 2393 564 2426; x_wconf 89' lang='lat' dir='ltr'>The</span> <span class='ocrx_word' id='word_1_282' title='bbox 583 2404 793 2438; x_wconf 86' lang='lat' dir='ltr'>anonymous</span> <span class='ocrx_word' id='word_1_283' title='bbox 810 2394 922 2427; x_wconf 84' lang='lat' dir='ltr'>writer</span> <span class='ocrx_word' id='word_1_284' title='bbox 938 2394 1017 2427; x_wconf 87' lang='lat' dir='ltr'>thus</span> <span class='ocrx_word' id='word_1_285' title='bbox 1043 2394 1198 2438; x_wconf 82' lang='lat' dir='ltr'>abridges</span> <span class='ocrx_word' id='word_1_286' title='bbox 1223 2394 1280 2427; x_wconf 84' lang='lat' dir='ltr'>the</span> <span class='ocrx_word' id='word_1_287' title='bbox 1304 2395 1492 2428; x_wconf 80' lang='lat' dir='ltr'>narrative:</span> <span class='ocrx_word' id='word_1_288' title='bbox 1520 2393 1722 2427; x_wconf 79' lang='lat' dir='ltr'>“Godrieus</span> 
     </span>
     <span class='ocr_line' id='line_1_34' title="bbox 189 2439 1722 2485; baseline -0.001 -12"><span class='ocrx_word' id='word_1_289' title='bbox 189 2440 307 2473; x_wconf 87' lang='lat' dir='ltr'>videns</span> <span class='ocrx_word' id='word_1_290' title='bbox 334 2439 424 2483; x_wconf 86' lang='lat' dir='ltr'>quod</span> <span class='ocrx_word' id='word_1_291' title='bbox 449 2439 587 2472; x_wconf 87' lang='lat' dir='ltr'>morbus</span> <span class='ocrx_word' id='word_1_292' title='bbox 613 2439 834 2472; x_wconf 79' lang='lat' dir='ltr'>invalesceret</span> <span class='ocrx_word' id='word_1_293' title='bbox 858 2440 966 2484; x_wconf 82' lang='lat' dir='ltr'>magis</span> <span class='ocrx_word' id='word_1_294' title='bbox 990 2447 1023 2473; x_wconf 89' lang='lat' dir='ltr'>et</span> <span class='ocrx_word' id='word_1_295' title='bbox 1048 2441 1165 2484; x_wconf 82' lang='lat' dir='ltr'>magis,</span> <span class='ocrx_word' id='word_1_296' title='bbox 1193 2446 1318 2485; x_wconf 83' lang='lat' dir='ltr'>aegroto</span> <span class='ocrx_word' id='word_1_297' title='bbox 1343 2441 1509 2474; x_wconf 87' lang='lat' dir='ltr'>sollicitus</span> <span class='ocrx_word' id='word_1_298' title='bbox 1528 2446 1560 2473; x_wconf 86' lang='lat' dir='ltr'>et</span> <span class='ocrx_word' id='word_1_299' title='bbox 1579 2439 1722 2484; x_wconf 84' lang='lat' dir='ltr'>diligens</span> 
     </span>
     <span class='ocr_line' id='line_1_35' title="bbox 190 2485 1722 2531; baseline -0.001 -11"><span class='ocrx_word' id='word_1_300' title='bbox 190 2486 380 2530; x_wconf 80' lang='lat' dir='ltr'>assistebat,</span> <span class='ocrx_word' id='word_1_301' title='bbox 399 2486 446 2518; x_wconf 87' lang='lat' dir='ltr'>ita</span> <span class='ocrx_word' id='word_1_302' title='bbox 464 2485 553 2530; x_wconf 87' lang='lat' dir='ltr'>quod</span> <span class='ocrx_word' id='word_1_303' title='bbox 570 2497 629 2530; x_wconf 89' lang='lat' dir='ltr'>per</span> <span class='ocrx_word' id='word_1_304' title='bbox 647 2485 718 2518; x_wconf 89' lang='lat' dir='ltr'>dics</span> <span class='ocrx_word' id='word_1_305' title='bbox 736 2485 864 2530; x_wconf 86' lang='lat' dir='ltr'>aliquot</span> <span class='ocrx_word' id='word_1_306' title='bbox 882 2498 1037 2519; x_wconf 83' lang='lat' dir='ltr'>somnum</span> <span class='ocrx_word' id='word_1_307' title='bbox 1064 2498 1182 2531; x_wconf 81' lang='lat' dir='ltr'>capere</span> <span class='ocrx_word' id='word_1_308' title='bbox 1207 2498 1274 2519; x_wconf 89' lang='lat' dir='ltr'>non</span> <span class='ocrx_word' id='word_1_309' title='bbox 1298 2487 1441 2520; x_wconf 85' lang='lat' dir='ltr'>valebat.</span> <span class='ocrx_word' id='word_1_310' title='bbox 1491 2486 1590 2519; x_wconf 80' lang='lat' dir='ltr'>Dixit</span> <span class='ocrx_word' id='word_1_311' title='bbox 1608 2492 1722 2518; x_wconf 86' lang='lat' dir='ltr'>autem</span> 
     </span>
     <span class='ocr_line' id='line_1_36' title="bbox 191 2531 1723 2576; baseline -0.001 -10"><span class='ocrx_word' id='word_1_312' title='bbox 191 2533 278 2566; x_wconf 87' lang='lat' dir='ltr'>intra</span> <span class='ocrx_word' id='word_1_313' title='bbox 296 2544 331 2565; x_wconf 87' lang='grc'>00</span> <span class='ocrx_word' id='word_1_314' title='bbox 349 2545 357 2573; x_wconf 82' lang='grc'>;</span> <span class='ocrx_word' id='word_1_315' title='bbox 384 2535 394 2550; x_wconf 96' lang='lat'>‘</span> <span class='ocrx_word' id='word_1_316' title='bbox 407 2531 496 2564; x_wconf 90' lang='lat' dir='ltr'>Volo</span> <span class='ocrx_word' id='word_1_317' title='bbox 513 2543 572 2576; x_wconf 87' lang='lat' dir='ltr'>per</span> <span class='ocrx_word' id='word_1_318' title='bbox 590 2531 654 2563; x_wconf 90' lang='lat' dir='ltr'>Dei</span> <span class='ocrx_word' id='word_1_319' title='bbox 671 2532 813 2575; x_wconf 80' lang='lat' dir='ltr'>gratiam</span> <span class='ocrx_word' id='word_1_320' title='bbox 832 2532 865 2564; x_wconf 88' lang='lat' dir='ltr'>in</span> <span class='ocrx_word' id='word_1_321' title='bbox 892 2533 956 2565; x_wconf 89' lang='lat' dir='ltr'>isto</span> <span class='ocrx_word' id='word_1_322' title='bbox 982 2533 1173 2575; x_wconf 78' lang='lat' dir='ltr'>cujusmodi</span> <span class='ocrx_word' id='word_1_323' title='bbox 1199 2533 1242 2565; x_wconf 87' lang='lat' dir='ltr'>sit</span> <span class='ocrx_word' id='word_1_324' title='bbox 1266 2533 1428 2566; x_wconf 81' lang='lat' dir='ltr'>transitus</span> <span class='ocrx_word' id='word_1_325' title='bbox 1453 2532 1601 2565; x_wconf 87' lang='lat' dir='ltr'>hominis</span> <span class='ocrx_word' id='word_1_326' title='bbox 1619 2532 1723 2564; x_wconf 85' lang='lat' dir='ltr'>vitam</span> 
     </span>
     <span class='ocr_line' id='line_1_37' title="bbox 190 2577 1723 2622; baseline -0.001 -10"><span class='ocrx_word' id='word_1_327' title='bbox 190 2578 340 2612; x_wconf 91' lang='lat' dir='ltr'>finientis</span> <span class='ocrx_word' id='word_1_328' title='bbox 365 2580 570 2622; x_wconf 84' lang='lat' dir='ltr'>agnoscere.’</span> <span class='ocrx_word' id='word_1_329' title='bbox 619 2577 737 2610; x_wconf 79' lang='lat' dir='ltr'>Oculis</span> <span class='ocrx_word' id='word_1_330' title='bbox 763 2578 907 2622; x_wconf 88' lang='lat' dir='ltr'>denique</span> <span class='ocrx_word' id='word_1_331' title='bbox 926 2578 1115 2622; x_wconf 85' lang='lat' dir='ltr'>vigiliarum</span> <span class='ocrx_word' id='word_1_332' title='bbox 1134 2579 1386 2611; x_wconf 80' lang='lat' dir='ltr'>continuatione</span> <span class='ocrx_word' id='word_1_333' title='bbox 1403 2579 1561 2622; x_wconf 82' lang='lat' dir='ltr'>gravatis,</span> <span class='ocrx_word' id='word_1_334' title='bbox 1579 2584 1616 2610; x_wconf 89' lang='lat' dir='ltr'>ut</span> <span class='ocrx_word' id='word_1_335' title='bbox 1634 2589 1723 2611; x_wconf 87' lang='lat' dir='ltr'>som-</span> 
     </span>
     <span class='ocr_line' id='line_1_38' title="bbox 191 2623 1725 2669; baseline -0.001 -11"><span class='ocrx_word' id='word_1_336' title='bbox 191 2637 273 2658; x_wconf 89' lang='lat' dir='ltr'>num</span> <span class='ocrx_word' id='word_1_337' title='bbox 291 2624 432 2657; x_wconf 87' lang='lat' dir='ltr'>ulterius</span> <span class='ocrx_word' id='word_1_338' title='bbox 450 2624 583 2657; x_wconf 88' lang='lat' dir='ltr'>differre</span> <span class='ocrx_word' id='word_1_339' title='bbox 600 2635 667 2656; x_wconf 91' lang='lat' dir='ltr'>non</span> <span class='ocrx_word' id='word_1_340' title='bbox 684 2629 808 2668; x_wconf 84' lang='lat' dir='ltr'>posset,</span> <span class='ocrx_word' id='word_1_341' title='bbox 827 2624 966 2668; x_wconf 85' lang='lat' dir='ltr'>ipsoque</span> <span class='ocrx_word' id='word_1_342' title='bbox 984 2623 1199 2657; x_wconf 81' lang='lat' dir='ltr'>vehementer</span> <span class='ocrx_word' id='word_1_343' title='bbox 1217 2630 1353 2668; x_wconf 83' lang='lat' dir='ltr'>optante</span> <span class='ocrx_word' id='word_1_344' title='bbox 1377 2625 1532 2669; x_wconf 85' lang='lat' dir='ltr'>spiritum</span> <span class='ocrx_word' id='word_1_345' title='bbox 1550 2623 1725 2657; x_wconf 86' lang='lat' dir='ltr'>morientis</span> 
     </span>
     <span class='ocr_line' id='line_1_39' title="bbox 192 2669 1723 2716; baseline -0.001 -12"><span class='ocrx_word' id='word_1_346' title='bbox 192 2671 353 2716; x_wconf 81' lang='lat' dir='ltr'>aspicere,</span> <span class='ocrx_word' id='word_1_347' title='bbox 371 2671 419 2704; x_wconf 90' lang='lat' dir='ltr'>sic</span> <span class='ocrx_word' id='word_1_348' title='bbox 437 2671 581 2703; x_wconf 85' lang='lat' dir='ltr'>effatur:</span> <span class='ocrx_word' id='word_1_349' title='bbox 608 2673 616 2689; x_wconf 87' lang='lat'>‘</span> <span class='ocrx_word' id='word_1_350' title='bbox 632 2669 662 2703; x_wconf 90' lang='lat' dir='ltr'>O</span> <span class='ocrx_word' id='word_1_351' title='bbox 681 2670 828 2715; x_wconf 83' lang='lat' dir='ltr'>spiritus,</span> <span class='ocrx_word' id='word_1_352' title='bbox 847 2670 903 2714; x_wconf 88' lang='lat' dir='ltr'>qui</span> <span class='ocrx_word' id='word_1_353' title='bbox 923 2669 965 2702; x_wconf 88' lang='lat' dir='ltr'>ad</span> <span class='ocrx_word' id='word_1_354' title='bbox 982 2670 1240 2703; x_wconf 85' lang='lat' dir='ltr'>similitudinem</span> <span class='ocrx_word' id='word_1_355' title='bbox 1260 2670 1324 2703; x_wconf 89' lang='lat' dir='ltr'>Dei</span> <span class='ocrx_word' id='word_1_356' title='bbox 1343 2676 1474 2703; x_wconf 82' lang='lat' dir='ltr'>creatus</span> <span class='ocrx_word' id='word_1_357' title='bbox 1493 2682 1539 2713; x_wconf 83' lang='lat' dir='ltr'>es,</span> <span class='ocrx_word' id='word_1_358' title='bbox 1566 2676 1600 2703; x_wconf 89' lang='grc'>01</span> <span class='ocrx_word' id='word_1_359' title='bbox 1613 2670 1723 2703; x_wconf 89' lang='lat' dir='ltr'>adhuc</span> 
     </span>
     <span class='ocr_line' id='line_1_40' title="bbox 192 2715 1723 2762; baseline -0.001 -12"><span class='ocrx_word' id='word_1_360' title='bbox 192 2728 316 2762; x_wconf 86' lang='lat' dir='ltr'>corpus</span> <span class='ocrx_word' id='word_1_361' title='bbox 334 2716 397 2750; x_wconf 90' lang='lat' dir='ltr'>hoc</span> <span class='ocrx_word' id='word_1_362' title='bbox 414 2721 559 2761; x_wconf 84' lang='lat' dir='ltr'>vegetas,</span> <span class='ocrx_word' id='word_1_363' title='bbox 577 2715 694 2759; x_wconf 85' lang='lat' dir='ltr'>adjuro</span> <span class='ocrx_word' id='word_1_364' title='bbox 713 2722 756 2759; x_wconf 72' lang='lat' dir='ltr'>te,</span> <span class='ocrx_word' id='word_1_365' title='bbox 771 2728 829 2760; x_wconf 86' lang='lat' dir='ltr'>per</span> <span class='ocrx_word' id='word_1_366' title='bbox 844 2715 1029 2748; x_wconf 87' lang='lat' dir='ltr'>Dominum</span> <span class='ocrx_word' id='word_1_367' title='bbox 1045 2715 1333 2761; x_wconf 82' lang='lat' dir='ltr'>Omnipotentem,</span> <span class='ocrx_word' id='word_1_368' title='bbox 1352 2722 1389 2749; x_wconf 87' lang='lat' dir='ltr'>ut</span> <span class='ocrx_word' id='word_1_369' title='bbox 1406 2727 1461 2749; x_wconf 88' lang='grc'>1110</span> <span class='ocrx_word' id='word_1_370' title='bbox 1479 2716 1662 2759; x_wconf 79' lang='lat' dir='ltr'>nesciente,</span> <span class='ocrx_word' id='word_1_371' title='bbox 1682 2715 1723 2748; x_wconf 90' lang='lat' dir='ltr'>de</span> 
     </span>
     <span class='ocr_line' id='line_1_41' title="bbox 192 2761 1724 2808; baseline -0.001 -13"><span class='ocrx_word' id='word_1_372' title='bbox 192 2763 256 2796; x_wconf 89' lang='grc'>1100</span> <span class='ocrx_word' id='word_1_373' title='bbox 274 2763 472 2807; x_wconf 87' lang='lat' dir='ltr'>corpusculo</span> <span class='ocrx_word' id='word_1_374' title='bbox 490 2774 557 2795; x_wconf 89' lang='lat' dir='ltr'>non</span> <span class='ocrx_word' id='word_1_375' title='bbox 575 2762 733 2795; x_wconf 60' lang='lat' dir='ltr'>recedas?</span> <span class='ocrx_word' id='word_1_376' title='bbox 784 2762 849 2795; x_wconf 89' lang='lat' dir='ltr'>His</span> <span class='ocrx_word' id='word_1_377' title='bbox 876 2762 986 2805; x_wconf 84' lang='lat' dir='ltr'>dictis,</span> <span class='ocrx_word' id='word_1_378' title='bbox 1012 2762 1165 2806; x_wconf 81' lang='lat' dir='ltr'>protinus</span> <span class='ocrx_word' id='word_1_379' title='bbox 1191 2761 1404 2806; x_wconf 83' lang='lat' dir='ltr'>obdormivit,</span> <span class='ocrx_word' id='word_1_380' title='bbox 1431 2768 1464 2795; x_wconf 88' lang='lat' dir='ltr'>et</span> <span class='ocrx_word' id='word_1_381' title='bbox 1482 2774 1501 2795; x_wconf 82' lang='lat' dir='ltr'>a</span> <span class='ocrx_word' id='word_1_382' title='bbox 1526 2762 1724 2808; x_wconf 87' lang='lat' dir='ltr'>crepusculo</span> 
     </span>
     <span class='ocr_line' id='line_1_42' title="bbox 194 2808 1725 2854; baseline 0.001 -13"><span class='ocrx_word' id='word_1_383' title='bbox 194 2809 303 2842; x_wconf 87' lang='lat' dir='ltr'>noctis</span> <span class='ocrx_word' id='word_1_384' title='bbox 330 2820 396 2841; x_wconf 91' lang='lat' dir='ltr'>non</span> <span class='ocrx_word' id='word_1_385' title='bbox 427 2808 597 2853; x_wconf 85' lang='lat' dir='ltr'>evigilavit</span> <span class='ocrx_word' id='word_1_386' title='bbox 626 2820 731 2853; x_wconf 87' lang='lat' dir='ltr'>usque</span> <span class='ocrx_word' id='word_1_387' title='bbox 760 2808 802 2841; x_wconf 88' lang='lat' dir='ltr'>ad</span> <span class='ocrx_word' id='word_1_388' title='bbox 835 2814 945 2841; x_wconf 86' lang='lat' dir='ltr'>ortum</span> <span class='ocrx_word' id='word_1_389' title='bbox 975 2808 1055 2841; x_wconf 84' lang='lat' dir='ltr'>solis</span> <span class='ocrx_word' id='word_1_390' title='bbox 1083 2819 1220 2841; x_wconf 82' lang='lat' dir='ltr'>aurorae.</span> <span class='ocrx_word' id='word_1_391' title='bbox 1279 2808 1559 2854; x_wconf 80' lang='lat' dir='ltr'>Expergefactns,</span> <span class='ocrx_word' id='word_1_392' title='bbox 1595 2820 1656 2842; x_wconf 88' lang='lat' dir='ltr'>nec</span> <span class='ocrx_word' id='word_1_393' title='bbox 1689 2819 1725 2841; x_wconf 85' lang='lat' dir='ltr'>se</span> 
     </span>
     <span class='ocr_line' id='line_1_43' title="bbox 194 2853 1724 2900; baseline -0.001 -13"><span class='ocrx_word' id='word_1_394' title='bbox 194 2860 385 2888; x_wconf 87' lang='lat' dir='ltr'>moventem</span> <span class='ocrx_word' id='word_1_395' title='bbox 412 2867 538 2899; x_wconf 77' lang='lat' dir='ltr'>aegrum</span> <span class='ocrx_word' id='word_1_396' title='bbox 565 2855 704 2896; x_wconf 86' lang='lat' dir='ltr'>invenit,</span> <span class='ocrx_word' id='word_1_397' title='bbox 730 2866 791 2887; x_wconf 92' lang='lat' dir='ltr'>nec</span> <span class='ocrx_word' id='word_1_398' title='bbox 815 2854 1011 2899; x_wconf 83' lang='lat' dir='ltr'>spirantem.</span> <span class='ocrx_word' id='word_1_399' title='bbox 1063 2853 1158 2887; x_wconf 85' lang='lat' dir='ltr'>Tunc</span> <span class='ocrx_word' id='word_1_400' title='bbox 1175 2866 1314 2899; x_wconf 83' lang='lat' dir='ltr'>gemens</span> <span class='ocrx_word' id='word_1_401' title='bbox 1338 2861 1371 2888; x_wconf 88' lang='lat' dir='ltr'>ct</span> <span class='ocrx_word' id='word_1_402' title='bbox 1395 2855 1586 2898; x_wconf 84' lang='lat' dir='ltr'>lacrimans,</span> <span class='ocrx_word' id='word_1_403' title='bbox 1612 2856 1724 2900; x_wconf 85' lang='lat' dir='ltr'>ipsum</span> 
     </span>
    </p>
   </div>
   <div class='ocr_carea' id='block_1_4' title="bbox 195 2900 1725 2946">
    <p class='ocr_par' dir='ltr' id='par_1_5' title="bbox 195 2900 1725 2946">
     <span class='ocr_line' id='line_1_44' title="bbox 195 2900 1725 2946; baseline 0 -13"><span class='ocrx_word' id='word_1_404' title='bbox 195 2901 332 2933; x_wconf 88' lang='lat' dir='ltr'>nomine</span> <span class='ocrx_word' id='word_1_405' title='bbox 356 2901 489 2946; x_wconf 87' lang='lat' dir='ltr'>proprio</span> <span class='ocrx_word' id='word_1_406' title='bbox 515 2900 716 2945; x_wconf 85' lang='lat' dir='ltr'>appellabat,</span> <span class='ocrx_word' id='word_1_407' title='bbox 743 2906 775 2933; x_wconf 89' lang='lat' dir='ltr'>et</span> <span class='ocrx_word' id='word_1_408' title='bbox 802 2900 923 2934; x_wconf 72' lang='lat' dir='ltr'>divinae</span> <span class='ocrx_word' id='word_1_409' title='bbox 950 2900 1178 2934; x_wconf 84' lang='lat' dir='ltr'>miserationis</span> <span class='ocrx_word' id='word_1_410' title='bbox 1208 2901 1375 2934; x_wconf 84' lang='lat' dir='ltr'>auxilium</span> <span class='ocrx_word' id='word_1_411' title='bbox 1399 2900 1636 2935; x_wconf 86' lang='lat' dir='ltr'>devotissimus</span> <span class='ocrx_word' id='word_1_412' title='bbox 1662 2912 1725 2933; x_wconf 91' lang='grc'>1111-</span> 
     </span>
    </p>
   </div>
  </div>
 </body>
</html>
