<?xml version="1.0" encoding="UTF-8"?>
<!DOCTYPE html PUBLIC "-//W3C//DTD XHTML 1.0 Transitional//EN"
    "http://www.w3.org/TR/xhtml1/DTD/xhtml1-transitional.dtd">
<html xmlns="http://www.w3.org/1999/xhtml" xml:lang="en" lang="en">
 <head>
  <title>
</title>
<meta http-equiv="Content-Type" content="text/html;charset=utf-8" />
  <meta name='ocr-system' content='tesseract 3.04.00' />
  <meta name='ocr-capabilities' content='ocr_page ocr_carea ocr_par ocr_line ocrx_word'/>
</head>
<body>
  <div class='ocr_page' id='page_1' title='image "./libellusdevitaet00regi_0126.png"; bbox 0 0 1839 3186; ppageno 0'>
   <div class='ocr_carea' id='block_1_1' title="bbox 182 169 1179 210">
    <p class='ocr_par' dir='ltr' id='par_1_1' title="bbox 182 169 1179 210">
     <span class='ocr_line' id='line_1_1' title="bbox 182 169 1179 210; baseline 0 0"><span class='ocrx_word' id='word_1_1' title='bbox 182 169 236 210; x_wconf 77' lang='lat'>80</span> <span class='ocrx_word' id='word_1_2' title='bbox 697 177 929 210; x_wconf 83' lang='lat' dir='ltr'>LIBELLUS</span> <span class='ocrx_word' id='word_1_3' title='bbox 966 177 1029 209; x_wconf 84' lang='lat' dir='ltr'>DE</span> <span class='ocrx_word' id='word_1_4' title='bbox 1065 178 1179 210; x_wconf 86' lang='lat' dir='ltr'><strong>VITA</strong></span> 
     </span>
    </p>
   </div>
   <div class='ocr_carea' id='block_1_2' title="bbox 180 282 1712 1075">
    <p class='ocr_par' dir='ltr' id='par_1_2' title="bbox 180 282 1712 1075">
     <span class='ocr_line' id='line_1_2' title="bbox 184 282 1710 338; baseline 0.001 -13"><span class='ocrx_word' id='word_1_5' title='bbox 184 285 246 325; x_wconf 91' lang='lat' dir='ltr'>At</span> <span class='ocrx_word' id='word_1_6' title='bbox 269 283 335 325; x_wconf 89' lang='lat' dir='ltr'>ille</span> <span class='ocrx_word' id='word_1_7' title='bbox 357 299 437 325; x_wconf 88' lang='lat' dir='ltr'>non</span> <span class='ocrx_word' id='word_1_8' title='bbox 456 282 626 324; x_wconf 85' lang='lat' dir='ltr'>curabat</span> <span class='ocrx_word' id='word_1_9' title='bbox 646 283 696 324; x_wconf 90' lang='lat' dir='ltr'>de</span> <span class='ocrx_word' id='word_1_10' title='bbox 716 285 832 338; x_wconf 86' lang='lat' dir='ltr'>panis</span> <span class='ocrx_word' id='word_1_11' title='bbox 849 283 1064 324; x_wconf 75' lang='lat' dir='ltr'>dulcedine</span> <span class='ocrx_word' id='word_1_12' title='bbox 1080 284 1144 325; x_wconf 90' lang='lat' dir='ltr'>vel</span> <span class='ocrx_word' id='word_1_13' title='bbox 1160 298 1316 338; x_wconf 82' lang='lat' dir='ltr'>sapore,</span> <span class='ocrx_word' id='word_1_14' title='bbox 1331 282 1408 325; x_wconf 88' lang='lat' dir='ltr'>nisi</span> <span class='ocrx_word' id='word_1_15' title='bbox 1423 282 1710 326; x_wconf 86' lang='lat' dir='ltr'>tantummodo</span> 
     </span>
     <span class='ocr_line' id='line_1_3' title="bbox 185 350 1711 406; baseline 0 -14"><span class='ocrx_word' id='word_1_16' title='bbox 185 357 232 392; x_wconf 84' lang='lat' dir='ltr'>ut</span> <span class='ocrx_word' id='word_1_17' title='bbox 254 351 435 405; x_wconf 87' lang='lat' dir='ltr'>quolibet</span> <span class='ocrx_word' id='word_1_18' title='bbox 456 356 581 405; x_wconf 83' lang='lat' dir='ltr'>gustu</span> <span class='ocrx_word' id='word_1_19' title='bbox 617 351 809 391; x_wconf 80' lang='lat' dir='ltr'>miseram</span> <span class='ocrx_word' id='word_1_20' title='bbox 830 351 959 392; x_wconf 88' lang='lat' dir='ltr'>vitam</span> <span class='ocrx_word' id='word_1_21' title='bbox 984 350 1185 406; x_wconf 90' lang='lat' dir='ltr'>potuisset</span> <span class='ocrx_word' id='word_1_22' title='bbox 1217 351 1257 391; x_wconf 90' lang='lat' dir='ltr'>in</span> <span class='ocrx_word' id='word_1_23' title='bbox 1283 365 1451 405; x_wconf 89' lang='lat' dir='ltr'>corpore</span> <span class='ocrx_word' id='word_1_24' title='bbox 1473 352 1711 393; x_wconf 85' lang='lat' dir='ltr'>sustinendo</span> 
     </span>
     <span class='ocr_line' id='line_1_4' title="bbox 184 416 1711 472; baseline 0.001 -14"><span class='ocrx_word' id='word_1_25' title='bbox 184 418 379 460; x_wconf 87' lang='lat' dir='ltr'>refovere.</span> <span class='ocrx_word' id='word_1_26' title='bbox 444 417 570 458; x_wconf 90' lang='lat' dir='ltr'>Unde</span> <span class='ocrx_word' id='word_1_27' title='bbox 602 417 635 459; x_wconf 91' lang='lat' dir='ltr'>si</span> <span class='ocrx_word' id='word_1_28' title='bbox 658 416 869 458; x_wconf 87' lang='lat' dir='ltr'>1mucidus</span> <span class='ocrx_word' id='word_1_29' title='bbox 889 417 1033 459; x_wconf 87' lang='lat' dir='ltr'>fuisset</span> <span class='ocrx_word' id='word_1_30' title='bbox 1059 432 1142 472; x_wconf 78' lang='lat' dir='ltr'>pree</span> <span class='ocrx_word' id='word_1_31' title='bbox 1165 432 1347 458; x_wconf 88' lang='lat' dir='ltr'>marcore</span> <span class='ocrx_word' id='word_1_32' title='bbox 1378 418 1517 469; x_wconf 84' lang='lat' dir='ltr'>nimio,</span> <span class='ocrx_word' id='word_1_33' title='bbox 1545 419 1611 459; x_wconf 89' lang='lat' dir='ltr'>vel</span> <span class='ocrx_word' id='word_1_34' title='bbox 1641 419 1711 459; x_wconf 89' lang='lat' dir='ltr'>ob-</span> 
     </span>
     <span class='ocr_line' id='line_1_5' title="bbox 185 484 1712 540; baseline 0 -15"><span class='ocrx_word' id='word_1_35' title='bbox 185 484 474 526; x_wconf 87' lang='lat' dir='ltr'>duratissimus</span> <span class='ocrx_word' id='word_1_36' title='bbox 499 500 582 540; x_wconf 80' lang='lat' dir='ltr'>pree</span> <span class='ocrx_word' id='word_1_37' title='bbox 606 484 810 525; x_wconf 81' lang='lat' dir='ltr'>diuturnae</span> <span class='ocrx_word' id='word_1_38' title='bbox 834 485 982 538; x_wconf 89' lang='lat' dir='ltr'>quietis</span> <span class='ocrx_word' id='word_1_39' title='bbox 1013 485 1136 534; x_wconf 91' lang='lat' dir='ltr'>senio,</span> <span class='ocrx_word' id='word_1_40' title='bbox 1160 484 1488 539; x_wconf 79' lang='lat' dir='ltr'>parvipenderet,</span> <span class='ocrx_word' id='word_1_41' title='bbox 1513 485 1609 539; x_wconf 90' lang='lat' dir='ltr'>quia</span> <span class='ocrx_word' id='word_1_42' title='bbox 1628 500 1712 525; x_wconf 90' lang='lat' dir='ltr'>non</span> 
     </span>
     <span class='ocr_line' id='line_1_6' title="bbox 185 551 1710 606; baseline 0 -14"><span class='ocrx_word' id='word_1_43' title='bbox 185 551 445 592; x_wconf 78' lang='lat' dir='ltr'>dulcedinem</span> <span class='ocrx_word' id='word_1_44' title='bbox 478 552 519 592; x_wconf 90' lang='lat' dir='ltr'>in</span> <span class='ocrx_word' id='word_1_45' title='bbox 544 551 702 592; x_wconf 90' lang='lat' dir='ltr'>edendo</span> <span class='ocrx_word' id='word_1_46' title='bbox 724 566 798 592; x_wconf 88' lang='lat' dir='ltr'>nec</span> <span class='ocrx_word' id='word_1_47' title='bbox 820 552 975 605; x_wconf 85' lang='lat' dir='ltr'>saporis</span> <span class='ocrx_word' id='word_1_48' title='bbox 999 551 1164 606; x_wconf 81' lang='lat' dir='ltr'>adipem</span> <span class='ocrx_word' id='word_1_49' title='bbox 1184 552 1225 592; x_wconf 91' lang='lat' dir='ltr'>in</span> <span class='ocrx_word' id='word_1_50' title='bbox 1246 552 1452 606; x_wconf 83' lang='lat' dir='ltr'>gustando</span> <span class='ocrx_word' id='word_1_51' title='bbox 1474 552 1710 606; x_wconf 75' lang='lat' dir='ltr'>exquisivit.</span> 
     </span>
     <span class='ocr_line' id='line_1_7' title="bbox 185 617 1711 673; baseline 0.001 -15"><span class='ocrx_word' id='word_1_52' title='bbox 185 617 315 659; x_wconf 88' lang='lat' dir='ltr'>Panis</span> <span class='ocrx_word' id='word_1_53' title='bbox 337 617 424 673; x_wconf 81' lang='lat' dir='ltr'>ejus</span> <span class='ocrx_word' id='word_1_54' title='bbox 446 634 492 659; x_wconf 89' lang='lat' dir='ltr'>eo</span> <span class='ocrx_word' id='word_1_55' title='bbox 521 624 705 673; x_wconf 87' lang='lat' dir='ltr'>tempore</span> <span class='ocrx_word' id='word_1_56' title='bbox 722 633 932 672; x_wconf 89' lang='lat' dir='ltr'>nunquam</span> <span class='ocrx_word' id='word_1_57' title='bbox 965 633 1091 673; x_wconf 86' lang='lat' dir='ltr'>purus</span> <span class='ocrx_word' id='word_1_58' title='bbox 1117 618 1265 666; x_wconf 85' lang='lat' dir='ltr'>fuerat,</span> <span class='ocrx_word' id='word_1_59' title='bbox 1298 618 1371 659; x_wconf 90' lang='lat' dir='ltr'>sed</span> <span class='ocrx_word' id='word_1_60' title='bbox 1392 633 1552 673; x_wconf 87' lang='lat' dir='ltr'>semper</span> <span class='ocrx_word' id='word_1_61' title='bbox 1577 619 1711 659; x_wconf 88' lang='lat' dir='ltr'>cinere</span> 
     </span>
     <span class='ocr_line' id='line_1_8' title="bbox 183 684 1711 740; baseline 0.001 -15"><span class='ocrx_word' id='word_1_62' title='bbox 183 685 436 736; x_wconf 86' lang='lat' dir='ltr'>dimidiatus,</span> <span class='ocrx_word' id='word_1_63' title='bbox 461 685 524 726; x_wconf 90' lang='lat' dir='ltr'>vel</span> <span class='ocrx_word' id='word_1_64' title='bbox 548 690 657 726; x_wconf 86' lang='lat' dir='ltr'>certe</span> <span class='ocrx_word' id='word_1_65' title='bbox 679 685 804 725; x_wconf 89' lang='lat' dir='ltr'>tertia</span> <span class='ocrx_word' id='word_1_66' title='bbox 830 690 947 739; x_wconf 87' lang='lat' dir='ltr'>parte</span> <span class='ocrx_word' id='word_1_67' title='bbox 980 684 1055 725; x_wconf 86' lang='lat' dir='ltr'>tali</span> <span class='ocrx_word' id='word_1_68' title='bbox 1075 684 1324 739; x_wconf 82' lang='lat' dir='ltr'>pinguedine</span> <span class='ocrx_word' id='word_1_69' title='bbox 1346 686 1585 739; x_wconf 78' lang='lat' dir='ltr'>saginatus3</span> <span class='ocrx_word' id='word_1_70' title='bbox 1624 686 1711 740; x_wconf 89' lang='lat' dir='ltr'>ipse</span> 
     </span>
     <span class='ocr_line' id='line_1_9' title="bbox 182 750 1711 807; baseline 0.001 -15"><span class='ocrx_word' id='word_1_71' title='bbox 182 757 323 792; x_wconf 89' lang='lat' dir='ltr'>tamen</span> <span class='ocrx_word' id='word_1_72' title='bbox 347 767 507 807; x_wconf 89' lang='lat' dir='ltr'>semper</span> <span class='ocrx_word' id='word_1_73' title='bbox 528 752 579 792; x_wconf 90' lang='lat' dir='ltr'>de</span> <span class='ocrx_word' id='word_1_74' title='bbox 600 767 732 793; x_wconf 86' lang='lat' dir='ltr'>avena</span> <span class='ocrx_word' id='word_1_75' title='bbox 752 751 845 792; x_wconf 88' lang='lat' dir='ltr'>rudi</span> <span class='ocrx_word' id='word_1_76' title='bbox 867 752 1131 806; x_wconf 85' lang='lat' dir='ltr'>compositus,</span> <span class='ocrx_word' id='word_1_77' title='bbox 1162 766 1233 792; x_wconf 90' lang='lat' dir='ltr'>seu</span> <span class='ocrx_word' id='word_1_78' title='bbox 1253 751 1530 799; x_wconf 85' lang='lat' dir='ltr'>hordeaceus;</span> <span class='ocrx_word' id='word_1_79' title='bbox 1572 750 1711 807; x_wconf 83' lang='lat' dir='ltr'>cujus-</span> 
     </span>
     <span class='ocr_line' id='line_1_10' title="bbox 181 817 1712 874; baseline 0.001 -15"><span class='ocrx_word' id='word_1_80' title='bbox 181 819 294 859; x_wconf 86' lang='lat' dir='ltr'>modi</span> <span class='ocrx_word' id='word_1_81' title='bbox 315 820 431 873; x_wconf 82' lang='lat' dir='ltr'>grani</span> <span class='ocrx_word' id='word_1_82' title='bbox 453 834 604 874; x_wconf 80' lang='lat' dir='ltr'>genera</span> <span class='ocrx_word' id='word_1_83' title='bbox 640 819 766 859; x_wconf 88' lang='lat' dir='ltr'>etiam</span> <span class='ocrx_word' id='word_1_84' title='bbox 795 818 947 871; x_wconf 84' lang='lat' dir='ltr'>absque</span> <span class='ocrx_word' id='word_1_85' title='bbox 971 818 1230 873; x_wconf 80' lang='lat' dir='ltr'>pei-mixtura</span> <span class='ocrx_word' id='word_1_86' title='bbox 1264 817 1412 871; x_wconf 86' lang='lat' dir='ltr'>aliqua,</span> <span class='ocrx_word' id='word_1_87' title='bbox 1447 819 1712 873; x_wconf 74' lang='lat' dir='ltr'>gustantibus</span> 
     </span>
     <span class='ocr_line' id='line_1_11' title="bbox 182 882 1711 940; baseline -0.001 -14"><span class='ocrx_word' id='word_1_88' title='bbox 182 900 269 927; x_wconf 88' lang='lat' dir='ltr'>esse</span> <span class='ocrx_word' id='word_1_89' title='bbox 310 886 441 927; x_wconf 87' lang='lat' dir='ltr'>solent</span> <span class='ocrx_word' id='word_1_90' title='bbox 487 885 711 940; x_wconf 88' lang='lat' dir='ltr'>plurimum</span> <span class='ocrx_word' id='word_1_91' title='bbox 751 885 1012 926; x_wconf 78' lang='lat' dir='ltr'>inmansueta</span> <span class='ocrx_word' id='word_1_92' title='bbox 1047 890 1087 925; x_wconf 92' lang='lat' dir='ltr'>et</span> <span class='ocrx_word' id='word_1_93' title='bbox 1132 882 1331 939; x_wconf 82' lang='lat' dir='ltr'>insapida.</span> <span class='ocrx_word' id='word_1_94' title='bbox 1397 884 1502 925; x_wconf 82' lang='lat' dir='ltr'>Haec</span> <span class='ocrx_word' id='word_1_95' title='bbox 1544 885 1602 926; x_wconf 89' lang='lat' dir='ltr'>illi</span> <span class='ocrx_word' id='word_1_96' title='bbox 1638 900 1711 940; x_wconf 93' lang='lat' dir='ltr'>pro</span> 
     </span>
     <span class='ocr_line' id='line_1_12' title="bbox 180 951 1711 1006; baseline 0 -13"><span class='ocrx_word' id='word_1_97' title='bbox 180 967 302 993; x_wconf 86' lang='lat' dir='ltr'>carne</span> <span class='ocrx_word' id='word_1_98' title='bbox 332 952 555 994; x_wconf 88' lang='lat' dir='ltr'>refovenda</span> <span class='ocrx_word' id='word_1_99' title='bbox 591 957 707 992; x_wconf 86' lang='lat' dir='ltr'>erant</span> <span class='ocrx_word' id='word_1_100' title='bbox 743 952 889 992; x_wconf 73' lang='lat' dir='ltr'>animae</span> <span class='ocrx_word' id='word_1_101' title='bbox 928 952 1168 1006; x_wconf 87' lang='lat' dir='ltr'>patrocinia,</span> <span class='ocrx_word' id='word_1_102' title='bbox 1205 956 1246 992; x_wconf 88' lang='lat' dir='ltr'>et</span> <span class='ocrx_word' id='word_1_103' title='bbox 1278 951 1398 993; x_wconf 87' lang='lat' dir='ltr'>famis</span> <span class='ocrx_word' id='word_1_104' title='bbox 1432 952 1606 993; x_wconf 86' lang='lat' dir='ltr'>nimium</span> <span class='ocrx_word' id='word_1_105' title='bbox 1648 967 1711 993; x_wconf 86' lang='lat' dir='ltr'>as-</span> 
     </span>
     <span class='ocr_line' id='line_1_13' title="bbox 180 1018 1173 1075; baseline -0.003 -14"><span class='ocrx_word' id='word_1_106' title='bbox 180 1020 368 1075; x_wconf 84' lang='lat' dir='ltr'>perrimae</span> <span class='ocrx_word' id='word_1_107' title='bbox 394 1019 447 1061; x_wconf 88' lang='lat' dir='ltr'>ad</span> <span class='ocrx_word' id='word_1_108' title='bbox 469 1034 584 1061; x_wconf 88' lang='lat' dir='ltr'>esum</span> <span class='ocrx_word' id='word_1_109' title='bbox 605 1019 789 1073; x_wconf 82' lang='lat' dir='ltr'>cogentis</span> <span class='ocrx_word' id='word_1_110' title='bbox 810 1018 825 1040; x_wconf 68' lang='lat'>‘²</span> <span class='ocrx_word' id='word_1_111' title='bbox 840 1018 944 1059; x_wconf 87' lang='lat' dir='ltr'>dura</span> <span class='ocrx_word' id='word_1_112' title='bbox 977 1018 1173 1060; x_wconf 85' lang='lat' dir='ltr'>subsidia.</span> 
     </span>
    </p>
   </div>
   <div class='ocr_carea' id='block_1_3' title="bbox 180 1313 1711 1411">
    <p class='ocr_par' dir='ltr' id='par_1_3' title="bbox 180 1313 1711 1411">
     <span class='ocr_line' id='line_1_14' title="bbox 180 1313 1711 1350; baseline 0.002 -11"><span class='ocrx_word' id='word_1_113' title='bbox 180 1315 268 1340; x_wconf 90' lang='lat' dir='ltr'>CAP.</span> <span class='ocrx_word' id='word_1_114' title='bbox 295 1313 399 1340; x_wconf 87' lang='lat' dir='ltr'>XXX.</span> <span class='ocrx_word' id='word_1_115' title='bbox 462 1314 609 1344; x_wconf 80' lang='lat' dir='ltr'>QUALIS</span> <span class='ocrx_word' id='word_1_116' title='bbox 641 1313 828 1339; x_wconf 81' lang='lat' dir='ltr'>COCTURAE</span> <span class='ocrx_word' id='word_1_117' title='bbox 862 1313 1120 1340; x_wconf 85' lang='lat' dir='ltr'>PULMENTUM</span> <span class='ocrx_word' id='word_1_118' title='bbox 1156 1314 1231 1341; x_wconf 82' lang='lat' dir='ltr'><strong>SIBI</strong></span> <span class='ocrx_word' id='word_1_119' title='bbox 1267 1315 1522 1350; x_wconf 77' lang='lat' dir='ltr'>CONFECERIT,</span> <span class='ocrx_word' id='word_1_120' title='bbox 1547 1316 1594 1341; x_wconf 85' lang='lat' dir='ltr'>ET</span> <span class='ocrx_word' id='word_1_121' title='bbox 1616 1316 1711 1346; x_wconf 49' lang='lat' dir='ltr'>QUO*</span> 
     </span>
     <span class='ocr_line' id='line_1_15' title="bbox 314 1366 1580 1411; baseline 0.001 -5"><span class='ocrx_word' id='word_1_122' title='bbox 314 1382 424 1407; x_wconf 91' lang='lat' dir='ltr'>MODO</span> <span class='ocrx_word' id='word_1_123' title='bbox 445 1381 537 1407; x_wconf 85' lang='lat' dir='ltr'>POST</span> <span class='ocrx_word' id='word_1_124' title='bbox 558 1382 806 1406; x_wconf 87' lang='lat' dir='ltr'>DIUTURNUM</span> <span class='ocrx_word' id='word_1_125' title='bbox 828 1382 956 1407; x_wconf 82' lang='lat' dir='ltr'><strong>ILLIUS</strong></span> <span class='ocrx_word' id='word_1_126' title='bbox 982 1382 1222 1411; x_wconf 73' lang='lat' dir='ltr'><strong>SQUALOREM</strong></span> <span class='ocrx_word' id='word_1_127' title='bbox 1244 1382 1332 1407; x_wconf 90' lang='lat' dir='ltr'>ILLO</span> <span class='ocrx_word' id='word_1_128' title='bbox 1356 1382 1451 1407; x_wconf 83' lang='lat' dir='ltr'><strong>USUS</strong></span> <span class='ocrx_word' id='word_1_129' title='bbox 1473 1383 1545 1408; x_wconf 77' lang='lat' dir='ltr'>SIT.</span> <span class='ocrx_word' id='word_1_130' title='bbox 1566 1366 1580 1388; x_wconf 74' lang='lat'><strong>3</strong></span> 
     </span>
    </p>
   </div>
   <div class='ocr_carea' id='block_1_4' title="bbox 180 1480 1713 1870">
    <p class='ocr_par' dir='ltr' id='par_1_4' title="bbox 180 1480 1713 1870">
     <span class='ocr_line' id='line_1_16' title="bbox 239 1480 1712 1537; baseline -0.001 -12"><span class='ocrx_word' id='word_1_131' title='bbox 239 1481 352 1537; x_wconf 63' lang='lat' dir='ltr'>§m</span> <span class='ocrx_word' id='word_1_132' title='bbox 390 1482 551 1522; x_wconf 76' lang='lat' dir='ltr'>PosTEA</span> <span class='ocrx_word' id='word_1_133' title='bbox 582 1481 731 1522; x_wconf 81' lang='lat' dir='ltr'>herbas</span> <span class='ocrx_word' id='word_1_134' title='bbox 768 1486 951 1536; x_wconf 79' lang='lat' dir='ltr'>agrestes</span> <span class='ocrx_word' id='word_1_135' title='bbox 985 1486 1025 1522; x_wconf 88' lang='lat' dir='ltr'>et</span> <span class='ocrx_word' id='word_1_136' title='bbox 1061 1482 1267 1523; x_wconf 88' lang='lat' dir='ltr'>silvestres</span> <span class='ocrx_word' id='word_1_137' title='bbox 1294 1481 1423 1537; x_wconf 80' lang='lat' dir='ltr'>juxta</span> <span class='ocrx_word' id='word_1_138' title='bbox 1448 1480 1605 1523; x_wconf 88' lang='lat' dir='ltr'>fluenta</span> <span class='ocrx_word' id='word_1_139' title='bbox 1638 1480 1712 1523; x_wconf 90' lang='lat' dir='ltr'>flu-</span> 
     </span>
     <span class='ocr_line' id='line_1_17' title="bbox 181 1548 1713 1603; baseline 0 -14"><span class='ocrx_word' id='word_1_140' title='bbox 181 1549 302 1590; x_wconf 87' lang='lat' dir='ltr'>minis</span> <span class='ocrx_word' id='word_1_141' title='bbox 323 1549 387 1590; x_wconf 92' lang='lat' dir='ltr'>vel</span> <span class='ocrx_word' id='word_1_142' title='bbox 409 1548 674 1590; x_wconf 87' lang='lat' dir='ltr'>latitudinem</span> <span class='ocrx_word' id='word_1_143' title='bbox 697 1549 869 1603; x_wconf 81' lang='lat' dir='ltr'>spaciosi</span> <span class='ocrx_word' id='word_1_144' title='bbox 891 1549 1070 1590; x_wconf 91' lang='lat' dir='ltr'>nemoris</span> <span class='ocrx_word' id='word_1_145' title='bbox 1099 1548 1305 1603; x_wconf 78' lang='lat' dir='ltr'>colligens,</span> <span class='ocrx_word' id='word_1_146' title='bbox 1341 1564 1410 1590; x_wconf 86' lang='lat' dir='ltr'>eas</span> <span class='ocrx_word' id='word_1_147' title='bbox 1431 1549 1569 1603; x_wconf 88' lang='lat' dir='ltr'>lapide</span> <span class='ocrx_word' id='word_1_148' title='bbox 1590 1554 1713 1590; x_wconf 88' lang='lat' dir='ltr'>acuto</span> 
     </span>
     <span class='ocr_line' id='line_1_18' title="bbox 182 1615 1709 1671; baseline 0 -15"><span class='ocrx_word' id='word_1_149' title='bbox 182 1617 324 1666; x_wconf 90' lang='lat' dir='ltr'>secuit,</span> <span class='ocrx_word' id='word_1_150' title='bbox 342 1616 406 1657; x_wconf 91' lang='lat' dir='ltr'>vel</span> <span class='ocrx_word' id='word_1_151' title='bbox 430 1616 540 1671; x_wconf 80' lang='lat' dir='ltr'>ligno</span> <span class='ocrx_word' id='word_1_152' title='bbox 555 1615 795 1669; x_wconf 79' lang='lat' dir='ltr'>quadrantis</span> <span class='ocrx_word' id='word_1_153' title='bbox 811 1615 942 1656; x_wconf 87' lang='lat' dir='ltr'>instar</span> <span class='ocrx_word' id='word_1_154' title='bbox 963 1615 1159 1670; x_wconf 76' lang='lat' dir='ltr'>angulato</span> <span class='ocrx_word' id='word_1_155' title='bbox 1177 1615 1417 1656; x_wconf 86' lang='lat' dir='ltr'>dissecando</span> <span class='ocrx_word' id='word_1_156' title='bbox 1439 1616 1682 1656; x_wconf 77' lang='lat' dir='ltr'>comminuit</span> <span class='ocrx_word' id='word_1_157' title='bbox 1699 1633 1709 1664; x_wconf 73' lang='grc' dir='ltr'><strong>ς</strong></span> 
     </span>
     <span class='ocr_line' id='line_1_19' title="bbox 184 1681 1713 1736; baseline -0.001 -13"><span class='ocrx_word' id='word_1_158' title='bbox 184 1686 286 1735; x_wconf 89' lang='grc'><strong>(11011</strong></span> <span class='ocrx_word' id='word_1_159' title='bbox 330 1683 439 1723; x_wconf 86' lang='grc'><strong>0111111</strong></span> <span class='ocrx_word' id='word_1_160' title='bbox 471 1687 559 1723; x_wconf 90' lang='lat' dir='ltr'>erat</span> <span class='ocrx_word' id='word_1_161' title='bbox 592 1683 627 1722; x_wconf 89' lang='lat' dir='ltr'>ei</span> <span class='ocrx_word' id='word_1_162' title='bbox 663 1681 827 1731; x_wconf 85' lang='lat' dir='ltr'>securis,</span> <span class='ocrx_word' id='word_1_163' title='bbox 862 1682 984 1731; x_wconf 82' lang='lat' dir='ltr'>ascia,</span> <span class='ocrx_word' id='word_1_164' title='bbox 1017 1682 1082 1722; x_wconf 91' lang='lat' dir='ltr'>vel</span> <span class='ocrx_word' id='word_1_165' title='bbox 1118 1682 1318 1736; x_wconf 77' lang='lat' dir='ltr'>bipennis,</span> <span class='ocrx_word' id='word_1_166' title='bbox 1364 1697 1440 1722; x_wconf 91' lang='lat' dir='ltr'>nec</span> <span class='ocrx_word' id='word_1_167' title='bbox 1473 1682 1713 1723; x_wconf 79' lang='lat' dir='ltr'>utensilium</span> 
     </span>
     <span class='ocr_line' id='line_1_20' title="bbox 180 1747 1713 1803; baseline 0.001 -14"><span class='ocrx_word' id='word_1_168' title='bbox 180 1749 346 1803; x_wconf 88' lang='lat' dir='ltr'>aliquod</span> <span class='ocrx_word' id='word_1_169' title='bbox 368 1749 476 1803; x_wconf 88' lang='lat' dir='ltr'>quod</span> <span class='ocrx_word' id='word_1_170' title='bbox 497 1749 652 1789; x_wconf 89' lang='lat' dir='ltr'>ferrum</span> <span class='ocrx_word' id='word_1_171' title='bbox 682 1754 858 1803; x_wconf 76' lang='lat' dir='ltr'>gereret,</span> <span class='ocrx_word' id='word_1_172' title='bbox 893 1748 971 1789; x_wconf 88' lang='lat' dir='ltr'>nisi</span> <span class='ocrx_word' id='word_1_173' title='bbox 994 1749 1035 1788; x_wconf 87' lang='lat' dir='ltr'>in</span> <span class='ocrx_word' id='word_1_174' title='bbox 1056 1747 1228 1803; x_wconf 76' lang='lat' dir='ltr'>4wanga</span> <span class='ocrx_word' id='word_1_175' title='bbox 1251 1748 1448 1789; x_wconf 85' lang='lat' dir='ltr'>rusticani</span> <span class='ocrx_word' id='word_1_176' title='bbox 1470 1749 1615 1803; x_wconf 89' lang='lat' dir='ltr'>operis,</span> <span class='ocrx_word' id='word_1_177' title='bbox 1642 1763 1713 1790; x_wconf 89' lang='lat' dir='ltr'>seu</span> 
     </span>
     <span class='ocr_line' id='line_1_21' title="bbox 180 1815 1712 1870; baseline 0 -14"><span class='ocrx_word' id='word_1_178' title='bbox 180 1816 223 1856; x_wconf 89' lang='lat' dir='ltr'>in</span> <span class='ocrx_word' id='word_1_179' title='bbox 244 1816 403 1858; x_wconf 85' lang='lat' dir='ltr'>fossorii</span> <span class='ocrx_word' id='word_1_180' title='bbox 425 1816 486 1857; x_wconf 88' lang='lat' dir='ltr'>sui</span> <span class='ocrx_word' id='word_1_181' title='bbox 514 1816 743 1866; x_wconf 86' lang='lat' dir='ltr'>manubrio,</span> <span class='ocrx_word' id='word_1_182' title='bbox 767 1815 831 1857; x_wconf 91' lang='lat' dir='ltr'>vel</span> <span class='ocrx_word' id='word_1_183' title='bbox 859 1815 1005 1869; x_wconf 77' lang='lat' dir='ltr'>ligonis</span> <span class='ocrx_word' id='word_1_184' title='bbox 1023 1816 1058 1870; x_wconf 77' lang='grc' dir='ltr'>ς)</span> <span class='ocrx_word' id='word_1_185' title='bbox 1100 1830 1200 1869; x_wconf 85' lang='lat' dir='ltr'>quos</span> <span class='ocrx_word' id='word_1_186' title='bbox 1231 1820 1278 1855; x_wconf 89' lang='lat' dir='ltr'>ut</span> <span class='ocrx_word' id='word_1_187' title='bbox 1315 1816 1466 1869; x_wconf 84' lang='lat' dir='ltr'>potuit,</span> <span class='ocrx_word' id='word_1_188' title='bbox 1505 1816 1712 1866; x_wconf 81' lang='lat' dir='ltr'>contrivit,</span> 
     </span>
    </p>
   </div>
   <div class='ocr_carea' id='block_1_5' title="bbox 179 1930 1717 2952">
    <p class='ocr_par' dir='ltr' id='par_1_5' title="bbox 229 1930 762 1977">
     <span class='ocr_line' id='line_1_22' title="bbox 229 1930 762 1977; baseline 0 -12"><span class='ocrx_word' id='word_1_189' title='bbox 229 1933 235 1952; x_wconf 89' lang='lat'><strong>¹</strong></span> <span class='ocrx_word' id='word_1_190' title='bbox 260 1930 443 1977; x_wconf 49' lang='lat' dir='ltr'>Mundum]</span> <span class='ocrx_word' id='word_1_191' title='bbox 470 1931 642 1973; x_wconf 88' lang='lat' dir='ltr'>Musidus,</span> <span class='ocrx_word' id='word_1_192' title='bbox 661 1932 762 1965; x_wconf 87' lang='lat' dir='ltr'><strong>MSS.</strong></span> 
     </span>
    </p>

    <p class='ocr_par' dir='ltr' id='par_1_6' title="bbox 179 1974 1716 2664">
     <span class='ocr_line' id='line_1_23' title="bbox 226 1974 1714 2025; baseline -0.001 -13"><span class='ocrx_word' id='word_1_193' title='bbox 226 1979 239 1997; x_wconf 81' lang='lat'>‘²</span> <span class='ocrx_word' id='word_1_194' title='bbox 259 1980 357 2012; x_wconf 74' lang='lat' dir='ltr'>Dura</span> <span class='ocrx_word' id='word_1_195' title='bbox 375 1980 516 2012; x_wconf 51' lang='lat' dir='ltr'>subsidia</span> <span class='ocrx_word' id='word_1_196' title='bbox 531 1978 545 2025; x_wconf 95' lang='lat'>]</span> <span class='ocrx_word' id='word_1_197' title='bbox 576 1979 648 2012; x_wconf 88' lang='lat' dir='ltr'>The</span> <span class='ocrx_word' id='word_1_198' title='bbox 674 1989 884 2023; x_wconf 87' lang='lat' dir='ltr'>anonymous</span> <span class='ocrx_word' id='word_1_199' title='bbox 912 1977 1074 2011; x_wconf 88' lang='lat' dir='ltr'>Harleian</span> <span class='ocrx_word' id='word_1_200' title='bbox 1100 1977 1249 2011; x_wconf 86' lang='lat' dir='ltr'>author&#39;s</span> <span class='ocrx_word' id='word_1_201' title='bbox 1275 1974 1442 2011; x_wconf 79' lang='lat' dir='ltr'>narrative</span> <span class='ocrx_word' id='word_1_202' title='bbox 1460 1977 1488 2010; x_wconf 89' lang='lat' dir='ltr'>is</span> <span class='ocrx_word' id='word_1_203' title='bbox 1506 1988 1542 2010; x_wconf 86' lang='lat' dir='ltr'>as</span> <span class='ocrx_word' id='word_1_204' title='bbox 1560 1976 1690 2010; x_wconf 83' lang='lat' dir='ltr'>follows</span> <span class='ocrx_word' id='word_1_205' title='bbox 1708 1990 1714 2011; x_wconf 88' lang='lat'><strong>:</strong></span> 
     </span>
     <span class='ocr_line' id='line_1_24' title="bbox 181 2023 1716 2071; baseline -0.002 -12"><span class='ocrx_word' id='word_1_206' title='bbox 181 2026 384 2071; x_wconf 75' lang='lat' dir='ltr'>“Tempore</span> <span class='ocrx_word' id='word_1_207' title='bbox 401 2025 573 2069; x_wconf 82' lang='lat' dir='ltr'>aliquanto</span> <span class='ocrx_word' id='word_1_208' title='bbox 601 2026 635 2059; x_wconf 92' lang='lat' dir='ltr'>in</span> <span class='ocrx_word' id='word_1_209' title='bbox 663 2025 859 2069; x_wconf 82' lang='lat' dir='ltr'>hujusmodi</span> <span class='ocrx_word' id='word_1_210' title='bbox 878 2024 1132 2058; x_wconf 86' lang='lat' dir='ltr'>conversatione</span> <span class='ocrx_word' id='word_1_211' title='bbox 1157 2024 1309 2068; x_wconf 81' lang='lat' dir='ltr'>decurso,</span> <span class='ocrx_word' id='word_1_212' title='bbox 1330 2024 1432 2069; x_wconf 68' lang='lat' dir='ltr'>ccepit</span> <span class='ocrx_word' id='word_1_213' title='bbox 1460 2023 1605 2057; x_wconf 66' lang='lat' dir='ltr'>{edificia</span> <span class='ocrx_word' id='word_1_214' title='bbox 1629 2035 1716 2057; x_wconf 81' lang='lat' dir='ltr'>nova</span> 
     </span>
     <span class='ocr_line' id='line_1_25' title="bbox 180 2069 1715 2115; baseline -0.002 -10"><span class='ocrx_word' id='word_1_215' title='bbox 180 2078 385 2106; x_wconf 87' lang='lat' dir='ltr'>construere.</span> <span class='ocrx_word' id='word_1_216' title='bbox 435 2072 557 2105; x_wconf 76' lang='lat' dir='ltr'>Cas-am</span> <span class='ocrx_word' id='word_1_217' title='bbox 576 2072 733 2105; x_wconf 86' lang='lat' dir='ltr'>videlicet</span> <span class='ocrx_word' id='word_1_218' title='bbox 746 2071 916 2104; x_wconf 85' lang='lat' dir='ltr'>modicam</span> <span class='ocrx_word' id='word_1_219' title='bbox 934 2071 975 2104; x_wconf 89' lang='lat' dir='ltr'>de</span> <span class='ocrx_word' id='word_1_220' title='bbox 991 2071 1091 2115; x_wconf 82' lang='lat' dir='ltr'>lignis</span> <span class='ocrx_word' id='word_1_221' title='bbox 1110 2071 1309 2104; x_wconf 83' lang='lat' dir='ltr'>informibus</span> <span class='ocrx_word' id='word_1_222' title='bbox 1325 2077 1358 2103; x_wconf 91' lang='lat' dir='ltr'>et</span> <span class='ocrx_word' id='word_1_223' title='bbox 1372 2069 1509 2115; x_wconf 81' lang='lat' dir='ltr'>virgulis</span> <span class='ocrx_word' id='word_1_224' title='bbox 1527 2069 1569 2103; x_wconf 86' lang='lat' dir='ltr'>ab</span> <span class='ocrx_word' id='word_1_225' title='bbox 1587 2070 1715 2103; x_wconf 87' lang='lat' dir='ltr'>oriente</span> 
     </span>
     <span class='ocr_line' id='line_1_26' title="bbox 181 2116 1714 2163; baseline -0.002 -11"><span class='ocrx_word' id='word_1_226' title='bbox 181 2119 383 2162; x_wconf 88' lang='lat' dir='ltr'>construxit,</span> <span class='ocrx_word' id='word_1_227' title='bbox 402 2130 502 2162; x_wconf 85' lang='lat' dir='ltr'>quam</span> <span class='ocrx_word' id='word_1_228' title='bbox 522 2118 696 2163; x_wconf 77' lang='lat' dir='ltr'>Capellam</span> <span class='ocrx_word' id='word_1_229' title='bbox 715 2117 830 2150; x_wconf 84' lang='lat' dir='ltr'>Beatae</span> <span class='ocrx_word' id='word_1_230' title='bbox 850 2117 1001 2162; x_wconf 78' lang='lat' dir='ltr'>Virginis</span> <span class='ocrx_word' id='word_1_231' title='bbox 1027 2117 1220 2162; x_wconf 84' lang='lat' dir='ltr'>appellavit,</span> <span class='ocrx_word' id='word_1_232' title='bbox 1247 2123 1280 2150; x_wconf 93' lang='lat' dir='ltr'>et</span> <span class='ocrx_word' id='word_1_233' title='bbox 1306 2117 1443 2150; x_wconf 87' lang='lat' dir='ltr'>domum</span> <span class='ocrx_word' id='word_1_234' title='bbox 1470 2116 1512 2149; x_wconf 87' lang='lat' dir='ltr'>ab</span> <span class='ocrx_word' id='word_1_235' title='bbox 1538 2117 1714 2150; x_wconf 90' lang='lat' dir='ltr'>occidente</span> 
     </span>
     <span class='ocr_line' id='line_1_27' title="bbox 182 2163 1716 2209; baseline -0.001 -11"><span class='ocrx_word' id='word_1_236' title='bbox 182 2167 359 2209; x_wconf 79' lang='lat' dir='ltr'>majorem.</span> <span class='ocrx_word' id='word_1_237' title='bbox 398 2164 470 2198; x_wconf 86' lang='lat' dir='ltr'>Has</span> <span class='ocrx_word' id='word_1_238' title='bbox 488 2165 624 2209; x_wconf 89' lang='lat' dir='ltr'>quidem</span> <span class='ocrx_word' id='word_1_239' title='bbox 645 2164 762 2197; x_wconf 87' lang='lat' dir='ltr'>domos</span> <span class='ocrx_word' id='word_1_240' title='bbox 775 2164 885 2209; x_wconf 87' lang='lat' dir='ltr'>paries</span> <span class='ocrx_word' id='word_1_241' title='bbox 903 2164 1024 2197; x_wconf 87' lang='lat' dir='ltr'>unicus</span> <span class='ocrx_word' id='word_1_242' title='bbox 1042 2164 1224 2197; x_wconf 84' lang='lat' dir='ltr'>dividebat.</span> <span class='ocrx_word' id='word_1_243' title='bbox 1275 2163 1314 2197; x_wconf 87' lang='lat' dir='ltr'>In</span> <span class='ocrx_word' id='word_1_244' title='bbox 1332 2163 1452 2207; x_wconf 80' lang='lat' dir='ltr'>majori</span> <span class='ocrx_word' id='word_1_245' title='bbox 1467 2163 1578 2206; x_wconf 89' lang='lat' dir='ltr'>domo,</span> <span class='ocrx_word' id='word_1_246' title='bbox 1597 2163 1631 2196; x_wconf 90' lang='lat' dir='ltr'>in</span> <span class='ocrx_word' id='word_1_247' title='bbox 1650 2175 1716 2208; x_wconf 84' lang='lat' dir='ltr'>qua</span> 
     </span>
     <span class='ocr_line' id='line_1_28' title="bbox 180 2209 1715 2255; baseline -0.001 -11"><span class='ocrx_word' id='word_1_248' title='bbox 180 2211 351 2250; x_wconf 78' lang='lat' dir='ltr'>manebat,</span> <span class='ocrx_word' id='word_1_249' title='bbox 376 2212 534 2244; x_wconf 81' lang='lat' dir='ltr'>utensilia</span> <span class='ocrx_word' id='word_1_250' title='bbox 550 2211 650 2244; x_wconf 87' lang='lat' dir='ltr'>rebus</span> <span class='ocrx_word' id='word_1_251' title='bbox 669 2211 767 2244; x_wconf 85' lang='lat' dir='ltr'>variis</span> <span class='ocrx_word' id='word_1_252' title='bbox 785 2210 1004 2244; x_wconf 87' lang='lat' dir='ltr'>accommoda</span> <span class='ocrx_word' id='word_1_253' title='bbox 1022 2210 1171 2255; x_wconf 86' lang='lat' dir='ltr'>reposuit</span> <span class='ocrx_word' id='word_1_254' title='bbox 1187 2222 1195 2250; x_wconf 91' lang='lat'>;</span> <span class='ocrx_word' id='word_1_255' title='bbox 1222 2215 1255 2243; x_wconf 89' lang='lat' dir='ltr'>et</span> <span class='ocrx_word' id='word_1_256' title='bbox 1271 2210 1396 2243; x_wconf 85' lang='lat' dir='ltr'>molam</span> <span class='ocrx_word' id='word_1_257' title='bbox 1415 2210 1449 2242; x_wconf 91' lang='grc'>111</span> <span class='ocrx_word' id='word_1_258' title='bbox 1468 2209 1590 2254; x_wconf 79' lang='lat' dir='ltr'>angulo</span> <span class='ocrx_word' id='word_1_259' title='bbox 1609 2210 1715 2255; x_wconf 87' lang='lat' dir='ltr'>ipsius</span> 
     </span>
     <span class='ocr_line' id='line_1_29' title="bbox 181 2256 1715 2301; baseline -0.002 -10"><span class='ocrx_word' id='word_1_260' title='bbox 181 2258 301 2292; x_wconf 86' lang='lat' dir='ltr'>erexit.</span> <span class='ocrx_word' id='word_1_261' title='bbox 336 2258 376 2291; x_wconf 92' lang='lat' dir='ltr'>In</span> <span class='ocrx_word' id='word_1_262' title='bbox 394 2258 457 2291; x_wconf 90' lang='lat' dir='ltr'>hac</span> <span class='ocrx_word' id='word_1_263' title='bbox 475 2269 618 2291; x_wconf 70' lang='lat' dir='ltr'>annona&gt;</span> <span class='ocrx_word' id='word_1_264' title='bbox 636 2269 705 2290; x_wconf 73' lang='lat' dir='ltr'>Suae</span> <span class='ocrx_word' id='word_1_265' title='bbox 722 2269 825 2301; x_wconf 79' lang='lat' dir='ltr'>grana</span> <span class='ocrx_word' id='word_1_266' title='bbox 843 2257 1043 2290; x_wconf 85' lang='lat' dir='ltr'>comminuit</span> <span class='ocrx_word' id='word_1_267' title='bbox 1056 2258 1089 2290; x_wconf 90' lang='lat' dir='ltr'>in</span> <span class='ocrx_word' id='word_1_268' title='bbox 1107 2257 1262 2300; x_wconf 71' lang='lat' dir='ltr'>farinam,</span> <span class='ocrx_word' id='word_1_269' title='bbox 1281 2268 1380 2301; x_wconf 86' lang='lat' dir='ltr'>quam</span> <span class='ocrx_word' id='word_1_270' title='bbox 1399 2256 1541 2301; x_wconf 84' lang='lat' dir='ltr'>propriis</span> <span class='ocrx_word' id='word_1_271' title='bbox 1558 2256 1715 2289; x_wconf 88' lang='lat' dir='ltr'>manibus</span> 
     </span>
     <span class='ocr_line' id='line_1_30' title="bbox 181 2302 1716 2349; baseline -0.001 -12"><span class='ocrx_word' id='word_1_272' title='bbox 181 2304 380 2349; x_wconf 82' lang='lat' dir='ltr'>conspersit,</span> <span class='ocrx_word' id='word_1_273' title='bbox 395 2311 428 2337; x_wconf 87' lang='lat' dir='ltr'>et</span> <span class='ocrx_word' id='word_1_274' title='bbox 444 2304 479 2337; x_wconf 90' lang='lat' dir='ltr'>in</span> <span class='ocrx_word' id='word_1_275' title='bbox 496 2316 600 2349; x_wconf 86' lang='lat' dir='ltr'>panes</span> <span class='ocrx_word' id='word_1_276' title='bbox 617 2304 681 2336; x_wconf 92' lang='lat' dir='ltr'>hoc</span> <span class='ocrx_word' id='word_1_277' title='bbox 699 2304 799 2336; x_wconf 89' lang='lat' dir='ltr'>modo</span> <span class='ocrx_word' id='word_1_278' title='bbox 818 2303 1018 2348; x_wconf 84' lang='lat' dir='ltr'>composuit.</span> <span class='ocrx_word' id='word_1_279' title='bbox 1052 2304 1178 2336; x_wconf 87' lang='lat' dir='ltr'>Ramos</span> <span class='ocrx_word' id='word_1_280' title='bbox 1197 2309 1230 2336; x_wconf 91' lang='lat' dir='ltr'>et</span> <span class='ocrx_word' id='word_1_281' title='bbox 1243 2303 1373 2336; x_wconf 83' lang='lat' dir='ltr'>radices</span> <span class='ocrx_word' id='word_1_282' title='bbox 1390 2303 1568 2335; x_wconf 86' lang='lat' dir='ltr'>herbarum</span> <span class='ocrx_word' id='word_1_283' title='bbox 1587 2302 1716 2347; x_wconf 79' lang='lat' dir='ltr'>redegit</span> 
     </span>
     <span class='ocr_line' id='line_1_31' title="bbox 179 2349 1716 2395; baseline -0.002 -11"><span class='ocrx_word' id='word_1_284' title='bbox 179 2351 215 2384; x_wconf 86' lang='lat' dir='ltr'>in</span> <span class='ocrx_word' id='word_1_285' title='bbox 233 2351 373 2394; x_wconf 87' lang='lat' dir='ltr'>cineres,</span> <span class='ocrx_word' id='word_1_286' title='bbox 392 2363 475 2395; x_wconf 88' lang='lat' dir='ltr'>quos</span> <span class='ocrx_word' id='word_1_287' title='bbox 492 2351 539 2383; x_wconf 81' lang='lat' dir='ltr'>ita</span> <span class='ocrx_word' id='word_1_288' title='bbox 557 2362 634 2383; x_wconf 91' lang='lat' dir='ltr'>cum</span> <span class='ocrx_word' id='word_1_289' title='bbox 652 2350 710 2383; x_wconf 84' lang='lat' dir='ltr'>illa</span> <span class='ocrx_word' id='word_1_290' title='bbox 727 2351 964 2395; x_wconf 83' lang='lat' dir='ltr'>conspersione</span> <span class='ocrx_word' id='word_1_291' title='bbox 986 2350 1194 2395; x_wconf 82' lang='lat' dir='ltr'>permiscuit,</span> <span class='ocrx_word' id='word_1_292' title='bbox 1218 2356 1256 2382; x_wconf 93' lang='lat' dir='ltr'>ut</span> <span class='ocrx_word' id='word_1_293' title='bbox 1280 2350 1413 2382; x_wconf 83' lang='lat' dir='ltr'>tertiam</span> <span class='ocrx_word' id='word_1_294' title='bbox 1439 2354 1569 2394; x_wconf 82' lang='lat' dir='ltr'>partem</span> <span class='ocrx_word' id='word_1_295' title='bbox 1595 2349 1716 2382; x_wconf 86' lang='lat' dir='ltr'>cineris</span> 
     </span>
     <span class='ocr_line' id='line_1_32' title="bbox 183 2395 1715 2441; baseline -0.001 -11"><span class='ocrx_word' id='word_1_296' title='bbox 183 2398 350 2431; x_wconf 87' lang='lat' dir='ltr'>obtineret</span> <span class='ocrx_word' id='word_1_297' title='bbox 413 2398 521 2430; x_wconf 85' lang='lat' dir='ltr'>Panes</span> <span class='ocrx_word' id='word_1_298' title='bbox 545 2396 623 2430; x_wconf 90' lang='lat' dir='ltr'>inde</span> <span class='ocrx_word' id='word_1_299' title='bbox 649 2397 816 2441; x_wconf 79' lang='lat' dir='ltr'>compegit</span> <span class='ocrx_word' id='word_1_300' title='bbox 843 2403 875 2429; x_wconf 90' lang='lat' dir='ltr'>et</span> <span class='ocrx_word' id='word_1_301' title='bbox 901 2397 1006 2439; x_wconf 82' lang='lat' dir='ltr'>coxit,</span> <span class='ocrx_word' id='word_1_302' title='bbox 1025 2408 1108 2441; x_wconf 86' lang='lat' dir='ltr'>quos</span> <span class='ocrx_word' id='word_1_303' title='bbox 1127 2396 1265 2430; x_wconf 86' lang='lat' dir='ltr'>delicias</span> <span class='ocrx_word' id='word_1_304' title='bbox 1291 2395 1489 2438; x_wconf 87' lang='lat' dir='ltr'>nominavit,</span> <span class='ocrx_word' id='word_1_305' title='bbox 1516 2401 1549 2428; x_wconf 90' lang='lat' dir='ltr'>et</span> <span class='ocrx_word' id='word_1_306' title='bbox 1578 2395 1715 2428; x_wconf 85' lang='lat' dir='ltr'>eosdem</span> 
     </span>
     <span class='ocr_line' id='line_1_33' title="bbox 182 2441 1716 2489; baseline -0.001 -13"><span class='ocrx_word' id='word_1_307' title='bbox 182 2444 380 2489; x_wconf 86' lang='lat' dir='ltr'>plerumque</span> <span class='ocrx_word' id='word_1_308' title='bbox 410 2455 508 2477; x_wconf 86' lang='lat' dir='ltr'>senos</span> <span class='ocrx_word' id='word_1_309' title='bbox 541 2443 686 2476; x_wconf 77' lang='lat' dir='ltr'>faciebat</span> <span class='ocrx_word' id='word_1_310' title='bbox 712 2443 746 2475; x_wconf 95' lang='grc'>111</span> <span class='ocrx_word' id='word_1_311' title='bbox 772 2443 924 2476; x_wconf 86' lang='lat' dir='ltr'>conclavi</span> <span class='ocrx_word' id='word_1_312' title='bbox 951 2443 1115 2487; x_wconf 86' lang='lat' dir='ltr'>repositos</span> <span class='ocrx_word' id='word_1_313' title='bbox 1142 2442 1317 2485; x_wconf 83' lang='lat' dir='ltr'>obdurare,</span> <span class='ocrx_word' id='word_1_314' title='bbox 1344 2442 1429 2475; x_wconf 87' lang='lat' dir='ltr'>adeo</span> <span class='ocrx_word' id='word_1_315' title='bbox 1456 2449 1493 2474; x_wconf 83' lang='lat' dir='ltr'>ut</span> <span class='ocrx_word' id='word_1_316' title='bbox 1521 2441 1627 2474; x_wconf 86' lang='lat' dir='ltr'>nimia</span> <span class='ocrx_word' id='word_1_317' title='bbox 1651 2442 1716 2475; x_wconf 88' lang='lat' dir='ltr'>sic-</span> 
     </span>
     <span class='ocr_line' id='line_1_34' title="bbox 183 2488 1716 2535; baseline -0.003 -11"><span class='ocrx_word' id='word_1_318' title='bbox 183 2491 267 2523; x_wconf 83' lang='lat' dir='ltr'>citas</span> <span class='ocrx_word' id='word_1_319' title='bbox 293 2496 393 2535; x_wconf 81' lang='lat' dir='ltr'>atquc</span> <span class='ocrx_word' id='word_1_320' title='bbox 420 2490 544 2523; x_wconf 83' lang='lat' dir='ltr'>duritia</span> <span class='ocrx_word' id='word_1_321' title='bbox 568 2489 721 2522; x_wconf 82' lang='lat' dir='ltr'>horridos</span> <span class='ocrx_word' id='word_1_322' title='bbox 753 2501 888 2534; x_wconf 86' lang='lat' dir='ltr'>prorsus</span> <span class='ocrx_word' id='word_1_323' title='bbox 920 2496 952 2522; x_wconf 89' lang='lat' dir='ltr'>et</span> <span class='ocrx_word' id='word_1_324' title='bbox 979 2488 1143 2534; x_wconf 84' lang='lat' dir='ltr'>insipidos</span> <span class='ocrx_word' id='word_1_325' title='bbox 1169 2488 1346 2521; x_wconf 81' lang='lat' dir='ltr'>redderent</span> <span class='ocrx_word' id='word_1_326' title='bbox 1373 2488 1407 2521; x_wconf 93' lang='lat' dir='ltr'>in</span> <span class='ocrx_word' id='word_1_327' title='bbox 1429 2499 1484 2521; x_wconf 86' lang='lat' dir='ltr'>ore</span> <span class='ocrx_word' id='word_1_328' title='bbox 1511 2488 1716 2521; x_wconf 82' lang='lat' dir='ltr'>mandentis.</span> 
     </span>
     <span class='ocr_line' id='line_1_35' title="bbox 186 2533 1715 2580; baseline -0.001 -10"><span class='ocrx_word' id='word_1_329' title='bbox 186 2533 292 2570; x_wconf 77' lang='lat' dir='ltr'>Eran&#39;t</span> <span class='ocrx_word' id='word_1_330' title='bbox 316 2543 430 2570; x_wconf 84' lang='lat' dir='ltr'>autem</span> <span class='ocrx_word' id='word_1_331' title='bbox 456 2548 499 2569; x_wconf 89' lang='lat' dir='ltr'>ex</span> <span class='ocrx_word' id='word_1_332' title='bbox 526 2535 651 2569; x_wconf 88' lang='lat' dir='ltr'>hordeo</span> <span class='ocrx_word' id='word_1_333' title='bbox 676 2535 726 2568; x_wconf 90' lang='lat' dir='ltr'>vel</span> <span class='ocrx_word' id='word_1_334' title='bbox 756 2547 870 2579; x_wconf 83' lang='lat' dir='ltr'>avena,</span> <span class='ocrx_word' id='word_1_335' title='bbox 890 2535 979 2580; x_wconf 87' lang='lat' dir='ltr'>quod</span> <span class='ocrx_word' id='word_1_336' title='bbox 1005 2541 1085 2568; x_wconf 85' lang='lat' dir='ltr'>tunc</span> <span class='ocrx_word' id='word_1_337' title='bbox 1112 2535 1319 2568; x_wconf 84' lang='lat' dir='ltr'>frumentum</span> <span class='ocrx_word' id='word_1_338' title='bbox 1344 2540 1478 2578; x_wconf 80' lang='lat' dir='ltr'>gustare</span> <span class='ocrx_word' id='word_1_339' title='bbox 1504 2546 1570 2566; x_wconf 92' lang='lat' dir='ltr'>non</span> <span class='ocrx_word' id='word_1_340' title='bbox 1598 2534 1715 2569; x_wconf 84' lang='lat' dir='ltr'>voluit.</span> 
     </span>
     <span class='ocr_line' id='line_1_36' title="bbox 183 2579 1716 2628; baseline -0.001 -13"><span class='ocrx_word' id='word_1_341' title='bbox 183 2583 283 2625; x_wconf 82' lang='lat' dir='ltr'>Quod</span> <span class='ocrx_word' id='word_1_342' title='bbox 310 2583 337 2616; x_wconf 87' lang='lat' dir='ltr'>si</span> <span class='ocrx_word' id='word_1_343' title='bbox 363 2584 459 2628; x_wconf 80' lang='lat' dir='ltr'>panis</span> <span class='ocrx_word' id='word_1_344' title='bbox 485 2582 685 2627; x_wconf 83' lang='lat' dir='ltr'>quandoque</span> <span class='ocrx_word' id='word_1_345' title='bbox 710 2588 845 2626; x_wconf 86' lang='lat' dir='ltr'>propter</span> <span class='ocrx_word' id='word_1_346' title='bbox 870 2582 1128 2615; x_wconf 85' lang='lat' dir='ltr'>diuturnitatem</span> <span class='ocrx_word' id='word_1_347' title='bbox 1154 2582 1314 2625; x_wconf 87' lang='lat' dir='ltr'>temporis</span> <span class='ocrx_word' id='word_1_348' title='bbox 1340 2587 1428 2613; x_wconf 84' lang='lat' dir='ltr'>esset</span> <span class='ocrx_word' id='word_1_349' title='bbox 1445 2579 1630 2623; x_wconf 87' lang='lat' dir='ltr'>museidus,</span> <span class='ocrx_word' id='word_1_350' title='bbox 1649 2592 1716 2614; x_wconf 89' lang='lat' dir='ltr'>non</span> 
     </span>
     <span class='ocr_line' id='line_1_37' title="bbox 183 2630 418 2664; baseline -0.009 0"><span class='ocrx_word' id='word_1_351' title='bbox 183 2630 356 2664; x_wconf 77' lang='lat' dir='ltr'>curabat.⁷⁷</span> <span class='ocrx_word' id='word_1_352' title='bbox 415 2634 418 2636; x_wconf 72' lang='grc'><strong><em>’</em></strong></span> 
     </span>
    </p>

    <p class='ocr_par' dir='ltr' id='par_1_7' title="bbox 235 2674 912 2720">
     <span class='ocr_line' id='line_1_38' title="bbox 235 2674 912 2720; baseline -0.003 -11"><span class='ocrx_word' id='word_1_353' title='bbox 235 2678 246 2696; x_wconf 78' lang='lat'><strong><em>³</em></strong></span> <span class='ocrx_word' id='word_1_354' title='bbox 271 2677 310 2709; x_wconf 86' lang='lat' dir='ltr'>lu</span> <span class='ocrx_word' id='word_1_355' title='bbox 329 2676 386 2709; x_wconf 85' lang='lat' dir='ltr'>the</span> <span class='ocrx_word' id='word_1_356' title='bbox 405 2675 501 2710; x_wconf 84' lang='lat' dir='ltr'>Harl.</span> <span class='ocrx_word' id='word_1_357' title='bbox 519 2675 595 2708; x_wconf 83' lang='lat' dir='ltr'>MS.</span> <span class='ocrx_word' id='word_1_358' title='bbox 614 2675 751 2720; x_wconf 83' lang='lat' dir='ltr'>chapter</span> <span class='ocrx_word' id='word_1_359' title='bbox 771 2674 912 2707; x_wconf 81' lang='lat' dir='ltr'>XXXI.</span> 
     </span>
    </p>

    <p class='ocr_par' dir='ltr' id='par_1_8' title="bbox 183 2719 1717 2952">
     <span class='ocr_line' id='line_1_39' title="bbox 231 2719 1717 2768; baseline -0.002 -12"><span class='ocrx_word' id='word_1_360' title='bbox 231 2725 242 2744; x_wconf 76' lang='lat'>⁴</span> <span class='ocrx_word' id='word_1_361' title='bbox 269 2723 413 2768; x_wconf 68' lang='lat' dir='ltr'>ll&#39;anga]</span> <span class='ocrx_word' id='word_1_362' title='bbox 438 2734 473 2755; x_wconf 92' lang='lat' dir='ltr'>or</span> <span class='ocrx_word' id='word_1_363' title='bbox 492 2722 623 2766; x_wconf 77' lang='lat' dir='ltr'>Vanga,</span> <span class='ocrx_word' id='word_1_364' title='bbox 642 2733 661 2754; x_wconf 85' lang='lat' dir='ltr'>a</span> <span class='ocrx_word' id='word_1_365' title='bbox 678 2721 792 2767; x_wconf 83' lang='lat' dir='ltr'>spade.</span> <span class='ocrx_word' id='word_1_366' title='bbox 842 2721 936 2753; x_wconf 90' lang='lat' dir='ltr'>Thus</span> <span class='ocrx_word' id='word_1_367' title='bbox 954 2721 989 2753; x_wconf 91' lang='lat' dir='ltr'>in</span> <span class='ocrx_word' id='word_1_368' title='bbox 1007 2720 1064 2753; x_wconf 88' lang='lat' dir='ltr'>the</span> <span class='ocrx_word' id='word_1_369' title='bbox 1091 2726 1234 2753; x_wconf 85' lang='lat' dir='ltr'>account</span> <span class='ocrx_word' id='word_1_370' title='bbox 1259 2720 1296 2753; x_wconf 87' lang='lat' dir='ltr'>of</span> <span class='ocrx_word' id='word_1_371' title='bbox 1318 2732 1337 2753; x_wconf 84' lang='lat' dir='ltr'>a</span> <span class='ocrx_word' id='word_1_372' title='bbox 1363 2719 1501 2753; x_wconf 84' lang='lat' dir='ltr'>miraele</span> <span class='ocrx_word' id='word_1_373' title='bbox 1526 2720 1717 2764; x_wconf 85' lang='lat' dir='ltr'>performed</span> 
     </span>
     <span class='ocr_line' id='line_1_40' title="bbox 183 2766 1716 2811; baseline -0.002 -9"><span class='ocrx_word' id='word_1_374' title='bbox 183 2776 218 2803; x_wconf 84' lang='lat' dir='ltr'>at</span> <span class='ocrx_word' id='word_1_375' title='bbox 239 2769 383 2811; x_wconf 86' lang='lat' dir='ltr'>Elmete,</span> <span class='ocrx_word' id='word_1_376' title='bbox 402 2770 435 2802; x_wconf 89' lang='lat' dir='ltr'>in</span> <span class='ocrx_word' id='word_1_377' title='bbox 457 2769 641 2802; x_wconf 82' lang='lat' dir='ltr'>Yorkshire</span> <span class='ocrx_word' id='word_1_378' title='bbox 659 2781 665 2802; x_wconf 87' lang='grc'>;</span> <span class='ocrx_word' id='word_1_379' title='bbox 693 2768 813 2801; x_wconf 80' lang='lat' dir='ltr'>“Cum</span> <span class='ocrx_word' id='word_1_380' title='bbox 832 2773 902 2800; x_wconf 87' lang='lat' dir='ltr'>tota</span> <span class='ocrx_word' id='word_1_381' title='bbox 926 2767 1048 2800; x_wconf 87' lang='lat' dir='ltr'>virtute</span> <span class='ocrx_word' id='word_1_382' title='bbox 1074 2773 1195 2799; x_wconf 85' lang='lat' dir='ltr'>terram</span> <span class='ocrx_word' id='word_1_383' title='bbox 1223 2766 1394 2808; x_wconf 87' lang='lat' dir='ltr'>effoderet,</span> <span class='ocrx_word' id='word_1_384' title='bbox 1413 2766 1556 2799; x_wconf 80' lang='lat' dir='ltr'>adhaesit</span> <span class='ocrx_word' id='word_1_385' title='bbox 1579 2772 1716 2811; x_wconf 85' lang='lat' dir='ltr'>repente</span> 
     </span>
     <span class='ocr_line' id='line_1_41' title="bbox 183 2812 1716 2858; baseline -0.001 -10"><span class='ocrx_word' id='word_1_386' title='bbox 183 2824 251 2849; x_wconf 79' lang='lat' dir='ltr'>tam</span> <span class='ocrx_word' id='word_1_387' title='bbox 271 2816 413 2848; x_wconf 85' lang='lat' dir='ltr'>firmiter</span> <span class='ocrx_word' id='word_1_388' title='bbox 430 2815 587 2848; x_wconf 82' lang='lat' dir='ltr'>manibus</span> <span class='ocrx_word' id='word_1_389' title='bbox 613 2814 683 2848; x_wconf 89' lang='lat' dir='ltr'>suis</span> <span class='ocrx_word' id='word_1_390' title='bbox 707 2825 814 2858; x_wconf 77' lang='lat' dir='ltr'>vanga</span> <span class='ocrx_word' id='word_1_391' title='bbox 839 2825 938 2858; x_wconf 86' lang='lat' dir='ltr'>quam</span> <span class='ocrx_word' id='word_1_392' title='bbox 963 2813 1082 2854; x_wconf 87' lang='lat' dir='ltr'>tenuit,</span> <span class='ocrx_word' id='word_1_393' title='bbox 1101 2819 1136 2845; x_wconf 91' lang='lat' dir='ltr'>ut</span> <span class='ocrx_word' id='word_1_394' title='bbox 1155 2812 1248 2845; x_wconf 88' lang='lat' dir='ltr'>nullo</span> <span class='ocrx_word' id='word_1_395' title='bbox 1266 2812 1367 2845; x_wconf 89' lang='lat' dir='ltr'>modo</span> <span class='ocrx_word' id='word_1_396' title='bbox 1386 2812 1452 2845; x_wconf 85' lang='lat' dir='ltr'>illis</span> <span class='ocrx_word' id='word_1_397' title='bbox 1470 2813 1584 2845; x_wconf 77' lang='lat' dir='ltr'>excuti</span> <span class='ocrx_word' id='word_1_398' title='bbox 1600 2819 1716 2858; x_wconf 67' lang='lat' dir='ltr'>‚posset</span> 
     </span>
     <span class='ocr_line' id='line_1_42' title="bbox 184 2858 1716 2904; baseline -0.002 -10"><span class='ocrx_word' id='word_1_399' title='bbox 184 2868 242 2895; x_wconf 83' lang='lat' dir='ltr'>aut</span> <span class='ocrx_word' id='word_1_400' title='bbox 260 2862 419 2894; x_wconf 85' lang='lat' dir='ltr'>auferri.&#39;’</span> <span class='ocrx_word' id='word_1_401' title='bbox 446 2863 535 2894; x_wconf 86' lang='lat' dir='ltr'>Aeta</span> <span class='ocrx_word' id='word_1_402' title='bbox 553 2862 586 2895; x_wconf 82' lang='lat' dir='ltr'>S.</span> <span class='ocrx_word' id='word_1_403' title='bbox 606 2861 767 2894; x_wconf 84' lang='lat' dir='ltr'>Germani</span> <span class='ocrx_word' id='word_1_404' title='bbox 788 2861 874 2893; x_wconf 83' lang='lat' dir='ltr'>intra</span> <span class='ocrx_word' id='word_1_405' title='bbox 891 2861 979 2892; x_wconf 83' lang='lat' dir='ltr'>Acta</span> <span class='ocrx_word' id='word_1_406' title='bbox 997 2860 1056 2892; x_wconf 84' lang='lat' dir='ltr'>SS.</span> <span class='ocrx_word' id='word_1_407' title='bbox 1072 2859 1142 2892; x_wconf 86' lang='lat' dir='ltr'>Jul.</span> <span class='ocrx_word' id='word_1_408' title='bbox 1163 2859 1221 2892; x_wconf 80' lang='lat' dir='ltr'>vii.</span> <span class='ocrx_word' id='word_1_409' title='bbox 1236 2861 1315 2893; x_wconf 73' lang='lat'>304.</span> <span class='ocrx_word' id='word_1_410' title='bbox 1367 2858 1399 2892; x_wconf 85' lang='lat' dir='ltr'>It</span> <span class='ocrx_word' id='word_1_411' title='bbox 1425 2859 1453 2892; x_wconf 86' lang='lat' dir='ltr'>is</span> <span class='ocrx_word' id='word_1_412' title='bbox 1476 2859 1546 2892; x_wconf 82' lang='lat' dir='ltr'>also</span> <span class='ocrx_word' id='word_1_413' title='bbox 1564 2859 1647 2892; x_wconf 83' lang='lat' dir='ltr'>used</span> <span class='ocrx_word' id='word_1_414' title='bbox 1670 2859 1716 2904; x_wconf 77' lang='lat' dir='ltr'>by</span> 
     </span>
     <span class='ocr_line' id='line_1_43' title="bbox 184 2905 1247 2952; baseline -0.003 -11"><span class='ocrx_word' id='word_1_415' title='bbox 184 2908 351 2952; x_wconf 80' lang='lat' dir='ltr'>Reginald</span> <span class='ocrx_word' id='word_1_416' title='bbox 369 2908 403 2940; x_wconf 90' lang='lat' dir='ltr'>iu</span> <span class='ocrx_word' id='word_1_417' title='bbox 422 2908 472 2940; x_wconf 70' lang='lat' dir='ltr'>liis</span> <span class='ocrx_word' id='word_1_418' title='bbox 491 2914 633 2941; x_wconf 82' lang='lat' dir='ltr'>account</span> <span class='ocrx_word' id='word_1_419' title='bbox 653 2908 689 2941; x_wconf 89' lang='lat' dir='ltr'>of</span> <span class='ocrx_word' id='word_1_420' title='bbox 702 2907 759 2940; x_wconf 86' lang='lat' dir='ltr'>the</span> <span class='ocrx_word' id='word_1_421' title='bbox 777 2906 931 2939; x_wconf 79' lang='lat' dir='ltr'>miracles</span> <span class='ocrx_word' id='word_1_422' title='bbox 950 2906 987 2939; x_wconf 87' lang='lat' dir='ltr'>of</span> <span class='ocrx_word' id='word_1_423' title='bbox 1001 2906 1050 2939; x_wconf 88' lang='lat' dir='ltr'>St.</span> <span class='ocrx_word' id='word_1_424' title='bbox 1071 2905 1247 2938; x_wconf 87' lang='lat' dir='ltr'>Cuthbert.</span> 
     </span>
    </p>
   </div>
  </div>
 </body>
</html>
