1839 3186
155 185 209 225 42
683 193 917 226 LIBELLUS
956 194 1019 225 DE
1055 193 1169 225 VITA

154 298 464 355 diligentissime
482 297 639 349 didicit,
661 302 702 339 et
724 298 978 339 orationibus
991 297 1196 353 praecipue
1217 297 1481 339 recordandis
1502 297 1687 338 studium

154 365 383 408 devotionis
404 365 608 407 adhibuit.
647 364 773 406 Unde
795 366 837 406 in
860 365 975 406 brevi
996 370 1160 406 tantum
1182 364 1335 420 profuit
1357 364 1466 418 quod
1487 363 1685 413 libellum,

154 433 222 488 qui
255 432 423 474 1Sancti
450 432 699 488 Hieronymi
724 432 976 473 Psalterium
1008 431 1171 481 dicitur,
1204 432 1442 472 memoriter
1474 430 1687 480 retineret,

154 499 271 556 eujus
293 499 540 541 dulcimodae
562 499 824 542 meditationi
846 498 1011 540 sedulus
1028 498 1109 539 Dei
1131 499 1297 540 colonus
1311 496 1470 554 jugiter
1493 496 1686 538 ‘²inhaere-

155 572 233 608 ret.

154 777 242 803 CAP.
280 778 321 804 X.
385 777 575 807 QUOMODO
625 775 765 802 URBEM
820 775 1032 809 DESERENS,
1084 774 1262 800 DESERTA
1305 775 1500 810 PETIERIT,
1535 775 1583 799 ET
1629 775 1687 800 1131

367 843 571 873 QUALiTER
605 843 728 867 INTER
763 842 1001 867 ANIMANTIA
1037 841 1238 867 INDOMlTA
1278 842 1462 867 VIXERIT.

215 927 237 980 ξ
261 928 327 966 28.
362 925 523 966 VERUM
553 926 680 982 igitur
702 940 787 967 esse
809 925 907 980 ipsis
938 925 1129 980 operibus
1160 924 1380 967 ³edocetur
1411 925 1533 979 quod,
1561 924 1688 966 Sacra

156 993 328 1033 docente
352 992 579 1048 Scriptura,
602 993 823 1048 profertur,
851 992 960 1046 quod
981 991 1116 1033 4omni
1137 992 1307 1033 habenti
1325 992 1519 1041 dabitur;
1557 998 1597 1033 et
1620 992 1688 1046 qui

154 1059 321 1101 virtutis
352 1061 570 1101 aemulator
597 1059 733 1109 fuerit,
771 1059 879 1100 illius
911 1058 988 1113 ipsi
1028 1059 1145 1113 eopia
1177 1074 1351 1114 superno
1387 1074 1556 1099 munere
1594 1073 1687 1099 con-

156 1126 311 1167 feretur
329 1143 339 1174 ;
373 1127 484 1167 unde
506 1131 660 1181 quanto
679 1126 742 1167 vir
763 1126 841 1167 iste
873 1125 953 1166 Dei
975 1125 1140 1167 servitio
1166 1126 1356 1167 devotius
1377 1125 1542 1176 institit,
1566 1130 1687 1167 tanto

155 1192 403 1234 cumulatior
442 1193 484 1234 in
520 1193 589 1234 illo
626 1192 778 1234 divinae
817 1192 1068 1247 dignationis
1099 1191 1231 1234 virtus
1262 1192 1469 1247 apparuit.
1531 1192 1641 1233 Nam
1663 1208 1688 1233 a

155 1260 240 1301 suis
272 1260 585 1315 consanguineis
620 1259 821 1314 cognitus,
854 1259 896 1299 in
927 1258 1112 1314 pluribus
1146 1258 1441 1300 familiaritatis
1470 1259 1607 1314 gratia
1636 1259 1689 1300 ab

158 1326 216 1368 eis
254 1331 315 1367 est
355 1327 610 1375 honoratus,
665 1341 786 1380 quem
827 1326 1024 1366 honorem
1060 1325 1146 1380 ipse
1184 1341 1257 1381 pro
1301 1340 1423 1366 onere
1455 1325 1613 1376 habuit,
1648 1330 1690 1366 et

159 1408 300 1434 eorum
335 1393 536 1434 familiare
573 1392 888 1434 contubernium
920 1391 997 1433 sibi
1028 1391 1113 1433 fore
1144 1392 1271 1434 sensit
1302 1392 1449 1433 animae
1481 1392 1689 1434 salvandae

154 1474 280 1514 grave
306 1459 615 1501 detrimentum.
679 1458 817 1509 Unde,
856 1459 962 1500 sicut
985 1458 1056 1499 diu
1084 1463 1181 1499 ante
1207 1459 1434 1513 proposuit,
1458 1458 1691 1500 solitudinis

157 1526 247 1567 loca
278 1526 498 1568 secretiora
520 1526 668 1581 petivit
687 1543 697 1574 ς
737 1525 962 1579 relictaque
994 1525 1108 1574 urbe,
1133 1525 1372 1579 parentibus
1395 1525 1554 1566 eunctis
1574 1525 1688 1580 igno-

158 1593 359 1643 rantibus,
384 1593 490 1634 clam
517 1592 716 1648 profugus
747 1592 869 1633 silvas
891 1591 1092 1646 expetiit3
1128 1596 1169 1632 et
1190 1592 1372 1632 latebras
1392 1591 1571 1632 seratam-2
1602 1607 1692 1646 per-

162 1660 340 1715 quirens,
385 1660 518 1701 lustra
560 1659 848 1714 speluncarum
888 1658 1009 1699 avide
1050 1657 1255 1712 solivagus
1292 1657 1549 1712 perquisivit.
1640 1658 1690 1698 In

160 1726 271 1768 silvis
293 1725 468 1780 denique
490 1726 548 1768 sic
570 1725 726 1766 diutius
749 1724 1000 1773 demoratus,
1016 1722 1145 1779 juxta
1167 1729 1316 1780 typum
1340 1724 1462 1765 Beati
1487 1724 1517 1764 J
1521 1724 1693 1765 ohannis

204 1835 215 1856 ¹
234 1835 269 1869 S.
291 1834 485 1881 Hieronymi
508 1835 740 1881 Psalterium]
770 1835 852 1868 Two
870 1834 979 1868 works
996 1834 1136 1878 bearing
1152 1833 1219 1867 this
1238 1834 1312 1867 title
1329 1846 1417 1868 were
1434 1840 1568 1868 current
1585 1834 1620 1868 in
1637 1834 1695 1868 the

158 1882 292 1915 Middle
309 1882 413 1927 Ages.
462 1882 510 1916 Of
523 1882 630 1926 these,
654 1894 728 1926 one,
755 1894 774 1915 a
793 1881 1035 1926 Commentary
1052 1892 1142 1926 upon
1160 1880 1217 1914 the
1241 1880 1383 1925 Psahns,
1406 1881 1623 1926 erroneously
1639 1893 1694 1915 as·-

159 1929 273 1962 cribed
290 1935 325 1961 to
343 1929 377 1962 S.
395 1928 543 1973 Jerome,
569 1929 598 1962 is
624 1941 644 1962 a
666 1928 749 1962 kind
774 1929 812 1961 of
833 1934 931 1961 cento
956 1928 1043 1961 from
1069 1927 1201 1961 various
1218 1927 1369 1972 writings
1395 1928 1432 1960 of
1454 1927 1510 1960 the
1537 1928 1692 1962 Fathers.

161 1975 374 2019 Coneerning
391 1975 418 2008 it
441 1987 496 2008 see
516 1975 636 2009 Cave's
656 1975 747 2008 Hist.
773 1974 949 2014 Literaria,
973 1974 996 2008 i.
1023 1974 1101 2017 273,
1126 1973 1205 2007 edit.
1229 1973 1343 2007 Oxou.
1363 1974 1470 2015 17403
1497 1974 1530 2007 S.
1550 1974 1692 2008 Hieron.

160 2022 248 2067 Opp.
267 2034 297 2056 v.
318 2024 418 2065 1172,
438 2021 518 2056 edit.
545 2021 685 2055 Mai-tin.
737 2021 810 2054 The
837 2021 932 2054 other
955 2020 983 2054 is
1009 2020 1084 2053 best
1110 2019 1291 2065 explained
1309 2020 1355 2065 by
1372 2020 1429 2053 the
1447 2020 1521 2053 title
1538 2021 1692 2065 prefixed

159 2074 195 2101 to
213 2069 239 2101 it
256 2068 291 2101 in
309 2080 328 2101 a
344 2067 525 2101 mutilated
543 2067 619 2101 MS.
638 2080 724 2113 copy
742 2067 919 2113 preserved
937 2067 972 2100 in
990 2066 1119 2112 Bishop
1147 2066 1280 2100 Cosin's
1307 2066 1449 2111 Library
1467 2072 1501 2100 at
1527 2066 1692 2111 Durham,

161 2126 193 2148 v.
211 2117 244 2148 5.
263 2117 295 2149 5.
344 2115 364 2133 “
377 2114 418 2149 Β.
450 2114 681 2159 Hieronymus
711 2114 746 2147 in
772 2114 836 2147 hoe
866 2113 966 2146 modo
993 2112 1160 2158 disposuit
1188 2112 1391 2146 Psalterium
1421 2113 1509 2146 sieut
1539 2113 1692 2158 Angelus

160 2160 300 2194 Domini
315 2160 451 2193 edocuit
465 2172 542 2193 eum
559 2172 619 2206 per
636 2160 798 2206 Spiritum
817 2161 990 2193 Sanctum.
1029 2159 1232 2192 Psalteiium
1249 2165 1384 2204 propter
1397 2159 1628 2193 abbreviatum
1644 2166 1695 2193 est

160 2207 250 2252 quod
266 2207 302 2240 hi
320 2206 376 2251 qui
395 2206 660 2240 sollicitudinem
676 2207 778 2251 hujus
796 2206 902 2240 seculi
920 2206 1057 2243 habent,
1076 2212 1114 2239 ut
1136 2205 1290 2238 homines
1309 2206 1367 2250 qui
1385 2207 1419 2239 in
1437 2205 1692 2240 infirmitatibus

154 2255 283 2297 jacent,
301 2259 359 2286 aut
376 2253 433 2298 qui
451 2253 514 2286 iter
530 2253 752 2298 longinquum
778 2259 893 2297 agunt,
911 2264 972 2286 seu
989 2253 1046 2296 qui
1064 2252 1237 2296 naufragio
1254 2253 1424 2297 navigant,
1443 2258 1476 2285 et
1494 2253 1550 2297 qui
1563 2252 1692 2286 bellum

161 2299 375 2333 commissuri
398 2307 488 2343 sunt,
508 2326 515 2334 .
535 2326 542 2333 .
564 2325 571 2333 .
591 2327 598 2334 .
617 2300 751 2333 assidue
777 2305 914 2333 cantent
938 2299 1003 2332 hoe
1029 2299 1244 2341 Psalterium,
1263 2304 1296 2331 et
1314 2298 1535 2344 possidebunt
1551 2311 1692 2343 regnum

162 2345 364 2380 aeternum.’'
426 2346 495 2378 But
522 2346 751 2379 whichsoever
776 2346 813 2379 of
834 2346 929 2379 these
955 2345 997 2378 be
1021 2344 1182 2378 intended
1203 2350 1237 2377 to
1260 2345 1302 2378 be
1328 2344 1516 2388 described,
1539 2345 1566 2378 it
1582 2357 1650 2379 was
1673 2357 1693 2378 a

159 2398 253 2437 great
270 2391 434 2425 favourite
451 2392 533 2425 with
551 2393 599 2426 St.
612 2393 752 2434 Godrie,
769 2392 835 2425 and
852 2391 921 2425 will
946 2391 987 2425 be
1004 2391 1195 2436 frequently
1212 2391 1408 2424 mentioned
1433 2391 1467 2424 in
1493 2391 1550 2424 the
1576 2403 1693 2425 course

161 2439 198 2472 of
211 2438 269 2472 the
285 2438 464 2471 narrative.
514 2438 577 2471 See
594 2450 667 2483 cap.
686 2441 742 2472 92.

208 2486 220 2504 ²
240 2483 452 2530 Inhaereret.]
490 2484 563 2517 The
591 2496 689 2517 anon.
720 2483 816 2517 Harl.
839 2483 962 2528 legend
990 2483 1068 2516 thus
1093 2483 1278 2528 proceeds:
1306 2483 1444 2516 “Venit
1469 2495 1546 2528 ergo
1572 2484 1607 2517 in
1633 2495 1694 2517 ex-

161 2531 278 2565 tremis
304 2530 439 2575 Angliae
463 2530 588 2563 finibus
614 2542 729 2563 versus
756 2530 980 2570 occidentem,
1011 2529 1053 2563 ad
1083 2530 1254 2562 civitatem
1284 2541 1358 2573 quae
1385 2529 1466 2562 olim
1497 2529 1692 2574 Lugabalia,

161 2590 252 2611 nunc
275 2582 388 2610 autem
414 2576 618 2620 Carleolum,
641 2577 854 2616 nominatur;
882 2576 939 2609 ubi
968 2587 1095 2620 pauper
1124 2581 1157 2608 et
1184 2575 1317 2608 cunctis
1346 2575 1536 2619 incognitus
1563 2587 1693 2609 moram

162 2624 256 2657 fecit.
305 2623 524 2656 Orationibus
541 2623 744 2656 inserviebat
768 2622 926 2664 assiduis,
944 2633 1062 2654 omnes
1086 2621 1129 2654 ad
1147 2621 1337 2654 Ecclesiam
1355 2633 1454 2654 mane
1472 2622 1693 2666 praeveniens,

164 2676 197 2703 et
214 2675 289 2715 post
306 2681 458 2702 recessus
477 2670 628 2702 omnium
646 2680 782 2714 vespere
800 2679 1026 2713 perseverans.
1077 2667 1159 2700 Post
1184 2667 1321 2711 longum
1352 2673 1486 2712 tempus
1513 2679 1591 2700 euni
1619 2668 1692 2712 qui-

165 2716 243 2749 dam
273 2716 421 2749 civitatis
450 2715 541 2749 illius
569 2715 724 2748 homines
749 2720 967 2759 agnoverunt,
994 2713 1116 2758 quibus
1143 2719 1213 2746 erat
1236 2713 1435 2757 cognatione
1460 2714 1693 2758 propinquus;

164 2773 306 2806 quorum
320 2773 407 2795 unus
426 2761 561 2795 donavit
579 2762 608 2795 ei
629 2761 843 2802 Psalterium,
856 2760 945 2804 quod
963 2760 1034 2805 ipse
1051 2764 1221 2803 gratanter
1238 2759 1379 2803 accepit,
1392 2766 1425 2792 et
1438 2760 1591 2793 Psalmos
1609 2760 1692 2793 adeo

165 2808 342 2852 diligenter
367 2808 518 2851 edidicit,
545 2808 634 2853 quod
659 2808 694 2841 in
719 2807 811 2841 brevi
835 2806 989 2839 libellum
1016 2806 1071 2849 qui
1099 2805 1222 2838 dicitur
1239 2805 1441 2839 Psalterium
1468 2806 1582 2839 Sancti
1602 2806 1693 2839 Iero-

163 2854 259 2894 1111111,
279 2854 471 2887 memoriter
489 2854 634 2887 tenuit.''
983 2853 997 2873 ³
1017 2850 1211 2897 Edocetzcr]
1240 2851 1443 2896 Edocemus,
1465 2852 1512 2887 H.

209 2901 221 2919 ⁴
243 2900 342 2934 Omni
359 2901 488 2934 habenti
503 2900 666 2945 dubitur]
694 2900 728 2933 S.
747 2899 873 2933 Matth.
893 2911 974 2932 xxv.
995 2901 1049 2931 29.
