1839 3186
551 248 609 278 ET
644 247 907 279 MIRACULIS
944 248 976 279 s.
1003 248 1218 280 Gonmcl.
1595 241 1646 281 89

117 349 194 390 Oui
216 349 296 399 ille,
323 353 346 371 “
372 348 578 399 Gratias,”
600 349 746 403 inquit,
775 353 800 371 “
820 350 928 390 almo
952 350 1071 391 Patri
1094 356 1262 401 aeterno,
1288 351 1368 404 Qui
1391 367 1464 393 nos
1485 368 1646 408 semper

117 415 346 470 triumphat
386 416 428 457 in
471 415 665 457 Christo!
756 415 849 470 Ipse
895 416 1061 470 quidem
1097 417 1224 457 talem
1265 418 1366 458 mihi
1409 426 1648 461 exactorem

118 481 278 529 tribuit,
306 482 375 535 qui
409 497 619 536 nunquam
656 497 721 522 me
750 482 877 536 quieti
914 498 1083 537 operam
1115 482 1212 523 dare
1247 485 1498 538 per1nittit.”
1561 486 1649 527 Nec

116 547 235 602 plura
254 548 318 589 his
340 548 403 589 vir
424 548 505 589 Dei
539 548 683 598 edidit,
722 548 795 589 sed
818 548 1002 603 graviter
1032 549 1241 604 suspirans
1267 549 1507 591 Oratorium
1530 567 1649 592 suum

116 628 214 654 mox
241 614 454 662 introivit;
489 615 626 669 ibique
662 619 749 655 tam
778 614 850 656 diu
879 615 1056 656 orationi
1090 616 1309 670 procubuit
1333 632 1542 671 quousque
1564 634 1648 659 ma-

116 680 273 734 lignum
306 682 519 722 recessisse
563 681 778 735 persensit.
843 681 908 722 De
951 682 1099 736 quibus
1131 697 1156 722 a
1200 681 1398 724 fratribus
1428 684 1649 738 requisitus

116 746 235 797 dixit,
275 751 301 769 ‘⁶
324 746 579 802 Hujusmodi
600 748 801 802 passionis
832 748 1079 802 ignominias
1109 748 1241 789 multo
1273 754 1460 804 tempore
1491 750 1544 790 ab
1580 750 1649 791 illo

115 813 265 866 pertuli
298 829 521 868 quousque,
554 814 735 855 Domino
759 814 995 865 miserante,
1033 829 1059 855 a
1091 815 1165 855 tali
1188 815 1450 856 incommodo
1482 816 1648 857 liberari

116 880 351 933 promerui3
401 895 451 921 ne
493 881 603 922 enim
645 881 730 922 otio
774 880 1045 936 indulgerem,
1091 881 1396 922 stimulatorem
1437 882 1648 924 crudelem

105 946 286 1003 percepi,
313 951 359 987 ut
382 961 554 989 excusso
579 961 759 1002 corpore,
795 947 982 1000 quamvis
1014 947 1169 989 invitus
1201 948 1340 989 animo
1364 947 1647 1003 ¹vigilarem.”

113 1239 200 1263 CAP.
226 1237 375 1264 xxxvl.
436 1238 554 1268 QUAM
587 1238 794 1263 ACERRIMA
829 1237 1158 1263 TEMPTATIONUM
1200 1238 1398 1265 INCENDIA
1431 1240 1647 1267 PERPEssUS

169 1305 241 1340 SIT,
285 1305 333 1330 ET
374 1305 542 1334 QUANTA
585 1305 796 1330 POENARUM
839 1304 1143 1330 DECERTATIONE
1188 1304 1380 1331 Liemnws
1421 1307 1645 1333 INGENTIVA

170 1356 424 1399 REPRESSIT.²

170 1472 191 1526 ἓ
218 1469 285 1515 77.
323 1471 508 1513 INTEREA
530 1488 624 1514 cum
660 1472 734 1513 tali
763 1471 1052 1513 colluctamine
1087 1472 1219 1514 hostis
1252 1473 1512 1515 truculentus
1549 1490 1643 1516 eum

109 1554 366 1593 nequaquam
395 1540 597 1594 potuisset
630 1540 830 1589 evincere,
866 1539 987 1593 coepit
1019 1554 1196 1593 nequam
1233 1539 1399 1581 furcifer
1435 1556 1543 1582 nova
1574 1541 1643 1582 de-

108 1605 328 1647 liramenta
347 1605 593 1662 confingere.
666 1606 816 1647 Intulit
841 1606 877 1646 ei
910 1606 1036 1660 igitur
1057 1611 1186 1647 tantae
1211 1606 1394 1648 libidinis
1416 1605 1639 1657 flammam,

110 1672 219 1725 quod
243 1673 275 1714 si
298 1673 339 1713 111
362 1674 522 1714 camino
546 1688 640 1714 caro
661 1672 844 1713 humana
871 1677 1110 1722 torreretur,
1134 1673 1214 1714 illis
1242 1674 1526 1715 incendiorum
1552 1690 1640 1715 cru-

109 1739 284 1780 ciatibus
301 1745 342 1780 et
368 1739 570 1780 caloribus
591 1739 727 1780 minus
754 1754 840 1780 esse
866 1738 1114 1779 crederetur.
1180 1739 1372 1781 Sentiens
1405 1741 1544 1794 itaque
1578 1741 1642 1781 vir

110 1804 190 1846 Dei
220 1820 436 1847 venenosae
469 1805 756 1846 delectationis
794 1810 938 1845 contra
979 1820 1021 1845 se
1053 1806 1316 1859 spurcissima
1356 1807 1642 1861 inquinamina

109 1886 366 1926 consurgere,
391 1872 512 1927 coepit
525 1871 675 1926 vigiliis
692 1871 1019 1912 diuturnioribus
1033 1871 1230 1913 adversus
1252 1887 1341 1913 eam
1360 1888 1452 1913 cum
1468 1871 1640 1928 jejuniis

109 1937 399 1992 prolixioribus
423 1939 530 1979 virili
567 1938 847 1979 decertatione
875 1938 1078 1978 resistere.
1151 1938 1242 1991 Quo
1272 1944 1471 1993 tempore,
1496 1955 1640 1993 quam-

108 2003 179 2045 diu
202 2019 303 2045 aura
323 2005 609 2059 temptationis
625 2005 831 2058 quiescere
850 2019 943 2044 eum
960 2019 1041 2044 non
1061 2005 1248 2058 pertulit,
1271 2005 1395 2046 modo
1418 2011 1639 2059 quaternas

106 2076 248 2112 noctes
277 2071 339 2112 vel
371 2076 510 2112 ternas
531 2071 739 2113 insomnes
765 2070 931 2111 omnino
967 2069 1119 2118 duxit3
1156 2076 1197 2111 et
1229 2086 1301 2126 per
1332 2071 1638 2113 hebdomadam

106 2137 326 2191 aliquando
358 2137 562 2192 integram
593 2138 645 2178 ab
678 2137 812 2178 omnis
845 2137 925 2178 cibi
958 2137 1236 2178 consolatione
1268 2138 1486 2179 continuit.
1551 2139 1638 2179 Nec

105 2203 161 2244 sic
187 2208 325 2244 tamen
349 2204 575 2259 grassantis
593 2203 741 2245 veneni
779 2204 916 2258 potuit
955 2203 1261 2245 oblectamenta
1291 2210 1515 2255 conterere,
1540 2206 1637 2259 quin

106 2275 223 2310 tanto
257 2270 403 2311 ardore
434 2270 573 2311 nimiae
610 2269 897 2311 delectationis
930 2284 1024 2310 caro
1060 2269 1321 2319 fervesceret,
1362 2271 1472 2325 quod
1511 2272 1637 2312 etiam

103 2336 315 2378 multoties
341 2352 415 2392 per
444 2336 655 2378 naturales
682 2336 862 2378 virilium
895 2340 1057 2377 meatus
1081 2335 1217 2378 fluxus
1238 2337 1405 2378 seminis
1427 2337 1638 2378 videretur

105 2401 281 2443 effluere.
345 2403 456 2455 Quid
476 2404 594 2444 miles
621 2403 748 2457 igitur
776 2402 929 2444 Christi
950 2403 1118 2453 faceret,
1153 2418 1247 2444 eum
1277 2404 1391 2444 nulla
1423 2405 1637 2458 parcitatis

104 2469 266 2510 cautela
298 2469 467 2524 putrida
507 2469 791 2524 inquinamina
830 2468 1032 2523 potuisset
1071 2470 1363 2524 exstinguere?
1425 2470 1638 2525 Vepribus

150 2579 159 2599 ¹
186 2579 217 2613 V
215 2578 394 2624 igilarem]
423 2580 443 2598 ‘⁶
456 2578 641 2612 Residente
665 2578 708 2612 ad
733 2578 846 2612 focum
865 2579 935 2612 viro
954 2578 1030 2622 Dei,
1049 2585 1082 2612 et
1099 2579 1255 2613 ministro
1272 2580 1346 2623 ejus
1364 2579 1521 2625 operibus
1540 2579 1636 2623 quip-

100 2625 189 2669 piam
208 2626 364 2668 faciente,
382 2625 494 2658 subito
512 2625 607 2671 quasi
625 2637 746 2659 manus
764 2625 887 2658 emissa
904 2631 973 2658 tam
992 2625 1123 2659 fortiter
1139 2638 1217 2659 euni
1235 2626 1441 2659 colafizando
1458 2626 1636 2670 percussit,

101 2672 190 2715 quod
218 2684 304 2718 pene
331 2672 456 2706 corruit
488 2683 613 2717 pronus
642 2672 675 2704 in
710 2678 843 2705 terram.
904 2672 1004 2713 Quod
1037 2672 1192 2705 minister
1221 2672 1362 2705 audiens
1392 2678 1425 2705 et
1453 2671 1634 2715 admirans,

102 2718 309 2763 interrogans
327 2718 408 2763 quid
425 2718 489 2752 hoc
507 2724 606 2762 esset,
625 2718 682 2751 ille
700 2718 872 2763 respondit
889 2730 895 2752 :
923 2720 931 2735 ‘
947 2718 1020 2751 Deo
1037 2719 1173 2763 gratias,
1191 2718 1280 2763 quod
1298 2718 1380 2751 mihi
1400 2717 1517 2750 tribuit
1531 2717 1634 2750 talem

102 2770 302 2808 exactorem,
321 2765 377 2809 qui
396 2777 450 2798 me
468 2777 639 2810 nunquam
658 2765 784 2810 patitur
808 2763 929 2798 otiari.⁷
980 2765 1065 2797 Mox
1085 2765 1278 2798 Oratorium
1305 2765 1486 2808 ingressus,
1505 2776 1633 2797 moram

101 2811 147 2843 ibi
166 2811 256 2855 fecit,
272 2811 377 2844 donec
396 2811 580 2855 malignum
600 2811 796 2844 discessisse
814 2811 981 2854 cognovit.
1021 2811 1227 2854 Hujusmodi
1247 2810 1419 2843 molestias
1437 2810 1633 2855 passionum

101 2857 158 2890 diu
176 2858 324 2901 pertulit,
342 2857 537 2902 priusquam
554 2858 664 2902 ipsum
682 2858 790 2903 gratia
806 2856 954 2891 coelestis
972 2857 1152 2890 absolvit.”
1202 2857 1246 2890 So
1260 2856 1317 2889 the
1330 2868 1540 2901 anonymous
1559 2857 1634 2890 Life

99 2903 133 2936 in
152 2903 208 2936 the
228 2903 322 2937 Harl.
343 2904 418 2936 MS.

147 2950 160 2969 2
187 2949 227 2983 In
245 2950 301 2983 the
321 2950 416 2983 Harl.
437 2950 510 2984 Ms.
530 2950 667 2994 chapter
686 2949 886 2983 XXXVII.
