1839 3186
210 172 292 211 222
739 182 974 215 LIBELLUS
1010 184 1073 215 DE
1110 183 1226 215 VITA

210 285 408 341 profiteri.
471 286 588 342 Saepe
619 286 729 327 intra
759 287 848 342 ipsa
878 288 1170 343 mysteriorum
1198 293 1356 330 secreta
1377 289 1461 330 vidi
1490 295 1532 331 et
1560 305 1635 345 ego
1661 290 1745 332 Do-

212 354 372 394 minum
416 359 604 395 nostrum
657 353 688 394 J
692 368 806 394 esum
848 353 1060 395 Christum
1097 355 1360 396 Nazarenum
1396 356 1447 396 de
1483 362 1746 398 sacrosancta

216 418 391 474 Virgine
430 425 592 469 natum,
635 420 768 474 specie
811 420 977 474 quidem
1020 421 1220 475 corporali
1251 421 1457 471 indutum,
1491 427 1532 463 et
1569 423 1747 464 hominis

212 486 361 527 habitu
386 486 652 541 corporaliter
687 491 936 537 contectum,
962 488 1094 540 Quem
1117 492 1158 528 et
1179 487 1221 528 in
1241 487 1380 529 Altari
1403 487 1488 530 vidi
1510 489 1744 539 consistere,

216 557 257 593 et
283 568 420 594 coram
452 553 664 594 sacerdote
697 553 970 594 constitutum
995 568 1135 594 versus
1166 569 1231 594 me
1261 552 1475 595 dulcifluos
1496 555 1614 596 orbes
1647 570 1746 596 ocu-

215 618 349 660 lorum
386 617 607 660 inflectere.
669 619 786 659 Tunc
823 634 898 674 ego
930 619 1124 660 manibus
1154 620 1346 674 expansis
1382 620 1536 662 Christi
1572 621 1746 661 clemen-

213 685 316 726 tiam
337 686 597 739 interpellare
627 700 709 726 non
739 685 894 736 destiti,
929 690 970 726 et
996 685 1219 727 lacrimosis
1252 686 1385 727 cordis
1406 686 1574 728 vocibus
1611 687 1747 741 Ipsius

214 751 383 806 pietatis
413 751 673 793 dulcedinem
701 751 867 792 sedulus
896 752 1143 806 imploravi3
1184 753 1316 805 Quem
1341 753 1426 794 vidi
1451 758 1492 793 et
1518 753 1582 794 his
1620 753 1747 795 oeulis

214 818 268 858 ad
294 817 554 859 1concessum
577 817 693 858 Almi
716 817 856 859 Patris
872 818 1159 868 conscendere,
1180 824 1221 860 et
1246 819 1302 860 ibi
1319 819 1373 860 ad
1388 817 1492 874 Ejus
1514 819 1745 869 dexteram,

215 888 261 924 ut
293 885 477 925 omnium
508 885 731 925 Rectorem
765 888 806 925 et
842 884 873 925 J
876 885 1052 934 udicem,
1086 885 1309 927 considere.
1371 885 1579 939 Pluraque
1621 886 1747 927 etiam

215 951 423 1005 conspexi,
448 950 498 991 de
520 951 667 1004 quibus
688 950 789 991 mihi
806 950 995 992 illicitum
1017 956 1078 992 est
1100 951 1334 993 hominibus
1355 951 1574 1006 quicquam
1596 952 1744 1002 dicere,

214 1032 262 1057 eo
284 1017 394 1070 quod
425 1017 634 1071 prohibita
667 1017 749 1058 sint
780 1017 882 1058 mihi
912 1017 1170 1059 auditoribus
1205 1018 1383 1059 indoctis
1413 1018 1644 1073 detegendo
1677 1033 1745 1059 ex-

214 1084 419 1137 primere3
454 1083 524 1124 illa
557 1084 678 1133 enim,
702 1099 791 1137 quae
818 1083 956 1125 coelica
987 1089 1094 1133 sunt,
1129 1099 1252 1139 supra
1282 1099 1400 1140 posse
1428 1084 1657 1125 humanum
1687 1084 1746 1125 in-

215 1149 599 1204 comprehensibilia
620 1154 728 1191 sunt.
792 1150 870 1191 Est
892 1150 1017 1191 etiam
1050 1150 1220 1205 Qaliquis
1241 1156 1338 1191 ante
1361 1149 1476 1206 cujus
1499 1151 1638 1191 oculos
1661 1151 1746 1192 Do-

215 1216 317 1256 mini
345 1215 371 1255 J
377 1231 448 1257 esu
473 1215 669 1258 Orucifixi
700 1216 834 1257 forma
864 1216 1092 1271 3apparuit,
1126 1233 1218 1271 quae
1254 1217 1446 1272 primitus
1480 1217 1634 1272 pedum
1655 1232 1748 1259 ves-

214 1282 317 1337 tigia
337 1282 574 1323 vulneribus
591 1283 800 1324 clavorum
820 1282 983 1323 confixa
1002 1284 1187 1338 protulit,
1210 1289 1355 1339 postea
1375 1298 1510 1338 genua-
1531 1288 1572 1324 et
1592 1283 1747 1325 Ventris

214 1348 417 1403 paulatim
448 1364 590 1390 serena
613 1350 872 1399 monstravit,
901 1349 1075 1404 denique
1101 1349 1276 1404 effigiem
1307 1350 1586 1404 plenissimam
1616 1350 1747 1392 totius

214 1415 418 1470 Corporis,
443 1431 531 1469 quae
553 1415 778 1457 vulneratis
810 1416 1000 1458 manibus
1020 1417 1130 1457 latus
1152 1417 1353 1465 exhibuit,
1387 1416 1574 1457 madenti
1605 1431 1746 1457 cruore

216 1486 257 1522 et
282 1482 479 1536 sanguine
509 1482 643 1523 undas
673 1482 968 1537 redemptionis
990 1482 1211 1524 salutiferae
1232 1482 1531 1538 profundentis.
1597 1482 1746 1536 Sicque

218 1547 343 1588 Illum
374 1553 512 1589 totum
534 1553 594 1589 est
615 1547 802 1599 intuitus,
831 1549 1178 1602 quemadmodum
1200 1565 1274 1604 pro
1300 1549 1417 1590 nobis
1437 1548 1572 1590 factus
1595 1548 1750 1590 Hostia

217 1614 351 1655 fuerat
381 1615 566 1669 patibulo
596 1614 738 1656 Crucis
775 1614 951 1663 affixus3
990 1615 1150 1669 aliaque
1189 1616 1286 1666 vidi,
1322 1630 1414 1669 quae
1449 1630 1523 1670 pro
1559 1615 1748 1657 omnibus

216 1681 360 1721 mundi
383 1681 538 1722 divitiis
560 1681 751 1735 cuiquam
773 1682 949 1736 amplius
970 1682 1176 1736 explicare
1208 1697 1291 1723 non
1312 1682 1443 1736 potui.
1505 1681 1599 1722 Non
1622 1681 1749 1736 igitur

217 1747 336 1801 plura
356 1747 583 1802 interroges
609 1748 659 1788 de
681 1748 772 1798 illis,
796 1763 847 1788 ne
868 1763 934 1789 me
965 1764 1103 1789 coram
1125 1749 1306 1790 Domino
1328 1747 1524 1789 offensam
1542 1748 1748 1789 incurrere

215 1813 381 1856 facias.”
444 1814 618 1854 Interim
646 1815 948 1867 aliquantulum
977 1815 1065 1855 haec
1100 1814 1314 1865 intermisi,
1352 1819 1393 1855 et
1429 1814 1579 1855 iterum
1606 1819 1749 1855 utrum

218 1879 443 1934 Angelicos
473 1879 651 1935 d‘species
688 1880 852 1922 Christo
884 1881 941 1922 sic
972 1882 1189 1936 apparenti
1219 1881 1452 1921 ministrare
1473 1881 1655 1930 vidisset,
1688 1881 1748 1921 in-

218 1947 378 2000 quisivi.
441 1946 513 1987 Ad
535 1946 644 2000 quod
677 1947 757 1997 ille,
796 1952 822 1970 ‘⁶
845 1947 1061 1989 Assistunt
1083 1963 1244 2003 semper
1274 1952 1316 1988 et
1339 1947 1393 1987 Ei
1424 1947 1676 1997 ministrant,
1708 1952 1749 1988 et

219 2013 466 2066 ubicumque
507 2013 630 2054 fuerit
661 2028 821 2068 semper
868 2014 1194 2063 circumvolant,
1249 2029 1422 2067 quorum
1463 2013 1618 2068 species
1661 2028 1747 2054 cor-

217 2093 363 2133 porum
389 2079 720 2133 incorporeorum
753 2094 835 2133 prae
866 2079 982 2120 nimii
1011 2080 1177 2122 luminis
1199 2079 1415 2134 splendore
1445 2094 1528 2120 non
1559 2083 1621 2121 est
1655 2094 1747 2134 pos-

217 2145 332 2185 sibile
372 2145 730 2199 comprehendere,
768 2160 839 2186 seu
867 2145 1003 2187 Verbis
1036 2146 1221 2195 edicere3
1257 2145 1329 2187 sed
1362 2145 1442 2186 Dei
1473 2145 1516 2186 id
1552 2146 1749 2187 debemus

218 2211 377 2251 notitiae
401 2211 703 2252 commendare.
766 2211 895 2252 Plura
928 2211 991 2253 his
1022 2227 1073 2253 ne
1106 2211 1324 2267 quaesieris,
1357 2227 1409 2252 ne
1444 2211 1545 2253 mihi
1576 2212 1749 2253 ult-erius

219 2277 417 2318 molestus
445 2277 539 2318 sis.''
602 2277 719 2318 Tunc
755 2292 851 2332 ergo
884 2278 1077 2330 conticui,
1113 2279 1210 2333 quia
1238 2293 1321 2319 non
1355 2293 1479 2320 ausus
1515 2293 1605 2320 sum
1640 2279 1749 2319 illius

217 2343 417 2384 mandata
437 2341 452 2364 ⁵
460 2343 738 2398 praetergredi.

265 2437 275 2456 Ξ
299 2435 516 2481 Concessum]
546 2436 758 2479 Confessum,
780 2436 826 2469 H.

265 2482 278 2501 ²
295 2481 455 2528 Aliquis]
483 2482 671 2516 St.G0d1·ic
687 2482 767 2515 here
784 2482 921 2516 alluded
938 2489 973 2516 to
991 2483 1139 2517 himself.
1165 2483 1228 2517 See
1247 2481 1265 2529 ἓ
1284 2487 1316 2518 5.

267 2529 279 2548 ³
300 2527 494 2574 Apparuit]
522 2529 584 2562 See
602 2528 639 2573 ἓξ
659 2531 714 2572 90,
734 2531 811 2572 145,
832 2530 908 2564 147.
1265 2531 1276 2549 ⁴
1294 2529 1449 2577 Species]
1477 2531 1632 2576 Spiritus,
1653 2531 1702 2564 H.

265 2576 277 2595 ⁵
297 2575 552 2621 Praecergredt]
585 2575 785 2619 “Tempore
811 2575 956 2619 quodam
979 2575 1079 2609 fratre
1103 2576 1159 2620 qui
1188 2576 1331 2610 Missam
1359 2577 1584 2610 celebraverat
1610 2577 1748 2611 sedente

220 2633 332 2655 coram
359 2623 442 2667 ipso,
469 2633 546 2654 eum
571 2621 683 2654 taliter
706 2626 756 2654 est
781 2621 926 2655 affatus:
965 2624 975 2640 ⁴
990 2621 1157 2666 Nunquid
1183 2623 1270 2656 nosti
1295 2622 1376 2667 quid
1408 2623 1463 2656 hie
1488 2623 1589 2657 hodie
1615 2623 1748 2657 coelitus

218 2674 383 2712 ageretur,
398 2668 477 2701 dum
490 2674 527 2700 tu
543 2667 705 2712 mysteria
721 2678 852 2712 gereres
870 2668 904 2700 in
923 2667 1031 2701 Altari
1047 2668 1070 2701 2²
1115 2668 1182 2710 Qui
1201 2680 1236 2702 se
1253 2669 1414 2714 profitens
1433 2670 1595 2714 ignorare,
1613 2670 1749 2715 petebat

219 2720 257 2747 ut
285 2714 349 2748 hoc
380 2714 572 2759 dignaretur
602 2713 743 2747 edicere.
811 2715 819 2731 ‘
835 2713 925 2747 Dum
955 2714 1072 2757 sacra,’
1100 2714 1221 2759 inquit,
1253 2720 1261 2733 ‘
1276 2721 1464 2759 agerentur,
1495 2716 1561 2749 vidi
1596 2716 1747 2749 arborem

219 2760 341 2805 palmae
366 2760 626 2805 pulcherrimam
652 2759 855 2793 descendere
873 2760 914 2793 de
935 2760 1083 2803 sublimi,
1102 2766 1135 2793 et
1153 2766 1240 2793 stare
1258 2773 1354 2794 secus
1373 2762 1500 2796 Altare.
1553 2762 1660 2806 Cujus
1678 2774 1749 2795 ver—

220 2806 286 2839 tice
303 2806 513 2840 lucidissima
531 2806 684 2851 quaedam
709 2806 780 2839 avis
805 2806 941 2848 insedit,
960 2812 993 2839 et
1010 2817 1087 2839 eum
1113 2806 1241 2840 alarum
1266 2807 1386 2852 plausu
1412 2808 1581 2853 mysteriis
1600 2820 1673 2853 quae
1690 2820 1749 2853 ge—

220 2852 378 2886 rebantur
404 2852 558 2886 intendit.
609 2852 707 2886 Circa
729 2852 831 2885 finem
855 2853 1007 2897 mysterii
1031 2853 1101 2886 avis
1119 2858 1153 2886 et
1169 2853 1266 2886 arbor
1284 2853 1317 2886 in
1335 2854 1453 2897 altum,
1471 2854 1560 2887 unde
1578 2860 1748 2898 venerant,

219 2899 413 2942 efferuntur,
432 2905 468 2932 ut
486 2899 630 2943 amplius
649 2911 687 2932 ea
705 2898 816 2932 videre
834 2910 900 2932 non
918 2910 1064 2944 possem.
1116 2899 1272 2933 Forsitan
1290 2900 1374 2933 illud
1392 2900 1596 2934 sacrificium
1615 2900 1746 2934 Divinae
