1839 3186
190 172 324 215 xxviii
835 184 1083 218 APPENDIX

186 290 422 346 impetrato,
453 289 615 345 singula
644 289 680 331 ei
702 290 764 332 vir
785 295 964 341 sanetus,
989 291 1095 333 sicut
1117 293 1403 348 supradictum
1428 299 1503 345 est,
1527 295 1724 344 retexuit,

187 363 229 399 et
251 363 298 399 ut
320 357 458 399 animo
480 356 637 399 firmius
658 358 868 408 retineret,
893 359 1004 413 quod
1024 364 1117 414 post
1138 360 1348 401 modicum
1370 359 1461 403 finis
1482 377 1575 403 cum
1597 378 1645 404 eo
1672 377 1724 404 ex

187 426 300 467 omni
334 429 452 481 parte
488 423 616 475 fieret,
656 425 804 481 smpius
836 426 872 467 ei
905 427 1101 482 replicare
1137 443 1218 469 non
1250 428 1371 469 desiit
1389 445 1400 476 ς
1449 435 1724 485 perceptaque

188 493 476 534 benedictione
492 492 692 534 discessit.
746 492 921 535 Duobus
940 493 1067 549 igitur
1083 495 1293 537 mensibus
1313 495 1398 536 fere
1415 498 1647 548 transactis,
1664 496 1725 539 vir

189 559 360 601 Domini
383 559 588 601 Godricus
611 576 663 601 ex
684 560 762 601 hac
783 561 871 602 vita
892 561 1101 616 migravit,
1126 567 1168 604 et
1184 562 1430 604 venerabilis
1452 564 1722 620 archiepisco-

187 643 263 682 pus
285 627 391 669 infra
419 627 643 669 triennium
673 628 750 670 sibi
782 628 834 670 ab
868 644 915 669 eo
946 628 1164 684 praefixum
1194 630 1372 685 gloriosa
1392 631 1581 686 passione
1603 646 1722 673 occu-

189 694 293 736 buit.

914 841 995 883 IV.

185 958 268 983 11151Ἰ
299 958 347 983 OF
377 958 458 983 THE
482 959 618 985 TITLEs
649 959 696 985 or
720 959 801 984 THE
832 959 1037 985 cHAPTERs
1069 959 1302 985 CONTAINED
1324 961 1368 986 [N
1401 960 1481 985 THE
1512 960 1721 986 HARLEIAN

706 1027 979 1062 MANUsoRIPT,
1014 1027 1080 1054 No.
1108 1013 1206 1053 322.

724 1128 936 1153 1NCIP1UNT
967 1128 1184 1153 CAPITULA.

1524 1186 1721 1209 CAPITULUM

185 1225 403 1278 Quomodo
425 1232 593 1269 sanctus
616 1226 819 1268 Godricus
841 1225 1099 1281 responderit
1117 1227 1272 1269 volenti
1290 1227 1520 1269 describere

242 1291 328 1348 ejus
350 1294 481 1335 vitam
640 1327 647 1335 .
856 1327 863 1335 .
1072 1328 1079 1335 .
1287 1328 1295 1336 .
1502 1327 1511 1336 .
1707 1295 1720 1335 i

185 1359 244 1401 Et
275 1361 481 1415 quomodo
511 1361 773 1404 benedixerit
805 1365 950 1417 postea
986 1361 1137 1403 librum
1162 1362 1205 1403 in
1230 1378 1311 1417 quo
1344 1362 1424 1404 fuit
1448 1361 1518 1403 de-

242 1427 398 1483 scripta
642 1464 649 1472 .
858 1461 867 1470 .
1076 1462 1083 1470 .
1291 1463 1298 1470 .
1507 1462 1514 1470 .
1690 1427 1718 1485 ij

184 1494 249 1537 De
270 1496 512 1550 parentibus
535 1502 575 1537 et
598 1496 733 1552 patria
756 1500 796 1536 et
819 1495 951 1537 officio
973 1496 1101 1552 ipsius
1289 1529 1296 1537 .
1505 1530 1512 1538 .
1674 1495 1717 1551 iij

185 1562 373 1616 Qualiter
395 1564 670 1606 ambulaverit
693 1564 768 1605 sub
790 1563 894 1604 mari
1073 1595 1081 1604 .
1290 1597 1298 1605 .
1507 1596 1514 1605 .
1608 1561 1670 1618 [iv
1683 1562 1716 1619 ἓ]

184 1629 327 1683 Qualis
354 1630 491 1681 fuerit,
516 1636 556 1672 et
579 1631 756 1686 qualiter
776 1631 907 1672 vitam
937 1629 1163 1672 solitariam
1190 1646 1328 1672 amare
1351 1631 1518 1686 coeperit
1693 1645 1720 1672 v

185 1698 401 1751 Quomodo
426 1698 709 1740 Ierosolimam
732 1698 839 1747 ierit,
858 1703 899 1739 et
919 1697 1089 1739 domum
1110 1713 1298 1739 reversus
1318 1699 1372 1740 ad
1390 1698 1515 1739 Sanc-

240 1771 332 1806 tum
356 1765 582 1820 AEgidium
604 1765 657 1808 sit
679 1765 900 1820 profectus,
925 1770 966 1806 et
988 1764 1083 1806 inde
1107 1765 1285 1806 Romam
1505 1799 1514 1807 .
1676 1763 1714 1820 vj

186 1832 403 1886 Quomodo
435 1833 587 1874 iterum
621 1833 743 1875 iverit
769 1833 948 1874 Romam
981 1847 1076 1874 cum
1107 1848 1181 1874 sua
1213 1837 1363 1883 matre,
1395 1837 1436 1874 et
1466 1832 1516 1873 de

241 1900 413 1941 muliere
436 1915 525 1954 quae
549 1900 628 1942 illis
647 1900 851 1941 associata
872 1904 934 1941 est
1073 1933 1081 1940 .
1289 1932 1297 1940 .
1505 1932 1512 1940 .
1661 1897 1716 1954 vij

183 1967 401 2021 Quomodo
417 1967 597 2009 venditis
613 1968 803 2009 omnibus
822 1966 1031 2021 quaesierit
1048 1966 1326 2016 solitudinem,
1347 1971 1388 2007 et
1405 1966 1515 2007 veni-

242 2050 313 2076 ens
348 2034 591 2075 Karleolum
623 2035 679 2076 ibi
716 2034 929 2082 manserit,
965 2038 1006 2074 et
1038 2034 1244 2088 quomodo
1278 2033 1332 2075 ad
1368 2033 1514 2076 silvam

240 2101 335 2142 inde
358 2101 599 2157 profugerit,
623 2102 694 2143 ubi
716 2101 946 2143 solitarium
968 2100 1125 2142 invenit
1288 2133 1295 2142 .
1502 2134 1509 2141 .
1645 2098 1715 2155 viij

184 2169 372 2222 Qualiter
404 2184 498 2209 cum
530 2168 714 2211 solitario
746 2167 958 2218 manserit,
985 2173 1026 2208 et
1059 2168 1265 2222 quomodo
1300 2168 1516 2209 morientis

241 2236 424 2277 animam
446 2235 598 2277 viderit
621 2241 844 2277 exeuntem
940 2266 947 2276 .
1155 2268 1163 2275 .
1505 2267 1512 2274 .
1670 2233 1715 2274 ix

185 2303 374 2356 Qualiter
403 2303 643 2344 admonitus
675 2307 738 2344 est
759 2303 912 2344 iterum
940 2302 998 2343 ire
1030 2301 1328 2352 Ierosolimam,
1353 2307 1394 2343 et
1416 2317 1514 2355 quo-

241 2370 364 2412 modo
388 2370 567 2412 Sanctus
590 2370 847 2412 Guthbertus
869 2369 906 2410 ei
931 2368 1084 2410 dixerit
1106 2369 1217 2422 quod
1238 2369 1282 2410 in
1310 2368 1513 2409 Finchale

240 2437 453 2488 militaret,
486 2442 527 2478 et
559 2437 764 2491 quomodo
802 2435 1088 2477 Ierosolimam
1123 2435 1230 2486 ierit,
1264 2441 1305 2476 et
1338 2435 1515 2490 qualiter

241 2504 298 2545 ibi
320 2519 480 2545 moram
502 2504 647 2545 fecerit
854 2536 863 2545 .
1071 2535 1079 2543 .
1289 2535 1297 2544 .
1505 2534 1513 2543 .
1685 2516 1714 2542 x

185 2571 374 2625 Qualiter
402 2571 445 2611 in
477 2570 677 2626 Angliam
710 2584 899 2612 reversus
932 2585 1004 2625 per
1025 2584 1181 2610 annum
1215 2569 1257 2610 in
1290 2568 1513 2611 solitudine

240 2638 452 2688 manserit,
476 2642 517 2679 et
540 2638 717 2692 qualiter
738 2637 793 2678 ad
815 2636 1015 2678 Finchale
1037 2636 1270 2692 pervenerit
1505 2668 1513 2676 .
1670 2632 1712 2689 xj

185 2705 401 2758 Quomodo
423 2705 464 2745 in
484 2704 683 2745 Finchale
706 2704 838 2759 primo
860 2719 954 2744 cum
977 2703 1238 2758 serpentibus
1258 2702 1512 2744 habitaverit
1655 2698 1713 2756 Xij

185 2771 402 2825 Quomodo
439 2771 595 2826 respuit
627 2786 799 2812 munera
832 2770 1074 2820 vicinorum,
1109 2774 1150 2810 et
1184 2769 1361 2824 qualiter
1392 2769 1515 2810 xenia

241 2839 424 2879 mulieris
456 2844 548 2893 post
580 2838 953 2879 commedationem
988 2852 1071 2877 non
1102 2836 1274 2887 invenit,
1296 2844 1337 2877 et
1369 2835 1420 2876 de
1452 2850 1511 2877 se-

240 2910 335 2960 gete
359 2920 481 2959 quam
502 2905 644 2948 rustici
667 2903 1008 2959 depraedaverant
1033 2897 1091 2964 [3]
1287 2935 1294 2942 .
1502 2935 1510 2942 .
1639 2897 1713 2955 xiij
