1839 3186
178 161 261 200 330
698 166 933 201 LIBELLUs
970 166 1035 199 DE
1072 168 1191 199 VITA

180 275 405 317 Missarum
426 287 500 328 pro
522 270 610 328 ejus
629 272 761 313 salute
786 270 945 313 exactis
966 271 1190 327 mysteriis,
1208 271 1355 313 tumba
1373 270 1460 328 ejus
1472 271 1636 328 lapidea
1658 273 1715 315 ¹in

177 342 365 383 Ecclesia
387 340 472 382 solo
503 344 624 380 tenus
655 338 852 393 contigua
879 337 1041 379 defossa
1062 343 1138 379 est.
1209 338 1395 393 Populus
1416 354 1512 381 vero
1534 340 1603 393 qui
1624 344 1712 381 tam

176 408 366 462 frequens
402 410 649 455 accurrerat,
672 405 781 445 illius
812 418 959 459 corpus
990 404 1140 445 feretro
1175 404 1357 446 locatum
1388 405 1626 460 contingere
1647 406 1712 449 vel

175 475 315 516 videre
340 488 463 528 supra
482 472 655 513 modum
686 470 967 525 concupierat,
990 485 1087 511 nam
1118 471 1311 526 angustia
1334 472 1507 513 modicae
1532 476 1573 513 et
1595 472 1711 513 stric-

175 541 292 582 tioris
340 539 537 580 Ecclesiae
582 537 829 593 prohibebat
860 542 924 578 tot
964 536 1147 591 plebium
1184 537 1474 579 multitudines
1510 537 1565 579 ad
1604 538 1713 580 illius

174 607 314 649 feretri
348 605 545 648 interiora
576 604 815 660 spectacula
843 602 1040 652 introire3
1074 604 1184 644 unde
1217 618 1316 645 voce
1348 604 1556 645 communi
1590 619 1710 660 roga-

176 675 279 715 bant
300 673 450 728 singuli
471 687 519 713 ac
542 671 808 712 consulebant
830 669 1118 725 prudentiores
1138 669 1332 720 universi,
1348 676 1395 712 ut
1413 685 1559 726 corpus
1579 670 1710 726 patris

180 741 289 782 circa
319 745 436 795 septa
457 738 653 780 Ecclesiae
678 736 829 778 deforis
849 736 1076 786 efferretur,
1116 741 1318 790 quatenus
1338 735 1461 792 hujus
1490 737 1714 792 spectaculi

177 806 394 848 dulcedine
425 804 566 860 populi
587 803 695 846 votis
726 818 774 845 ac
804 803 995 859 precibus
1030 803 1131 845 satis
1161 803 1319 844 factum
1346 804 1471 845 fuisse
1507 809 1711 845 monstra-

177 878 304 915 retur.
375 872 497 925 Quod
528 876 569 912 et
600 870 758 912 factum
789 875 865 911 est.
928 869 1108 924 Corpore
1138 885 1235 911 vero
1267 885 1292 911 a
1322 869 1518 911 fratribus
1555 870 1712 911 Dunel-

176 940 328 981 mensis
350 938 560 988 Ecclesiae,
586 937 655 992 qui
677 942 777 978 tunc
809 935 967 991 2plures
988 936 1254 989 advenerant,
1276 952 1349 991 per
1370 936 1551 978 ambitus
1572 936 1713 977 domo-

176 1021 268 1047 rum
307 1005 394 1061 ejus
433 1020 481 1046 ac
522 1004 719 1045 Ecclesiae
762 1003 805 1044 in
846 1003 1021 1044 circuitu
1064 1003 1217 1052 delato,
1264 1003 1494 1057 quicunque
1531 1002 1586 1044 ad
1627 1000 1714 1057 ejus

177 1077 416 1114 contactum
455 1071 692 1125 contingere
731 1074 936 1125 poterant,
982 1069 1174 1110 certatim
1224 1069 1373 1124 singuli
1424 1067 1710 1117 confluebant3

175 1139 286 1180 unde
316 1138 419 1179 illud
453 1136 716 1192 portantibus
747 1151 872 1191 grave
897 1135 1147 1191 procedendi
1176 1136 1520 1191 impedimentum
1550 1135 1714 1177 exstitit

177 1204 458 1246 multitudinis
482 1218 702 1244 concursus
725 1202 877 1257 populi,
908 1202 977 1256 qui
998 1201 1040 1242 in
1061 1203 1170 1257 ipsos
1190 1207 1279 1243 tam
1299 1202 1506 1244 inhianter
1526 1202 1711 1243 incurrit.

247 1273 383 1326 §313
417 1270 605 1311 Tandem
636 1269 687 1310 de
719 1269 827 1309 intro
849 1283 1017 1322 corpore
1044 1269 1122 1309 viri
1154 1268 1234 1309 Dei
1257 1269 1408 1318 delato,
1430 1269 1580 1310 fratres
1598 1283 1712 1310 more

179 1337 374 1379 Ecclesiae
405 1337 560 1378 usitato
597 1350 767 1389 quaeque
802 1334 992 1375 funebria
1026 1333 1256 1389 perficiunt,
1311 1335 1472 1389 duoque
1515 1349 1567 1375 ex
1612 1334 1711 1389 ipsis

182 1404 308 1446 3albis
328 1403 464 1444 induti
496 1417 642 1457 corpus
664 1400 794 1456 patris
828 1401 871 1441 in
892 1400 1107 1455 sepulchro
1129 1415 1201 1442 suo
1224 1416 1318 1442 cum
1348 1402 1460 1442 omni
1483 1400 1715 1443 reverentia

178 1471 470 1526 deposuerunt,
503 1468 614 1523 quod
644 1468 686 1508 in
716 1466 877 1522 petrino
899 1466 1151 1521 sarcophago
1172 1467 1355 1508 locatum
1375 1472 1436 1509 est
1458 1467 1513 1508 ad
1534 1472 1712 1522 septem-

177 1537 395 1578 trionalem
419 1535 587 1591 parietis
613 1533 809 1575 Ecclesiae
830 1532 1052 1588 regionem,
1074 1533 1116 1574 in
1133 1548 1211 1587 quo
1233 1534 1441 1588 quondam
1461 1534 1550 1575 loco
1567 1534 1713 1589 graba-

177 1608 268 1645 tum
300 1602 533 1657 languentis
556 1601 627 1642 diu
657 1600 838 1656 positum
863 1604 937 1650 est,
961 1599 1016 1640 ad
1046 1599 1199 1653 gradus
1229 1600 1299 1654 qui
1329 1600 1453 1655 positi
1484 1604 1580 1642 sunt
1613 1605 1710 1641 ante

178 1669 339 1711 Altaris
362 1668 505 1710 Sancti
540 1667 571 1708 J
576 1666 748 1708 ohannis
778 1666 980 1720 Baptistae
1012 1665 1264 1720 crepidinem
1294 1666 1555 1715 inferiorem;
1595 1664 1712 1722 cujus

176 1737 334 1777 tumbae
372 1733 606 1790 superficies
627 1733 684 1774 nil
706 1748 731 1774 a
753 1737 874 1773 terrae
895 1732 1026 1773 limite
1048 1733 1297 1787 praeminuit,
1321 1748 1368 1774 eo
1389 1733 1500 1787 quod
1533 1732 1712 1787 regulari

177 1803 362 1857 margine
384 1802 458 1844 soli
483 1801 610 1856 ipsius
640 1800 796 1855 gremio
828 1803 1046 1853 coaequata
1066 1798 1132 1840 sit.
1196 1799 1247 1840 In
1268 1798 1356 1855 ejus
1376 1814 1473 1841 vero
1495 1799 1710 1854 sepulchro

176 1868 396 1910 4la1ninam
426 1867 664 1923 plumbeam
700 1880 978 1920 composuere,
1004 1865 1047 1906 in
1069 1880 1151 1919 qua
1182 1865 1292 1907 diem
1328 1865 1594 1920 depositionis
1625 1864 1713 1920 ejus

178 1940 219 1977 et
243 1950 398 1977 annum
428 1935 492 1976 his
523 1934 659 1976 verbis
692 1932 854 1973 Latinis
884 1931 939 1972 ad
961 1931 1264 1973 monimentum
1291 1932 1520 1974 seculorum
1541 1946 1710 1986 sequen-

176 2061 286 2094 which
303 2072 448 2106 purpose
465 2060 523 2093 the
548 2059 707 2093 brethren
732 2070 787 2091 are
805 2057 941 2091 divided
970 2057 1041 2090 into
1059 2062 1125 2090 two
1143 2069 1179 2090 or
1206 2057 1300 2090 three
1330 2058 1536 2102 companies,
1557 2057 1633 2091 who
1659 2069 1712 2090 re-

175 2108 287 2141 lieved
314 2107 397 2140 each
427 2106 521 2140 other
551 2105 617 2139 and
645 2104 835 2138 undertook
857 2104 915 2137 the
942 2103 1027 2148 duty
1051 2103 1097 2148 by
1114 2109 1221 2138 turns.
1247 2104 1310 2137 See
1338 2103 1494 2137 Martene
1523 2104 1564 2137 de
1592 2104 1710 2149 Antiq.

178 2153 339 2187 Monach.
359 2153 429 2186 Rit.
448 2164 479 2186 v.
494 2164 529 2185 X.
550 2149 567 2196 ξ
587 2154 644 2185 95.

226 2200 235 2219 ¹
256 2200 300 2233 In
321 2198 494 2244 Ecclesia]
523 2199 678 2232 Martene
694 2197 756 2230 has
783 2195 948 2230 collected
974 2207 1077 2240 many
1103 2195 1283 2239 instances,
1301 2196 1413 2229 which
1438 2196 1532 2230 show
1559 2196 1644 2237 that,
1662 2195 1711 2229 al—

174 2246 304 2291 though
328 2245 505 2290 originally
521 2256 563 2277 no
582 2256 644 2277 one
662 2255 730 2277 was
749 2242 931 2288 permitted
948 2248 983 2275 to
1000 2242 1041 2275 be
1063 2242 1182 2275 buried
1208 2242 1243 2275 in
1260 2242 1318 2275 the
1337 2243 1484 2287 Chureh,
1502 2243 1560 2276 the
1578 2248 1709 2277 custorn

177 2305 245 2327 was
262 2292 438 2337 gradually
455 2290 665 2325 introduced.

227 2339 240 2357 2
254 2336 404 2384 Plures]
434 2338 507 2371 The
524 2336 671 2370 funerals
698 2336 735 2369 of
756 2334 960 2369 individuals
977 2334 1052 2368 who
1068 2335 1137 2368 had
1160 2334 1283 2380 gained
1300 2335 1357 2369 the
1382 2336 1573 2381 reputation
1591 2335 1629 2369 of
1649 2346 1708 2368 ex-

177 2386 387 2430 traordinary
412 2384 569 2429 sanctity⁷
594 2395 681 2416 were
706 2381 926 2426 numerously
951 2381 1123 2415 attended.
1175 2381 1257 2414 Two
1282 2382 1451 2415 thousand
1474 2382 1596 2415 monks
1621 2393 1708 2415 were

174 2437 309 2478 present
327 2437 360 2464 at
377 2431 435 2464 the
451 2430 561 2464 burial
579 2430 616 2463 of
629 2430 677 2463 St.
690 2428 818 2462 Martin
836 2428 873 2461 of
896 2428 1003 2461 Tours
1021 2440 1029 2469 3
1054 2440 1109 2461 sec
1127 2428 1183 2461 the
1201 2428 1299 2461 letter
1316 2428 1353 2461 of
1374 2428 1542 2473 Sulpicius
1568 2428 1710 2461 Severus

177 2478 289 2512 which
308 2477 477 2511 describes
501 2477 555 2510 his
581 2475 695 2517 death3
714 2476 801 2520 Opp.
818 2487 850 2519 p.
869 2477 948 2516 510,
967 2475 1047 2508 edit.
1067 2477 1098 2517 S,
1118 2474 1156 2507 L.
1172 2474 1213 2508 B.
1231 2475 1332 2509 1647.
1382 2475 1437 2508 On
1454 2475 1511 2508 the
1528 2485 1710 2507 numerous

177 2524 378 2559 attendance
396 2529 430 2556 at
448 2524 496 2556 St.
510 2522 697 2556 Dunstan's
713 2520 855 2564 funeral,
873 2532 929 2554 see
947 2521 1049 2565 Angl.
1069 2521 1159 2554 Sacr.
1178 2521 1212 2554 ii.
1234 2523 1310 2554 119.

223 2573 236 2591 ³
253 2571 348 2604 Albis
366 2569 503 2616 induti]
532 2568 701 2613 Enjoined
718 2568 763 2612 by
780 2567 837 2600 the
855 2567 1027 2612 authority
1044 2566 1169 2612 quoted
1194 2567 1239 2612 by
1257 2567 1422 2610 Martene,
1442 2567 1523 2600 ibid.
1543 2563 1561 2611 ᾗ
1580 2568 1637 2601 98.

224 2620 235 2638 ‘¹
256 2617 430 2651 Laminam
443 2614 655 2661 plumbeam]
683 2614 801 2647 When
819 2613 875 2646 the
893 2613 984 2658 body
1001 2614 1039 2646 of
1063 2614 1112 2647 St.
1125 2614 1283 2646 Dunstan
1301 2625 1367 2646 was
1393 2613 1565 2646 exhumed
1591 2613 1627 2646 in
1649 2612 1707 2645 the

179 2677 258 2710 year
278 2666 379 2705 1508,
401 2663 447 2708 by
464 2663 521 2696 the
544 2661 724 2696 command
749 2661 786 2693 of
800 2660 1015 2704 Archbishop
1034 2659 1211 2703 1Varham,
1237 2659 1375 2704 “primo
1398 2665 1529 2704 reperta
1549 2665 1600 2692 est
1617 2670 1709 2703 quae-

178 2711 255 2744 dam
272 2722 374 2756 parva
390 2709 517 2743 lamina
544 2708 673 2754 plumbi
698 2708 816 2751 jacens
840 2718 940 2752 supra
957 2712 1075 2751 pectus
1094 2706 1241 2751 corporis
1258 2718 1267 2747 3
1290 2706 1325 2738 in
1343 2718 1408 2750 qua
1426 2706 1561 2751 quidem
1582 2706 1708 2739 lamina

177 2757 412 2791 continebatur
422 2756 494 2789 haec
509 2756 684 2800 scriptura,
705 2756 713 2772 ⁶
727 2754 794 2787 Hic
812 2753 992 2798 requiescit
1010 2753 1153 2786 Sanctus
1168 2752 1365 2785 Dunstanus
1379 2752 1708 2797 archiepiscopus.'''

177 2804 302 2848 Anglia
331 2803 442 2846 Sacra,
470 2803 506 2837 ii.
524 2804 604 2836 228.
654 2801 717 2834 See
744 2800 815 2834 also
845 2799 1000 2845 Gough’s
1030 2798 1226 2844 Sepulchra]
1244 2799 1478 2843 Monuments,
1497 2798 1624 2832 Introd.
1643 2796 1709 2831 vol.

175 2851 197 2884 i.
216 2862 249 2895 p.
266 2862 295 2884 e.
