1839 3186
532 225 590 256 ET
627 226 888 257 MIRACULIS
925 226 960 256 s.
987 225 1200 257 GODRICI.
1581 216 1632 261 79

100 428 187 454 CAP.
217 429 336 455 XXIX.
407 430 629 456 CUJUSMODI
663 431 771 455 PANE
803 430 899 456 UsUs
936 430 1007 466 SIT,
1043 430 1120 454 VEL
1156 429 1351 459 QUOMODO
1383 431 1510 457 ILLUM
1540 433 1634 458 CON-

159 497 321 522 FECERIT
343 497 391 522 ET
413 498 557 523 CINERE
578 497 833 523 COMMIXTUM
856 497 1019 522 DlUTIUS
1041 496 1245 522 OBDURARI
1268 497 1523 525 PERMISERIT.
1543 484 1554 505 ¹

161 599 279 654 §68
331 598 502 641 EXACTO
544 598 619 640 sub
655 597 728 639 tali
783 612 914 652 agone
965 596 1175 651 aliquanto
1226 602 1425 653 tempore,
1459 600 1629 642 tandem

100 665 253 708 Christi
275 666 435 707 athleta
459 666 580 721 coepit
603 665 679 706 sibi
704 670 911 705 tectorum
933 663 1107 705 aedificia
1128 679 1234 706 nova
1256 670 1504 708 construere.
1578 667 1628 708 In

98 733 240 787 primis
260 733 387 788 igitur
409 734 458 774 de
479 733 600 788 lignis
621 731 864 773 informibus
886 736 926 772 et
946 731 1115 786 virgulis
1137 731 1343 773 modicam
1359 747 1497 774 casam
1519 749 1628 775 com-

98 800 249 854 posuit,
279 816 402 854 quam
427 800 569 841 Beatae
594 799 740 839 Mariae
775 798 986 853 Capellam
1019 799 1262 848 nominavit,
1287 814 1375 853 quae
1412 800 1466 840 ad
1497 802 1628 842 orien-

99 866 225 907 talem
248 872 463 908 structurae
498 867 624 922 ipsius
658 866 823 920 plagam
855 866 935 907 sita
970 870 1059 913 est;
1096 870 1137 906 et
1156 881 1351 915 seorsum,
1378 866 1524 909 domus
1547 868 1628 909 alia

99 948 148 973 ea
169 931 299 988 major
331 934 385 974 ad
422 933 687 975 occidentalis
718 932 849 987 plagae
881 933 1090 986 regionem
1112 934 1339 987 composita
1376 939 1449 975 est.
1514 934 1628 975 Nihil

99 1005 239 1040 tamen
263 1001 446 1041 medium
478 999 592 1041 aliud
618 1000 828 1048 intererat,
851 999 929 1039 nisi
952 999 1060 1053 quod
1082 997 1266 1054 ejusdem
1289 1001 1458 1054 parietis
1480 1001 1626 1043 divisio

99 1067 264 1120 capellae
286 1067 413 1121 ipsius
434 1066 707 1108 secretissima
726 1081 752 1106 a
776 1066 898 1106 domo
931 1065 973 1105 in
999 1081 1080 1119 qua
1103 1067 1422 1108 conversabatur
1443 1073 1626 1109 tantum-

97 1133 221 1173 modo
261 1134 492 1188 separabat.
575 1133 625 1173 In
664 1132 858 1173 exteriori
896 1132 1024 1186 igitur
1060 1132 1181 1172 domo
1219 1134 1412 1174 utensilia
1452 1150 1626 1189 quaeque

98 1200 290 1254 operibus
325 1201 408 1242 suis
446 1199 696 1241 Qnecessarie
737 1198 1004 1239 accommoda
1044 1198 1218 1247 habuit;
1275 1204 1316 1240 et
1358 1215 1542 1242 seorsum
1583 1203 1625 1243 in

97 1266 233 1320 aliquo
262 1267 388 1321 ipsius
419 1267 606 1322 angulari
636 1266 809 1306 latibulo
839 1265 996 1320 lapides
1017 1266 1192 1306 molares
1225 1267 1371 1315 erexit,
1403 1267 1473 1308 ubi
1495 1283 1624 1323 grana

97 1348 185 1387 quae
207 1334 401 1374 metendo
434 1333 720 1388 conquisierat,
754 1332 946 1373 molendo
968 1332 1010 1373 in
1031 1331 1172 1372 farinae
1205 1333 1478 1387 similaginem
1515 1350 1624 1377 com-

94 1400 320 1450 minuebat,
359 1416 483 1454 quam
515 1415 623 1454 aqua
659 1414 918 1454 conspersam
959 1399 1047 1453 ipse
1080 1400 1256 1454 propriis
1295 1401 1487 1442 manibus
1515 1417 1624 1443 com-

95 1468 243 1521 posuit,
282 1472 323 1508 et
346 1473 511 1522 pastum
532 1466 681 1522 pugnis
702 1467 785 1507 suis
813 1465 1056 1516 alleviando,
1080 1466 1372 1507 contundendo
1396 1472 1436 1508 et
1458 1467 1473 1489 3
1487 1469 1621 1511 infun-

96 1533 231 1574 dendo
273 1535 493 1589 compegit.
560 1533 723 1574 Deinde
759 1532 881 1574 rudes
922 1533 1143 1573 herbarum
1183 1548 1319 1574 ramos
1360 1534 1424 1575 vel
1464 1536 1623 1578 radices

96 1600 276 1655 collegit,
300 1616 400 1654 quos
434 1601 598 1657 ignibus
630 1600 847 1641 devoratos
880 1600 922 1640 in
952 1599 1137 1640 favillam
1173 1600 1438 1642 minutissimi
1476 1603 1622 1645 cineris

94 1668 323 1716 convertit3
362 1673 654 1723 assumptoque
687 1668 834 1716 cinere,
856 1666 998 1707 farinae
1023 1681 1249 1721 conspersae
1284 1667 1491 1721 quondam
1513 1685 1622 1711 com-

93 1734 274 1784 miscuit,
317 1735 381 1775 cui
413 1736 582 1775 tertiam
616 1739 779 1789 partem
816 1733 963 1774 cineris
999 1748 1159 1788 semper
1194 1732 1494 1789 superadjicere
1529 1752 1621 1791 pro-

94 1801 266 1841 curavit.
329 1801 429 1854 Quae
464 1801 602 1842 onmia
636 1801 679 1841 in
718 1800 839 1841 unius
871 1801 1051 1854 corporis
1080 1815 1259 1841 massam
1290 1801 1492 1856 redigens,
1531 1809 1621 1845 sata

93 1867 169 1907 sibi
192 1867 353 1918 exinde,
379 1883 478 1922 quos
495 1868 600 1909 latos
621 1882 748 1922 panes
768 1871 930 1917 vocant,
965 1867 1187 1921 compegit,
1218 1872 1259 1907 et
1289 1872 1426 1909 coctos
1456 1869 1619 1924 ignibus

92 1933 134 1973 in
155 1932 277 1975 4esus
316 1935 377 1975 sui
414 1935 579 1975 delicias
616 1934 854 1975 reservavit.
926 1931 1180 1988 Hujusmodi
1222 1939 1433 1976 cocturam
1471 1934 1620 1991 5panis

92 2015 164 2054 pro
186 2000 360 2042 molliori
382 2002 472 2042 cibo
493 2001 651 2051 habuit,
676 2015 799 2055 quam
822 2000 1115 2041 delicatissima
1136 2000 1376 2041 deliciarum
1397 1996 1413 2023 ⁶
1429 2003 1619 2057 placenta

90 2067 345 2117 nominavit3
380 2083 469 2122 quae
490 2068 632 2109 farinae
655 2067 788 2109 simila
810 2066 859 2107 de
881 2081 1008 2121 grano
1029 2066 1173 2107 hordei
1202 2067 1266 2108 vel
1297 2082 1436 2109 avenae
1460 2085 1620 2125 semper

91 2134 266 2184 exstitit,
311 2135 407 2189 quia
446 2150 576 2190 grana
615 2134 811 2175 frumenti
854 2134 920 2174 vel
959 2148 1100 2176 corum
1140 2133 1364 2174 medullam
1406 2135 1469 2178 his
1515 2142 1618 2181 tem-

89 2200 256 2254 poribus
278 2217 349 2242 esu
371 2202 584 2243 exhorruit
604 2207 644 2242 et
669 2202 907 2255 contingere
926 2200 1145 2241 recusavit.

150 2268 171 2321 ἓ
196 2269 262 2310 69.
301 2268 437 2310 Panes
464 2284 560 2310 vero
583 2283 682 2322 quos
718 2268 775 2308 sic
809 2267 886 2308 sibi
914 2266 1157 2317 confecerat,
1181 2282 1253 2322 per
1288 2283 1449 2310 menses
1485 2284 1615 2319 senos,

88 2338 238 2385 ternos,
280 2335 345 2376 vel
386 2341 606 2389 quaternos
646 2334 883 2383 obduratos,
928 2334 971 2374 in
1013 2349 1088 2375 sua
1134 2335 1317 2376 conclavi
1360 2336 1613 2389 reponebat3

89 2415 261 2454 quorum
306 2402 477 2443 durities
525 2402 734 2443 exsiccata
782 2400 1098 2441 comminuentis
1138 2401 1204 2442 vel
1243 2402 1478 2443 mandentis
1520 2403 1616 2443 den-

85 2467 197 2509 tibus
230 2469 353 2509 nimis
386 2474 473 2509 erat
509 2469 658 2523 rigenti
692 2467 877 2509 siccitate
907 2467 1085 2521 hispida,
1116 2467 1296 2518 horrida,
1335 2474 1376 2509 et
1414 2469 1615 2524 insapida.

132 2562 142 2582 ¹
170 2561 211 2594 In
229 2562 286 2595 the
305 2562 466 2596 Harleian
485 2563 560 2597 MS.
580 2562 648 2596 this
664 2563 692 2596 is
710 2561 896 2596 numbered
914 2561 1051 2607 chapter
1069 2561 1190 2596 XXX.

132 2609 145 2629 2
165 2608 384 2656 Necessarie]
412 2610 636 2652 Necessariis,
659 2610 704 2642 H.

132 2655 145 2673 ‘³
165 2655 403 2702 Infundendo.]
433 2656 473 2689 In
490 2656 668 2702 profundo,
690 2656 737 2689 H.
1085 2655 1095 2674 ⁴
1112 2655 1225 2701 Esus]
1252 2655 1357 2696 Usus,
1379 2654 1427 2688 H.

127 2702 140 2720 ⁵
158 2701 292 2748 Panis]
322 2702 353 2736 lt
370 2703 398 2736 is
416 2702 577 2736 recorded
594 2703 631 2735 of
644 2703 692 2736 St.
706 2703 910 2741 Germanus,
926 2701 1047 2746 bishop
1066 2701 1103 2734 of
1113 2702 1278 2745 Auxerre,
1294 2701 1367 2734 that
1383 2700 1426 2733 hc
1444 2706 1498 2733 ate
1515 2699 1613 2733 ashes

84 2748 197 2782 before
215 2750 340 2793 tasting
356 2749 477 2791 bread3
503 2749 568 2782 and
586 2749 659 2782 that
676 2749 774 2782 when
800 2748 842 2781 he
867 2748 1008 2793 partook
1034 2748 1071 2780 of
1092 2748 1149 2781 the
1174 2748 1284 2790 latter,
1302 2746 1414 2779 which
1440 2758 1507 2779 was
1534 2758 1614 2791 very

82 2795 224 2838 seldom,
241 2796 267 2828 it
285 2796 454 2829 consisted
472 2796 552 2841 only
570 2796 606 2829 of
619 2796 746 2841 barlcy.
794 2796 884 2828 Acta
901 2795 959 2827 SS.
977 2794 1046 2827 Jul.
1066 2794 1120 2829 vii.
1134 2797 1214 2828 204.

127 2842 140 2861 ⁶
158 2842 348 2888 Placenta]
378 2842 472 2876 Thus
498 2842 679 2887 explained
703 2842 749 2887 by
767 2842 916 2875 Vincent
935 2840 975 2873 de
994 2841 1162 2873 Bcauvais
1180 2853 1186 2874 :
1213 2842 1234 2859 ‘⁴
1250 2840 1422 2873 Placentae
1440 2844 1517 2872 sunt
1537 2850 1613 2883 quae

81 2888 166 2921 fiunt
186 2888 226 2921 de
243 2888 339 2931 farre,
359 2901 440 2933 quas
458 2889 514 2922 alii
534 2889 619 2922 Liba
636 2889 765 2931 dicunt,
783 2900 822 2921 eo
840 2887 930 2933 quod
946 2887 1074 2920 libeant
1092 2893 1124 2920 ct
1142 2886 1334 2932 placeant.''
1359 2885 1492 2931 Specul.
1511 2885 1611 2918 Doct.

82 2935 156 2968 xiii.
176 2935 230 2978 76,
248 2947 280 2979 p.
302 2937 401 2968 1220.
