1839 3186
180 186 262 225 100
698 194 934 227 LIBELLUS
970 193 1035 225 DE
1071 193 1188 225 VITA

180 297 393 338 oculorum
434 297 550 338 radio
597 297 653 338 ad
704 296 901 340 Crucifixi
942 298 1165 353 imaginem
1214 294 1381 346 reflexo,
1433 296 1570 338 subito
1611 294 1717 337 vidit

182 363 405 418 imaginem
436 363 557 405 simul
594 379 689 405 611111
722 365 853 407 Gruce
888 370 1024 406 totam
1059 363 1147 405 fieri
1177 363 1386 414 mobilem,
1419 378 1466 404 ac
1496 366 1614 403 motu
1645 377 1719 402 nu-

181 434 299 470 tante
342 429 490 485 saepius
525 431 733 472 recurvari
769 446 817 472 ac
851 431 1051 481 inclinari,
1090 431 1204 472 velut
1241 428 1423 471 flexuose
1467 428 1717 471 sensibilem.

187 496 268 548 Qui
309 497 465 546 statim,
506 497 697 538 omnibus
734 498 880 539 ceteris
920 497 1262 539 meditationibus
1295 496 1554 545 intromissis,
1598 494 1721 549 coepit

186 560 309 618 hujus
330 562 497 604 visionis
522 563 729 604 dulcedini
764 569 879 605 totus
911 564 1139 614 intendere,
1166 563 1384 618 oculosque
1407 578 1500 604 cum
1529 561 1722 602 manibus

188 628 310 670 simul
340 629 395 669 ad
425 629 511 670 alta
536 629 723 685 dirigere.
796 631 900 672 Post
932 631 1143 671 modicum
1166 644 1276 679 verO,
1301 631 1420 670 ecce!
1456 644 1509 670 ex
1528 644 1596 669 ore
1620 627 1722 669 Oru-

190 694 302 735 6111Χί
325 695 493 749 quidam
525 696 731 738 Puerulus
761 696 911 738 sensim
941 697 1129 737 membra
1160 696 1321 751 singula
1352 695 1597 751 proferendo
1629 709 1721 749 prou·

188 761 391 816 greditur,
409 777 457 802 ac
470 762 696 817 gradiendo
711 763 827 817 quasi
847 762 889 803 in
908 762 1012 804 aeris
1025 761 1162 803 tenuis
1176 760 1405 816 superficie,
1427 762 1481 803 ad
1501 761 1725 815 imaginem

192 827 356 868 Sanctae
392 828 543 869 Mariae
572 828 863 878 deferebatur,
899 844 989 883 quae
1028 829 1192 870 Sanctae
1234 829 1382 870 Mariae
1417 828 1553 883 imago
1587 827 1725 882 lignea

192 894 359 948 quidem
380 894 556 945 exstitit,
591 895 664 936 sed
685 910 709 936 a
727 900 845 950 parte
868 895 1054 937 1Altaris
1075 894 1331 949 Qaquilonali‚
1365 895 1408 935 in
1439 895 1584 936 eadem
1605 893 1723 935 trabe

191 965 333 1000 tamen
355 976 435 1014 qua
473 961 608 1016 ipsum
636 961 892 1003 Orucifixum
925 962 1124 1012 constitit,
1161 962 1284 1017 paulo
1320 962 1481 1017 longius
1516 976 1541 1002 a
1576 960 1724 1001 dextro

193 1026 355 1068 Altaris
389 1027 518 1068 latere
548 1028 715 1070 resedit.
780 1029 870 1081 Quo
905 1028 1005 1069 dum
1037 1029 1242 1070 Puerulus
1276 1028 1457 1079 advenit,
1489 1028 1532 1068 in
1567 1026 1724 1082 gremio

195 1092 382 1148 Virginis
425 1094 665 1148 aliquandiu
705 1095 922 1136 residendo
964 1095 1145 1149 quievit3
1195 1110 1299 1149 quae,
1337 1099 1483 1150 utpote
1511 1094 1653 1136 vivens
1684 1093 1727 1134 in

194 1174 375 1214 corpore,
393 1175 540 1202 manus
562 1162 744 1216 prolatas
764 1167 907 1202 contra
931 1162 1221 1203 advenientem
1240 1161 1457 1203 videbatur
1478 1160 1726 1216 oppandere,

194 1240 242 1267 ac
278 1226 395 1267 illum
426 1227 604 1268 brachiis
635 1228 1139 1283 circumamplectentibus
1162 1228 1283 1270 vultu
1305 1244 1399 1269 cum
1421 1227 1602 1268 hilariori
1625 1227 1726 1268 satis

194 1292 348 1333 blando
380 1293 577 1335 solamine
609 1295 766 1349 gremio
798 1300 919 1336 tenus
950 1295 1179 1337 confovere.
1243 1295 1364 1347 Quod
1396 1310 1469 1350 per
1498 1296 1621 1336 horas
1642 1294 1726 1335 fere

193 1364 277 1400 tres
298 1364 438 1400 actum
461 1365 523 1402 est
542 1378 552 1409 ς
587 1376 635 1402 ac
663 1361 811 1402 deinde
838 1361 950 1403 Puer
970 1362 1037 1403 ille
1060 1362 1205 1403 eodem
1226 1366 1381 1411 tenore,
1406 1376 1485 1416 quo
1509 1362 1622 1417 prius
1652 1360 1725 1401 ad-

194 1431 379 1476 venerat,
402 1426 445 1467 in
466 1442 534 1467 ore
560 1428 751 1483 imaginis
784 1428 981 1470 Orucifixi
1011 1444 1197 1470 reversus
1229 1433 1305 1470 est.
1371 1429 1483 1469 Puer
1504 1428 1642 1478 etiam,
1679 1432 1727 1468 ut

194 1492 280 1547 ipse
321 1493 439 1534 nobis
479 1494 635 1544 retulit,
674 1510 798 1549 quam
831 1495 902 1536 diu
937 1495 980 1536 in
1019 1496 1175 1550 gremio
1213 1494 1399 1549 Virginis
1429 1495 1642 1545 residerat,
1677 1498 1726 1535 ut

194 1558 337 1600 vivens
357 1559 399 1599 in
421 1575 589 1615 corpore
611 1576 653 1602 se
674 1562 953 1603 membrorum
989 1562 1171 1603 motibus
1192 1561 1448 1602 concitanter
1468 1562 1619 1616 agebat
1637 1578 1647 1607 ;
1682 1565 1727 1602 at

195 1626 359 1679 quando
383 1626 495 1667 Puer
527 1627 581 1668 ad
607 1627 743 1669 Sacrae
767 1628 954 1683 Virginis
990 1628 1212 1683 imaginem
1234 1633 1415 1679 venerat,
1447 1628 1531 1670 sive
1563 1627 1727 1682 quando

196 1692 246 1732 de
269 1690 356 1746 ejus
376 1692 532 1747 gremio
554 1694 818 1749 procedebat,
842 1710 916 1736 nec
935 1695 1096 1736 Altaris
1117 1694 1291 1736 limbum
1313 1710 1384 1736 seu
1404 1695 1552 1749 ligneae
1575 1694 1728 1736 3trabis

194 1758 483 1800 fulcimentum
520 1760 653 1815 petiit,
694 1761 766 1802 sed
796 1761 933 1816 potius
961 1761 1076 1816 quasi
1112 1761 1282 1817 remigio
1314 1767 1355 1803 et
1387 1762 1500 1802 nullo
1532 1761 1728 1802 calcantis

195 1825 382 1880 vestigio,
415 1841 486 1881 per
518 1827 624 1868 aeris
654 1828 834 1883 spatium
856 1828 976 1869 inane
996 1828 1209 1883 processit.
1272 1828 1345 1869 Ad
1366 1826 1481 1883 cujus
1502 1828 1729 1869 adventum

196 1891 318 1933 simul
360 1897 401 1933 et
441 1893 621 1934 reditum
663 1899 754 1935 tota
793 1894 929 1936 Sacrae
964 1895 1151 1950 Virginis
1192 1895 1328 1949 imago
1367 1895 1428 1936 ita
1463 1894 1725 1945 contremuit,

198 1958 307 2012 quod
329 1959 390 2000 vir
414 1959 491 2000 iste
513 1959 729 2002 4Israelita
754 1961 804 2001 de
826 1962 944 2002 trabe
966 1961 1007 2002 in
1030 1977 1111 2015 qua
1141 1961 1340 2010 substitit,
1375 1976 1466 2002 eam
1495 1962 1538 2002 in
1573 1966 1728 2002 terram

195 2024 416 2066 labendam
449 2025 533 2067 sive
566 2027 858 2080 prosiliendam
886 2028 1074 2068 credidit.
1147 2028 1307 2082 Nempe
1339 2027 1396 2068 sic
1426 2028 1498 2077 ait,
1534 2031 1558 2049 ⁶⁶
1582 2027 1729 2068 Tantae

196 2091 380 2132 levitatis
405 2092 592 2146 agilitate
616 2108 663 2133 ac
693 2099 887 2148 prompta
910 2094 1105 2135 movendi
1132 2094 1331 2135 facilitate
1368 2109 1410 2135 se
1449 2093 1613 2135 Sanctae
1631 2093 1730 2135 Vir-

197 2157 304 2212 ginis
327 2157 475 2198 Mariae
509 2157 646 2213 imago
686 2159 955 2209 circumtulit,
995 2175 1044 2202 ae
1078 2160 1268 2216 plicando
1304 2161 1369 2201 vel
1405 2160 1641 2201 reclinando
1667 2159 1728 2200 in-

197 2222 328 2274 flexit,
372 2224 482 2278 quod
520 2224 738 2279 imperitiae
778 2242 882 2268 meae
920 2227 1086 2269 miseria
1122 2232 1237 2268 artus
1278 2226 1387 2268 illius
1427 2242 1569 2268 omnes
1609 2226 1727 2268 vitali

197 2290 345 2344 spiritu
366 2291 552 2345 perfusos
581 2291 704 2333 fuisse
736 2293 969 2335 crediderit.
1033 2294 1145 2334 Puer
1181 2293 1307 2334 etiam
1329 2293 1416 2348 ipse
1438 2293 1507 2347 qui
1534 2292 1636 2334 mihi
1672 2293 1730 2334 sic

196 2357 442 2411 comparuit,
465 2358 602 2399 nullus
622 2373 695 2413 pro
717 2365 829 2401 certo
862 2360 967 2401 alius
998 2375 1122 2415 quam
1153 2360 1184 2401 J
1188 2375 1280 2402 esus
1311 2360 1562 2411 Nazarenus,
1597 2359 1730 2401 Filius

243 2476 254 2497 ¹
273 2475 433 2523 Altaris]
463 2477 496 2510 It
520 2488 659 2523 appears
684 2478 771 2512 from
796 2479 865 2513 this
891 2479 957 2512 and
983 2479 1079 2512 other
1103 2490 1273 2524 passageS,
1293 2476 1334 2524 ἕξ
1355 2481 1434 2522 145,
1454 2480 1533 2522 147,
1552 2482 1630 2524 259,
1651 2479 1726 2514 that

199 2523 257 2557 the
277 2523 429 2556 Crucifix
447 2535 515 2557 was
532 2523 651 2569 placed
670 2537 712 2558 011
730 2525 788 2559 1116
808 2525 1026 2569 Tabernacle,
1045 2525 1111 2558 and
1128 2531 1186 2558 not
1204 2526 1239 2558 in
1256 2525 1313 2558 the
1331 2526 1520 2559 Rood-loft.

244 2587 257 2605 ²
273 2586 500 2632 Aquilonali]
530 2586 614 2619 This
638 2599 791 2633 passage,
816 2588 919 2621 taken
944 2588 978 2621 in
1004 2587 1195 2621 connexion
1213 2587 1295 2620 with
1321 2588 1517 2632 Reginald’s
1535 2593 1679 2621 account
1697 2588 1735 2621 of

196 2633 255 2666 the
271 2633 428 2667 miracles
446 2633 484 2666 of
497 2633 548 2666 St.
563 2633 738 2677 Cuthbert,
757 2646 789 2679 p.
809 2637 864 2678 81,
883 2646 992 2668 seems
1010 2639 1044 2667 to
1062 2634 1209 2667 indicate
1223 2633 1296 2667 that
1308 2634 1406 2667 when
1419 2640 1485 2668 two
1502 2634 1630 2679 images
1644 2645 1731 2668 were

197 2679 317 2724 placed
334 2691 377 2713 on
394 2679 452 2713 the
472 2679 691 2724 Tabernacle,
709 2680 766 2714 the
786 2680 938 2714 Crucifix
956 2692 1024 2714 was
1041 2680 1186 2714 towards
1204 2679 1261 2713 the
1278 2680 1390 2715 south.

245 2743 258 2764 ³
283 2741 427 2787 Trabis]
457 2741 587 2785 Crucis,
609 2741 657 2775 H.

243 2806 255 2824 ⁴
275 2804 460 2852 Israelita]
490 2804 529 2838 In
555 2804 726 2838 reference
744 2810 778 2838 to
792 2805 841 2839 St.
862 2805 964 2849 John,
984 2805 1006 2840 i.
1025 2806 1070 2841 47
1086 2818 1094 2847 ;
1121 2806 1142 2824 “
1158 2805 1290 2839 Behold
1308 2817 1350 2839 an
1370 2805 1523 2840 Israelite
1542 2805 1676 2849 indeed,
1694 2805 1729 2838 in

196 2851 307 2885 whom
325 2851 419 2884 there
438 2851 466 2885 is
482 2863 526 2884 no
542 2850 672 2896 guile.”
