1839 3186
174 129 225 174 47
231 133 255 172 2
690 144 922 177 LIBELLus
958 145 1023 176 DE
1060 145 1176 177 VITA

172 247 333 287 studuit
364 263 488 301 quam
523 248 751 291 literalibus
784 249 930 291 studiis
964 249 1115 304 ingenii
1152 248 1213 290 sui
1250 247 1448 289 exercitia
1483 247 1698 301 impendit.

174 312 258 353 Hic
282 312 408 354 filiam
435 314 663 356 ¹Willelmi
697 316 928 372 presbyteri
954 316 1005 356 de
1028 315 1278 356 Fisseburne
1307 314 1469 356 uxorali
1501 313 1700 354 confoede—

172 378 331 420 ratione
368 380 528 432 dilexit,
555 386 596 422 et
628 382 782 424 usualis
820 382 1006 423 exercitii
1041 382 1117 423 sibi
1153 381 1299 436 copula
1329 379 1571 436 conjunxit3
1606 384 1699 434 post

170 445 472 499 aliquantulum
497 463 593 489 vero
623 448 832 503 temporis,
858 454 961 503 typo
997 448 1219 498 Samsonis,
1242 448 1365 488 aliam
1389 461 1529 488 rursus
1549 445 1698 486 2Dadi-

168 511 251 552 lam
275 512 435 563 dilexit,
460 519 501 555 et
523 515 712 556 secundae
734 515 951 569 amplexus
973 515 1118 569 prioris
1139 515 1276 569 potius
1297 513 1572 569 praeeligendo
1595 527 1699 567 prae-

168 578 320 632 posuit.
389 579 472 620 Sed
511 581 606 634 quia
641 581 797 622 diurnae
827 580 1084 622 assiduitatis
1120 581 1252 622 otium
1294 579 1537 634 quandoque
1570 579 1698 619 etiam

168 644 277 686 inter
314 646 557 688 adamantes
597 662 740 702 parere
777 647 989 689 consuevit
1031 652 1072 688 et
1112 647 1296 695 taedium,
1334 646 1480 701 prioris
1521 644 1695 698 denique

167 725 349 752 amorem
388 714 577 754 secundae
617 713 804 768 praetulit
846 718 887 754 et
929 729 1019 754 eam
1057 713 1343 754 vehementius
1379 711 1498 753 solito
1536 711 1694 752 dilexit.

168 777 293 818 Unde
321 793 395 832 pro
418 780 480 820 sui
515 784 758 834 contemptu
787 785 828 820 et
850 780 1020 821 alterius
1040 780 1236 835 amplexu
1260 779 1340 820 ista
1360 778 1510 819 invidae
1532 777 1697 818 aemula-

166 844 289 885 tionis
311 845 452 885 aculeo
474 846 724 897 stimulatur,
746 851 787 887 et
811 846 948 888 dolore
973 847 1111 888 saucia
1134 846 1282 887 dolosae
1303 844 1576 899 malignitatis
1599 844 1694 884 insi-

168 909 256 951 dias
277 910 320 951 in
341 910 480 952 3corde
503 913 688 954 clanculo
710 913 986 954 machinatur.
1061 913 1249 953 Tandem
1271 911 1367 966 quia
1396 911 1589 964 nequitiae
1612 925 1693 951 suae

164 975 348 1019 fallacias
378 978 498 1019 aliter
524 979 740 1034 propalare
775 995 856 1020 11011
886 980 1037 1034 potuit,
1060 994 1113 1020 ex
1134 979 1272 1020 dolore
1295 993 1416 1032 quem
1450 981 1694 1031 conceperat

163 1041 411 1098 injustitiam
433 1047 637 1099 parturire
656 1047 930 1101 properabat;
966 1051 1007 1087 et
1030 1046 1174 1088 veneni
1208 1045 1353 1100 poculo
1385 1044 1583 1092 confecto,
1607 1043 1694 1083 cui-

164 1109 260 1150 dam
289 1111 450 1152 feminae
482 1112 602 1154 alteri
635 1113 893 1168 paupertatis
923 1113 1062 1154 inedia
1091 1112 1273 1154 ostiatim
1301 1110 1567 1159 mendicanti,
1590 1109 1693 1150 illud

163 1176 282 1217 alteri
318 1179 514 1220 secretius
554 1179 848 1234 porrigendum
889 1179 1144 1227 tradiderat3
1181 1178 1253 1220 sed
1286 1178 1382 1232 quia
1422 1178 1490 1231 qui
1526 1176 1691 1217 simula—

164 1243 287 1285 tionis
309 1245 473 1286 astutiae
497 1246 689 1287 innititur
709 1246 852 1288 laevius
872 1246 1123 1288 blandiendo
1146 1245 1287 1286 fallere
1309 1259 1426 1299 posse
1449 1243 1692 1292 dinoscitur,

163 1311 425 1365 pauperrimo
446 1311 594 1353 induta
623 1313 770 1354 habitu
802 1318 843 1353 et
868 1313 984 1367 quasi
1011 1312 1323 1367 sublanguentis
1352 1311 1513 1352 incessu
1538 1309 1691 1350 ostium

162 1377 346 1418 mulieris
381 1377 610 1432 praedictae,
635 1379 779 1420 Botild
802 1384 963 1429 vocata,
993 1379 1131 1430 subiit,
1161 1393 1209 1419 ac
1241 1378 1375 1419 raucis
1396 1376 1566 1418 vocibus
1596 1390 1690 1416 cum

163 1444 389 1497 querulosis
424 1445 672 1499 singultibus
706 1447 975 1502 eleemosynae
1009 1445 1248 1487 alimonium
1286 1443 1537 1499 postulavit,
1573 1441 1690 1498 cujus

161 1510 474 1553 materfamilias
495 1512 665 1553 miserta
690 1512 877 1562 miseriae,
901 1527 953 1553 ex
975 1511 1269 1566 compassionis
1290 1511 1426 1551 animo
1448 1509 1570 1564 coepit
1596 1523 1689 1550 con-

161 1577 369 1630 querentis
404 1579 616 1633 augustias
657 1579 841 1620 delinire.
927 1579 1049 1631 Quod
1090 1577 1325 1619 simulatrix
1361 1576 1431 1617 illa
1465 1576 1610 1618 videns
1646 1580 1688 1616 et

161 1657 243 1684 suae
274 1644 467 1698 nequitiae
500 1645 698 1687 astutiam
731 1645 789 1686 illi
825 1645 867 1686 111
902 1644 1014 1686 1111110
1052 1649 1285 1699 suspectam
1323 1642 1568 1697 intelligens,
1594 1656 1686 1697 pro-

161 1709 286 1751 ducto
309 1725 405 1752 vase
432 1711 475 1752 in
496 1727 575 1766 quo
596 1712 774 1753 lethiferi
796 1717 919 1766 potus
941 1716 1099 1766 pestem
1121 1709 1421 1760 recondiderat,
1438 1709 1551 1763 quasi
1574 1708 1686 1750 sitim

160 1780 443 1831 temperatura
474 1778 621 1833 saepius
652 1779 712 1820 ori
741 1779 992 1820 admovebat
1014 1784 1055 1819 et
1077 1777 1312 1825 amovebat,
1335 1791 1411 1816 nec
1440 1781 1582 1816 tamen
1612 1774 1685 1815 ali-

161 1843 259 1896 quid
281 1843 430 1884 exinde
451 1845 658 1899 gustando
680 1844 976 1900 transglutivit,
1000 1844 1071 1885 sed
1096 1844 1234 1899 potius
1254 1841 1425 1897 hujusce
1447 1841 1686 1883 calliditatis

160 1908 349 1964 decipula
383 1912 740 1953 matremfamilias
771 1912 1066 1953 circumvenire
1098 1910 1261 1964 sategit,
1293 1909 1398 1950 sicut
1431 1916 1472 1949 et
1504 1913 1685 1963 postmo-

158 1975 258 2016 dum
291 1976 402 2017 fecit.
464 1977 627 2018 Deinde
658 1978 859 2033 paulatim
892 1978 928 2018 ei
959 1992 1177 2032 suggerere
1209 1975 1343 2030 coepit,
1370 1975 1481 2029 quod
1517 1974 1566 2015 de
1596 1979 1684 2015 tam

159 2041 268 2083 dulci
299 2048 400 2097 potu
436 2058 509 2084 suo
543 2059 681 2085 secum
715 2045 875 2086 modice
910 2048 1099 2098 gustaret
1130 2048 1178 2083 ut
1209 2041 1419 2097 pernimiae
1456 2040 1684 2082 dulcedinis

155 2108 324 2161 liquoris
345 2109 473 2163 ipsius
493 2110 611 2151 testis
633 2111 669 2151 ei
694 2110 861 2152 indubie
884 2110 1072 2151 assistere
1097 2108 1321 2164 potuisset3
1350 2107 1422 2149 sed
1447 2107 1527 2156 hoc
1548 2106 1682 2148 facere

155 2174 467 2216 materfamilias
503 2176 659 2217 diutius
690 2177 864 2226 distulit,
898 2177 993 2230 quia
1031 2180 1118 2217 tam
1149 2175 1249 2216 cibis
1285 2189 1407 2229 quam
1443 2173 1611 2228 potibus
1639 2173 1682 2214 in

155 2240 278 2280 domo
300 2255 374 2281 sua
394 2241 558 2291 habitis,
584 2243 701 2284 bonis
731 2243 922 2284 omnibus
948 2243 1049 2283 satis
1078 2240 1294 2283 affluenter
1315 2240 1557 2281 abundavit.
1617 2239 1680 2280 At

154 2311 295 2347 tamen
329 2307 469 2348 labore
505 2308 692 2363 improbo
727 2309 943 2350 renitentis
977 2308 1160 2350 animum
1200 2307 1364 2357 devicit,
1398 2311 1439 2347 et
1471 2306 1679 2361 captivam

155 2388 245 2413 eam
267 2373 644 2415 blandimentorum
667 2375 882 2416 dulcedine
905 2375 1041 2416 duxit.
1104 2374 1230 2414 Unde
1251 2373 1445 2414 hauriens
1465 2373 1535 2413 illa
1556 2372 1678 2427 pesti-

154 2439 229 2479 feri
250 2444 373 2494 potus
393 2439 606 2494 liquorem,
629 2441 881 2495 nimiamque
907 2441 1015 2482 illius
1045 2456 1127 2481 non
1152 2440 1252 2481 satis
1273 2439 1517 2479 admirantis
1541 2438 1679 2479 dulce*

156 2505 307 2555 dinem,
331 2506 465 2561 primo
487 2507 643 2562 scypho
675 2507 801 2548 etiam
828 2508 1055 2549 secundum
1085 2506 1292 2561 apposuit⁷
1317 2511 1358 2546 et
1379 2505 1422 2545 id
1444 2509 1580 2545 totum
1602 2504 1678 2546 sibi

200 2621 208 2639 ¹
242 2617 399 2652 Willelmi
409 2618 594 2663 presbyteri
610 2619 648 2651 de
669 2617 892 2662 Fisseburne]
917 2617 1020 2659 Here,
1038 2616 1157 2649 within
1183 2628 1203 2649 a
1227 2616 1291 2648 few
1307 2614 1393 2647 lines
1411 2614 1449 2647 of
1469 2613 1551 2647 each
1571 2613 1677 2656 other,

151 2675 201 2696 we
218 2663 303 2697 have
320 2665 489 2698 instances
508 2664 546 2696 of
566 2670 632 2697 two
657 2664 802 2697 married
828 2663 958 2697 clcrics.
1009 2663 1119 2696 There
1137 2662 1165 2695 is
1183 2674 1226 2695 no
1243 2668 1334 2694 trace
1352 2661 1390 2693 of
1411 2672 1477 2705 any
1495 2659 1621 2693 church
1640 2671 1675 2692 01

151 2710 270 2755 chapcl
288 2716 321 2743 at
340 2710 511 2744 Fishburn
528 2710 561 2742 iu
581 2710 690 2743 which
709 2710 776 2743 this
793 2709 981 2743 individual
999 2709 1098 2742 could
1116 2709 1199 2741 have
1218 2708 1304 2741 done
1323 2707 1417 2751 duty.

198 2757 210 2774 ⁹
230 2756 419 2803 Dadilam]
448 2756 538 2790 Such
557 2757 585 2790 is
604 2757 660 2789 the
678 2757 817 2801 reading
834 2756 872 2789 of
886 2756 942 2789 the
962 2755 1128 2788 Bodleian
1147 2754 1367 2798 manuscript.

198 2802 210 2820 ³
229 2802 273 2836 In
298 2804 392 2837 corde
418 2803 593 2848 clancula]
631 2803 704 2836 The
733 2803 897 2837 Bodleian
925 2801 1133 2846 manuscript
1160 2800 1269 2842 reads,
1288 2799 1352 2832 “in
1383 2798 1482 2832 eorde
1510 2805 1542 2832 et
1572 2797 1672 2832 corde

149 2848 340 2892 clanculo,''
358 2861 399 2883 an
418 2849 557 2884 obvious
576 2861 665 2883 crror
682 2850 720 2883 of
734 2849 790 2883 the
808 2849 951 2895 copyist.
