1839 3186
532 201 589 231 ET
625 198 887 231 MIRAOULIS
924 200 959 231 0.
986 198 1200 230 00011101.
1556 189 1637 229 295

106 306 185 356 illc,
223 309 247 327 “
267 304 374 357 Quia
403 309 574 358 uterquc
606 318 746 344 eorum
768 303 809 344 in
833 302 957 358 hujus
989 302 1116 357 apicis
1142 302 1345 357 dignitate
1384 303 1425 343 in
1447 302 1638 343 donando

104 372 168 412 vel
197 371 455 427 suscipiendo
495 371 685 411 oberrare
722 370 762 411 in
799 368 895 410 fidei
935 369 1109 410 veritate
1146 384 1227 409 non
1263 369 1437 417 timuit3
1486 369 1638 409 idcirco

104 438 308 480 Dominus
337 443 557 491 utrumque
588 437 741 492 proprii
775 434 936 491 fiagello
973 435 1112 477 delicti
1148 435 1349 490 castigare
1382 435 1557 484 curavit;
1594 440 1639 476 at

102 510 243 546 tamen
279 509 414 560 potest
446 504 617 545 Domini
652 503 871 544 clementia
892 503 942 544 (10
963 502 1072 543 malo
1103 502 1317 543 hominum
1348 502 1458 543 bona
1489 502 1636 552 facere,

104 577 144 613 et
167 573 277 613 mala
296 571 499 627 principia
518 571 626 612 bono
648 569 728 611 fine
747 569 1031 611 concludere.”
1077 569 1194 609 Tune
1214 573 1426 624 resumpta
1445 568 1638 623 loquendi

105 637 256 679 fiducia
291 638 463 693 exposui
500 638 537 679 ei
575 637 774 678 audacter
806 636 981 691 singula,
1027 635 1274 686 “Domana''
1304 635 1505 690 inquiens,
1545 639 1570 657 ‘⁶
1586 650 1637 676 011

102 705 263 760 legatus
285 704 425 745 domni
445 703 753 746 Oantuariensis
773 703 925 745 exsulis
938 718 1025 759 prae
1046 702 1201 744 foribus
1222 707 1299 751 est,
1317 707 1358 743 et
1374 717 1440 743 me
1461 701 1639 756 plurima

105 771 381 813 obtestatione
423 786 516 812 cum
557 770 806 812 auctoritate
846 768 1030 825 ejusdem
1071 769 1371 824 archipraesulis
1408 767 1640 824 adjurando

104 838 291 893 obligans
311 838 413 879 talia
432 838 594 879 locutus
615 842 677 879 est
696 855 707 885 ς
744 841 754 859 ‘
769 835 1041 878 Secretiorem
1061 836 1123 878 sui
1147 835 1344 876 nuncium
1364 851 1454 877 mec
1476 835 1638 876 lanculo

105 905 186 946 huc
218 904 382 956 direxit,
421 903 537 960 cujus
575 904 792 958 legationis
827 908 1031 945 secretum
1065 917 1207 945 omnes
1251 917 1354 957 pene
1390 902 1637 944 domesticos

104 986 198 1013 suos
233 972 360 1013 latere
395 971 551 1020 voluit;
587 971 683 1025 quia
717 971 750 1012 si
774 985 799 1012 a
821 970 1028 1025 regalibus
1059 969 1213 1024 percipi
1248 970 1488 1024 potuissem,
1518 984 1638 1024 poena

103 1038 278 1089 vindice,
320 1038 451 1079 vitam
489 1053 583 1079 cum
618 1037 753 1092 capite
787 1037 1011 1078 amissurus
1045 1036 1224 1078 fuissem.
1289 1035 1415 1077 Unde
1439 1036 1638 1090 praecepit

104 1104 280 1147 domnus
312 1104 633 1154 Cantuariensis,
668 1109 717 1145 ut
752 1118 1035 1158 quemcunque
1068 1098 1304 1144 ministrum
1341 1103 1638 1144 monachorum

105 1171 450 1213 Dunelmensium
482 1172 592 1212 circa
617 1171 727 1212 hunc
752 1170 833 1212 Dei
869 1185 1034 1211 servum
1072 1169 1331 1219 invenissem,
1355 1170 1392 1210 ei
1413 1169 1501 1210 haec
1535 1184 1637 1224 pree-

104 1244 226 1293 cepta
256 1237 343 1294 ejus
364 1253 416 1280 ex
444 1238 552 1280 illius
584 1238 826 1279 authentica
856 1241 1065 1292 potestate
1087 1241 1245 1278 secreta
1282 1235 1357 1277 sub
1386 1236 1637 1277 confessione

101 1304 371 1361 injungerem.
434 1306 570 1358 Quare
605 1305 682 1346 tibi
715 1305 804 1345 vice
845 1302 945 1359 ejus,
983 1301 1098 1359 cujus
1133 1302 1281 1358 fungor
1318 1303 1480 1354 nuncio,
1519 1303 1636 1344 acin

104 1373 270 1414 nomine
305 1372 469 1414 Sanctae
506 1372 723 1414 Trinitatis
756 1371 970 1422 denuncio,
1006 1369 1201 1424 quatinus
1221 1369 1357 1411 virum
1378 1369 1458 1411 Dei
1479 1375 1637 1411 secrete

105 1440 337 1490 convenias,
361 1445 402 1481 01
424 1437 511 1495 ejus
531 1439 730 1480 mandato
752 1438 810 1480 illi
831 1438 933 1479 talia
955 1438 1080 1479 dicas.
1142 1436 1285 1478 Tertio
1308 1436 1460 1478 domno
1481 1436 1637 1478 archie-

102 1506 269 1561 piscopo
311 1506 498 1561 quaedam
537 1505 667 1547 futuri
707 1505 905 1560 temporis
941 1508 1100 1546 secreta
1135 1503 1358 1554 mandasti,
1403 1503 1446 1544 in
1489 1504 1637 1558 quibus

101 1573 273 1629 singulis
296 1578 339 1614 te
360 1579 499 1615 vatem
523 1572 750 1615 veridicum
773 1571 815 1613 in
836 1571 984 1627 spiritu
1020 1570 1189 1612 Domini
1220 1570 1305 1611 fore
1328 1570 1634 1625 comprobasti3

100 1655 199 1681 nam
235 1640 285 1681 de
320 1641 443 1682 rebus
479 1640 630 1681 futuris
668 1640 705 1680 ei
743 1639 914 1694 singulis
946 1653 1029 1679 non
1064 1637 1169 1679 alius
1214 1636 1306 1679 finis
1339 1637 1405 1679 vel
1448 1652 1564 1679 secus
1599 1637 1647 1678 ei:

103 1707 291 1762 contigit,
324 1722 447 1761 quam
478 1707 583 1748 sicut
613 1721 798 1761 praesaga
828 1706 890 1746 tui
920 1705 1062 1760 lingua
1091 1704 1400 1759 pronunciando
1427 1704 1634 1758 praedixit.

104 1773 226 1814 Nunc
259 1773 386 1828 igitur
406 1773 502 1828 quia
524 1789 662 1815 rerum
682 1773 975 1828 praedictarum
1004 1771 1205 1812 exhibitio
1228 1771 1461 1812 futurarum
1483 1769 1638 1811 firmior

105 1844 166 1881 est
204 1840 421 1891 certitudo,
446 1840 496 1881 de
519 1840 666 1894 quibus
689 1839 857 1880 incertis
877 1838 1013 1879 adhuc
1047 1838 1106 1878 illi
1141 1836 1335 1878 11111301001
1367 1836 1639 1878 dubitationis

101 1906 289 1955 ambitio,
306 1922 373 1948 me
386 1907 440 1948 ad
454 1906 569 1948 illum
587 1906 765 1961 dirigens
779 1903 866 1961 ejus
881 1903 1098 1946 certificari
1112 1904 1225 1959 cupit
1239 1904 1412 1958 eloquio.
1446 1903 1461 1925 2
1476 1903 1637 1958 Nempe

100 1973 143 2014 in
162 1974 326 2014 nomine
363 1973 527 2014 Sanctae
565 1973 783 2014 Trinitatis
814 1970 981 2027 adjurat
1003 1986 1088 2021 vos,
1111 1976 1157 2011 ut
1180 1971 1255 2011 sub
1278 1969 1364 2026 ejus
1396 1970 1561 2012 nomine
1583 1970 1636 2011 ab

103 2040 172 2081 1110
194 2040 440 2095 perquiratis
473 2040 670 2094 quamdiu
702 2040 790 2080 11000
826 2037 1023 2080 dissensio
1049 2037 1227 2088 durabit,
1268 2041 1309 2078 et
1341 2037 1505 2091 quando
1541 2052 1636 2077 cum

107 2121 203 2162 rege
240 2106 577 2148 confoederandus
614 2106 707 2156 erit,
745 2110 786 2147 et
815 2106 848 2148 si
880 2119 1062 2160 unquam
1094 2104 1137 2145 in
1161 2103 1361 2159 Angliam
1393 2108 1637 2154 revertetur,

101 2173 166 2214 vel
189 2189 310 2228 quem
343 2179 550 2228 postremo
582 2173 705 2215 finem
741 2173 961 2221 sortietur3
997 2171 1092 2226 quia
1112 2185 1185 2226 pro
1206 2170 1270 2212 his
1290 2171 1480 2212 omnibus
1509 2170 1636 2225 pluri-

103 2254 218 2280 mum
240 2240 499 2281 sollicitatur.
561 2240 670 2281 Nam
703 2244 744 2281 et
765 2239 881 2295 gravi
912 2253 1020 2280 nunc
1041 2238 1163 2279 nimis
1199 2237 1408 2279 desolatur
1442 2237 1636 2292 angustia

103 2306 213 2360 quod
246 2314 334 2347 tam
367 2306 572 2348 diuturnae
595 2306 896 2348 colluctationis
932 2304 1019 2361 ejus
1056 2308 1176 2345 tanta
1200 2319 1283 2344 non
1318 2304 1489 2345 sortitur
1510 2302 1634 2345 finem

101 2373 280 2415 miseria.
342 2372 401 2414 Et
421 2373 514 2414 ideo
536 2389 608 2415 vos
631 2378 823 2428 precatur
843 2378 890 2414 ut
917 2377 1091 2427 patrem,
1116 2375 1157 2412 ct
1179 2369 1343 2426 adjurat
1365 2376 1411 2412 ut
1434 2370 1635 2411 commili-

103 2444 256 2490 tonem,
279 2440 513 2481 sciscitatur
531 2445 579 2481 ut
601 2441 818 2481 emeritum
839 2439 881 2480 in
904 2438 1084 2480 Domino
1106 2452 1258 2488 senem,
1285 2437 1479 2491 quatinus
1500 2441 1631 2478 tantae

102 2506 352 2548 calamitatis
372 2506 431 2547 illi
469 2522 541 2562 per
562 2522 628 2548 me
664 2506 865 2548 intimetis
886 2504 1035 2553 finem;
1070 2505 1135 2546 vel
1166 2504 1329 2558 quando
1357 2504 1441 2546 sive
1472 2503 1634 2558 qualem

101 2571 318 2614 habiturus
338 2572 392 2615 sit
413 2588 507 2615 cum
528 2589 623 2629 rege
646 2573 757 2628 pacis
779 2571 1180 2614 confoederationem.
1243 2570 1490 2612 Intimatum
1513 2569 1635 2624 siqui-

103 2638 197 2679 dem
220 2644 281 2681 est
303 2640 470 2683 auribus
498 2638 585 2696 ejus
606 2655 677 2682 vos
700 2640 750 2681 de
784 2655 831 2681 00
862 2638 1112 2694 praedixisse,
1137 2643 1179 2678 et
1204 2637 1424 2691 aliquando
1448 2636 1575 2678 etiam
1596 2636 1633 2677 ei

103 2705 348 2759 quibusdam
395 2706 522 2762 signis
563 2706 843 2758 denunciasse,
890 2705 999 2761 quod
1053 2704 1160 2746 infra
1199 2703 1458 2759 septennium
1509 2701 1633 2744 finem

151 2822 161 2841 ¹
183 2821 358 2868 Interest]
388 2822 493 2866 Inest,
516 2822 562 2857 H.

108 2913 113 2919 ι
148 2867 161 2888 ‘²¹
181 2867 335 2948 Nefmpeg
352 2868 440 2948 *ThIci
448 2881 588 2914 passage
608 2868 718 2903 which
737 2869 815 2902 here
834 2879 1060 2910 commences,
1078 2867 1144 2901 and
1162 2866 1244 2900 ends
1263 2866 1344 2900 with
1362 2867 1383 2884 ‘⁶
1397 2865 1634 2911 sollicitam-,⁹³

66 2927 70 2932 ·
105 2925 133 2946 10
151 2920 209 2947 not
242 2926 308 2947 oun
350 2927 384 2948 ln
445 2943 451 2949 .
