1839 3186
181 174 263 220 170
706 186 943 220 LIBELLUS
975 188 1038 219 DE
1070 188 1186 220 VITA

176 295 384 346 percepto,
424 290 584 332 exitum
618 290 886 346 depositionis
907 306 990 333 suae
1018 291 1294 334 ecclesiastico
1329 287 1586 335 sacramento
1617 309 1705 335 mu-

175 357 294 407 nivit,
317 355 516 412 quiajam
537 357 674 399 obitus
695 357 758 399 sui
783 358 892 399 diem
913 358 990 400 sibi
1005 358 1219 400 imminere
1248 359 1462 414 persensit,
1510 360 1706 402 Meminit

176 423 342 478 quidem
373 423 483 478 quod
521 438 616 465 cum
646 424 759 480 apud
795 424 930 466 virum
968 423 1050 467 Dei
1085 425 1243 476 fuisset,
1268 426 1406 479 aliqua
1440 426 1622 468 audisset
1655 426 1706 467 de

175 490 323 544 quibus
355 505 521 545 prorsus
543 489 734 532 haesitare
758 506 840 532 non
861 495 1011 546 posset.
1080 490 1258 533 Dixerat
1289 507 1436 547 nempe
1468 492 1504 533 ei
1540 493 1705 546 quando

175 557 228 598 ab
250 557 426 599 invicem
455 557 689 607 discessere,
716 562 758 598 et
783 572 876 598 cum
904 557 1085 599 lacrimis
1119 557 1275 600 obortis
1302 558 1316 579 ¹
1333 558 1707 614 coeperepbtestari

174 623 232 665 sic
263 628 304 665 et
335 623 566 678 implorare,
601 628 626 645 ‘⁶
651 623 845 673 Obsecro,
875 623 933 664 mi
955 624 1118 674 domne,
1151 629 1192 665 et
1223 629 1342 679 pater
1375 625 1611 676 reverende,
1643 625 1707 666 tui

174 690 323 731 amodo
345 689 527 731 conservi
555 689 804 739 memineris,
837 689 933 744 quia
959 689 1066 731 forte
1097 690 1270 732 ulterius
1298 705 1365 731 me
1383 691 1426 732 in
1446 689 1569 746 hujus
1598 706 1706 732 mor-

174 756 351 798 talitatis
365 755 624 811 corruptione
644 771 726 797 non
747 755 947 798 videbis.”
984 756 1169 809 Quorum
1185 757 1404 798 verborum
1425 762 1522 798 ante
1544 757 1705 799 exitum

173 838 293 865 suum
315 822 503 864 meminit
522 839 533 871 3
572 828 614 863 et
639 822 803 863 cuidam
817 822 1031 873 monacho,
1049 822 1190 878 nepoti
1211 838 1283 864 suo
1303 838 1440 864 coram
1462 838 1504 865 se
1528 822 1704 866 ²astanti

174 889 294 939 dixit,
334 894 359 911 “
385 888 480 929 Scio
519 888 685 943 quidem
723 889 819 943 quia
849 889 974 930 morti
1014 889 1261 930 transitoriae
1294 905 1361 930 me
1386 889 1591 931 Dominus
1620 895 1705 931 tra-

176 956 337 997 diturus
363 960 438 1006 est,
471 955 567 1009 quia
596 954 699 996 talia
730 955 780 996 de
811 970 877 996 me
899 970 1036 997 coram
1068 971 1135 997 me
1166 971 1307 998 servus
1337 956 1405 997 ille
1428 956 1509 998 Dei
1541 956 1705 998 locutus

175 1022 279 1064 est?7
328 1022 481 1063 Mortis
502 1021 652 1063 exinde
674 1021 907 1077 depositum
928 1022 1057 1064 abbas
1077 1022 1144 1063 ille
1166 1022 1304 1072 subiit,
1323 1023 1396 1064 sed
1417 1028 1583 1063 aeternae
1604 1022 1704 1064 vitae

174 1088 432 1130 dulcedinem
448 1103 521 1143 pro
541 1088 686 1130 mortis
701 1088 947 1129 transitoriae
964 1088 1286 1130 commutatione
1312 1088 1589 1144 comparando
1613 1105 1703 1144 per-

174 1155 361 1209 quisivit3
378 1170 475 1196 nam
489 1154 1007 1196 duabus³hebdomadibus
1016 1155 1221 1197 continuis
1236 1154 1477 1197 infirmitate
1494 1155 1701 1205 decoctus,

172 1222 389 1277 ingruente
419 1221 500 1262 diei
532 1220 730 1262 4Sabbati
751 1222 884 1263 noctis
916 1222 1166 1276 crepusculo,
1201 1222 1369 1277 spiritus
1399 1221 1562 1263 abbatis
1595 1222 1705 1264 illius

173 1304 295 1330 carne
329 1288 486 1330 solutus
517 1293 592 1337 est,
616 1292 656 1329 et
681 1287 861 1329 coelestia
890 1292 1047 1343 petens,
1086 1288 1225 1329 anima
1256 1288 1311 1329 ad
1332 1288 1444 1329 Eum
1474 1287 1555 1341 Qui
1590 1288 1704 1329 illam

173 1355 331 1410 corpori
356 1370 428 1396 suo
460 1354 749 1409 inspiraverat,
779 1369 963 1410 regressa
987 1359 1062 1396 est.
1125 1354 1311 1409 Eratque
1331 1354 1418 1396 dies
1438 1354 1505 1395 ille
1529 1354 1703 1396 Sabbati

173 1422 242 1476 qui
273 1422 381 1463 infra
412 1422 690 1462 Pentecosten
718 1420 749 1461 J
752 1421 923 1462 ubilaeus
956 1420 1120 1471 dicitur,
1143 1436 1191 1462 eo
1213 1421 1323 1475 quod
1359 1421 1486 1476 ipsius
1506 1421 1704 1476 temporis

172 1489 359 1539 articulo,
400 1487 580 1529 donante
622 1487 801 1543 Spiritus
842 1487 985 1529 Sancti
1023 1487 1170 1543 gratia,
1212 1492 1478 1543 peccatorum
1517 1488 1703 1530 remissio

172 1554 361 1597 fidelibus
378 1555 598 1596 tribuatur.
660 1555 804 1608 Atque
825 1569 869 1595 re
890 1569 1000 1604 vera,
1022 1552 1145 1609 hujus
1165 1554 1363 1609 temporis
1389 1559 1489 1595 tunc
1510 1554 1703 1597 instantis

173 1622 383 1672 articulus,
419 1625 507 1662 erat
534 1620 743 1675 quoddam
774 1620 966 1676 praesagii
998 1620 1172 1664 coelestis
1203 1621 1427 1670 oraculum,
1459 1625 1500 1662 et
1535 1627 1703 1671 aeternae

173 1688 442 1730 beatitudinis
470 1703 559 1741 quae
581 1687 617 1728 ei
639 1687 868 1728 debebatur
902 1687 1271 1742 praesignaculum;
1305 1687 1508 1741 siquidem
1529 1688 1703 1730 terrenis

172 1755 343 1804 exuviis,
368 1754 548 1796 Domino
572 1752 760 1809 jubente,
798 1759 962 1804 exutus,
1001 1769 1101 1795 mox
1138 1753 1234 1809 Ipso
1255 1754 1489 1804 miserante,
1518 1755 1703 1809 supernis

172 1821 431 1877 Angelorum
467 1820 679 1876 spiritibus
714 1822 776 1863 est
812 1819 1083 1876 conjunctus3
1118 1820 1228 1875 quod
1261 1820 1543 1876 experimento
1575 1821 1702 1863 notis-

173 1889 276 1930 simo
317 1888 417 1930 satis
454 1887 699 1938 ostenditur,
733 1892 774 1928 et
813 1887 1028 1942 condignis
1048 1887 1253 1929 virtutum
1289 1887 1480 1942 operibus
1518 1902 1700 1943 compro-

170 1955 306 1996 batur.
369 1954 561 1996 Obeunte
581 1969 628 1996 eo
645 1959 773 1995 coetus
794 1954 1088 1994 monachorum
1105 1954 1349 1995 venerabilis
1367 1953 1501 2001 affuit,
1525 1959 1566 1995 et
1588 1970 1699 2009 egre-

172 2021 322 2063 dientis
350 2021 481 2077 patris
516 2020 578 2062 sui
606 2021 797 2076 spiritum
819 2020 1000 2061 Domino
1037 2017 1223 2063 ⁵devotis
1253 2019 1442 2075 precibus
1472 2014 1701 2062 6commen-

171 2087 299 2130 davit.

171 2198 288 2232 dicans
314 2197 402 2231 dixit
420 2197 514 2231 Deus
538 2196 680 2241 homini,
706 2196 741 2229 in
767 2207 832 2241 quo
858 2201 939 2230 tunc
957 2207 1074 2229 omnes
1099 2207 1244 2240 eramus,
1262 2199 1273 2216 ⁶
1288 2196 1392 2230 Terra
1409 2208 1456 2241 es,
1475 2202 1508 2230 et
1525 2197 1560 2231 in
1577 2202 1700 2230 terram

171 2245 260 2279 ibis.’
275 2244 296 2258 ’⁹

220 2292 227 2310 ¹
252 2291 392 2335 Coepere.
438 2290 560 2335 Coepit,
582 2289 629 2323 H.

218 2337 231 2355 ²
247 2338 397 2371 Ascanii.
445 2337 485 2370 ln
503 2336 561 2369 the
577 2335 707 2380 margin
725 2336 762 2368 of
784 2335 820 2370 Β.
838 2335 884 2379 by
902 2335 959 2368 the
977 2346 1069 2368 same
1086 2335 1189 2379 hand,
1209 2336 1230 2354 “
1247 2335 1459 2370 Willelmo.”

220 2384 233 2402 ³
251 2381 539 2429 Hebdomadibus]
569 2382 813 2425 Hebdomadis,
834 2381 881 2414 H.

219 2431 232 2452 ⁴
249 2430 383 2465 sabbati
398 2431 501 2464 noctis
517 2427 730 2474 crepuscula]
759 2428 794 2461 If
815 2428 1004 2462 St.Robe1·t
1022 2428 1100 2461 died
1125 2439 1167 2461 on
1185 2428 1243 2462 the
1268 2429 1408 2462 seventh
1434 2429 1472 2462 of
1485 2428 1542 2462 the
1569 2428 1647 2462 Ides
1665 2428 1704 2462 of

173 2477 262 2511 June
303 2479 321 2512 7
340 2477 362 2510 J
366 2475 461 2523 unc]‚
482 2478 581 2519 1159,
601 2476 653 2519 (as
676 2475 785 2508 stated
810 2474 855 2519 by
874 2474 1046 2519 Capgrave
1064 2475 1097 2507 in
1115 2474 1173 2507 the
1199 2481 1330 2509 extract
1346 2476 1445 2521 given
1470 2475 1608 2520 above,)
1626 2474 1699 2508 that

172 2530 271 2558 event
312 2523 464 2569 appened
482 2534 524 2556 on
542 2521 718 2566 Saturday,
737 2533 773 2554 as
791 2520 901 2554 stated
920 2520 963 2566 by
980 2520 1159 2565 Reginald,
1179 2517 1196 2566 ξ
1218 2523 1296 2555 164.

219 2571 232 2590 ⁵
252 2571 392 2604 Devocis
412 2567 590 2614 precibus]
620 2568 702 2601 This
728 2579 796 2600 was
822 2567 908 2600 done
931 2567 966 2600 in
991 2567 1196 2600 accordancc
1221 2567 1303 2600 with
1328 2568 1385 2601 the
1410 2567 1592 2601 directions
1619 2579 1699 2601 eon-

171 2617 286 2651 tained
310 2617 344 2650 in
371 2628 443 2661 cap.
468 2618 513 2650 93
538 2616 575 2648 of
596 2614 653 2648 the
680 2614 867 2647 Cistercian
894 2613 976 2657 Use,
996 2614 1123 2657 (“Quo
1149 2613 1264 2647 ordine
1290 2614 1494 2659 inungantur
1519 2614 1697 2658 infi1·mi,⁷⁷)

172 2664 306 2710 printed
324 2664 358 2697 in
376 2663 542 2705 Martene,
561 2661 602 2695 de
620 2660 739 2705 Antiq.
758 2659 956 2693 Monaehor.
973 2659 1120 2702 Ritibus,
1139 2671 1171 2704 p.
1188 2660 1267 2694 746.

217 2711 229 2731 ⁶
250 2708 525 2755 Commeudavit]
554 2709 573 2727 “
588 2707 766 2750 Robertus,
786 2706 889 2739 abbas
910 2705 951 2739 de
970 2705 1071 2739 Novo
1089 2705 1308 2750 Monasterio,
1326 2706 1390 2739 fuit
1408 2706 1505 2739 valde
1522 2706 1697 2740 familiaris

174 2757 333 2801 Grodrico⁷
359 2762 476 2802 utpote
501 2756 617 2788 doctor
641 2754 759 2799 ipsius,
784 2759 817 2786 et
842 2764 977 2785 suorum
1005 2752 1156 2796 cognitor
1182 2758 1398 2786 secretorum.
1450 2752 1517 2794 Qui
1543 2764 1698 2786 nonnun-

174 2816 274 2849 quam
293 2803 382 2848 apud
404 2814 482 2836 cum
506 2813 634 2835 moram
653 2799 808 2842 faciebat,
826 2810 893 2832 non
918 2798 1028 2831 solum
1054 2798 1144 2831 diem
1170 2798 1349 2843 integrum,
1367 2811 1483 2832 verum
1508 2799 1610 2832 etiam
1628 2805 1698 2832 tota

171 2857 280 2884 nocte.
315 2850 382 2883 Hic
400 2849 532 2883 rediens
550 2860 569 2882 a
588 2846 805 2881 Cisterciensi
823 2844 970 2890 capitulo
989 2844 1124 2878 divertit
1142 2844 1184 2878 ad
1202 2857 1291 2879 eum.
1332 2845 1418 2878 Cum
1436 2851 1513 2891 post
1530 2845 1697 2890 colloquia

172 2897 309 2931 domum
336 2902 424 2930 esset
441 2896 560 2939 iturus,
579 2894 691 2928 taliter
708 2893 738 2927 ei
757 2904 834 2926 cum
859 2891 1007 2925 lacrimis
1025 2897 1076 2924 est
1092 2890 1227 2925 locutus
1243 2904 1249 2926 ;
1277 2893 1286 2910 ‘
1301 2891 1462 2936 Obsecro,
1480 2892 1526 2925 mi
1552 2897 1646 2937 pater
1663 2897 1696 2925 et
