1839 3186
179 172 261 213 116
683 180 925 213 LIBELLUS
962 128 1032 212 1)ss
1063 181 1179 212 VITA

179 301 221 328 se
238 286 494 342 praecipitem
511 285 640 337 dedit,
658 286 729 327 ubi
755 285 956 327 dimersus
978 285 1184 336 occubuit,
1208 290 1249 326 et
1273 290 1450 327 mortem
1469 285 1633 327 subiens
1655 286 1714 327 in-

178 353 352 403 felicem,
373 353 555 394 animam
583 353 637 394 ad
667 352 818 394 inferos
849 353 1098 394 transferens
1130 352 1371 408 exspiravit.
1442 352 1595 394 1Alter
1621 367 1714 395 vero

179 420 345 461 illorum
375 419 418 461 in
454 420 657 475 profundo
688 418 869 461 fluminis
902 420 962 460 W
966 419 1014 460 iri
1047 435 1163 461 secus
1194 419 1331 474 positi,
1371 419 1560 461 similiter
1594 435 1715 462 sensu

178 486 354 541 perdito,
388 487 590 542 praecipiti
627 487 776 528 ductus
807 486 979 541 impetu,
1012 501 1053 527 se
1076 486 1290 534 dimersit3
1325 487 1397 527 ubi
1431 486 1604 528 extremi
1634 486 1714 542 spi-

177 553 282 595 ritus
303 554 510 595 anhelitus
532 553 680 595 emisit.
744 552 871 609 Cujus
892 553 1072 607 corporis
1092 568 1187 607 pars
1215 553 1353 594 media
1373 553 1437 594 vel
1466 553 1601 595 saxeis
1632 553 1712 594 col-

178 619 390 662 lisionibus
427 620 643 675 dirempta,
688 635 759 661 seu
792 620 971 674 piscibus
1005 619 1299 661 devorantibus
1332 635 1468 670 exesa,
1503 634 1714 674 nunquam

180 687 410 741 comparuit
428 704 438 735 ;
473 693 635 742 partem
663 702 759 728 vero
781 686 980 740 reliquam
1002 685 1160 740 impetu
1181 684 1361 727 fluminis
1382 686 1436 727 ad
1457 687 1590 728 solum
1621 702 1713 741 pro·-

181 753 352 808 lapsam,
372 769 475 808 grex
500 754 646 794 canina
669 752 863 794 comedit.
936 752 1069 793 Nemo
1091 767 1187 794 vero
1203 753 1366 794 illorum
1384 753 1452 807 qui
1474 753 1529 794 ad
1550 768 1714 795 servum

180 819 261 861 Dei
282 820 582 861 lacessiendum
614 820 803 861 interfuit
827 819 881 860 ad
906 819 1105 874 oppidum
1128 819 1236 860 Novi
1260 819 1428 861 Oastelli
1450 819 1591 861 vivens
1621 820 1713 861 red-

179 886 237 927 ire
272 887 518 941 praevaluit3
572 886 644 928 sed
686 886 835 941 singuli
867 901 1009 927 eorum
1041 885 1211 927 diversis
1243 886 1403 928 casibus
1433 886 1637 937 interiere,
1671 892 1713 927 et

178 952 382 1008 condigno
419 952 499 994 Dei
528 951 702 1008 judicio,
733 953 853 994 celeri
884 968 1004 1008 poena
1034 952 1208 1003 vindice,
1250 953 1419 1007 periere.
1483 953 1604 1006 Quod
1635 953 1713 1008 ipsi

178 1019 418 1061 Scottorum
441 1019 592 1061 residui
616 1019 767 1074 saepius
788 1019 977 1061 attestati
1000 1024 1122 1069 sunt3
1159 1024 1199 1060 et
1230 1019 1535 1061 sciscitantibus
1571 1020 1624 1061 ab
1656 1019 1713 1061 eis

174 1085 272 1127 viris
294 1087 528 1141 Anglorum
551 1086 778 1128 illustribus
799 1087 909 1127 unde
940 1086 1105 1141 praedas
1137 1091 1280 1141 captas
1306 1086 1636 1141 absumpserant,
1661 1087 1712 1127 de

176 1152 349 1194 desertis
368 1168 583 1194 nemorum
605 1153 675 1194 ubi
699 1153 929 1194 solitarium
950 1153 1077 1194 talem
1099 1157 1364 1208 reppererant
1387 1168 1429 1195 se
1451 1153 1712 1209 easssdeprae-

178 1219 324 1260 datum
345 1220 416 1269 ire,
439 1220 659 1274 protestati
682 1225 790 1261 sunt.

235 1286 329 1327 Non
356 1286 480 1327 semel
505 1291 645 1327 tamen
666 1286 768 1327 talia
789 1286 851 1328 vir
875 1285 955 1327 Dei
985 1285 1180 1327 sustinuit
1199 1304 1208 1336 3
1245 1286 1317 1328 sed
1338 1286 1666 1341 frequentissime
1688 1301 1713 1327 a

176 1353 405 1395 latronibus
429 1353 618 1394 omnibus
636 1353 821 1403 sublatis,
848 1352 937 1394 dira
958 1353 1094 1394 vincla
1115 1358 1156 1394 et
1179 1353 1348 1394 verbera
1369 1354 1554 1408 pertulit.
1611 1354 1712 1407 Quae

178 1420 315 1461 animo
338 1435 431 1461 cum
456 1419 646 1474 patienti,
672 1435 764 1461 cum
796 1419 866 1474 pia
896 1419 1212 1474 longanimitate
1234 1420 1433 1475 suscepit;
1469 1425 1510 1461 et
1533 1420 1713 1461 Domino

176 1501 337 1541 semper
356 1486 513 1541 gratias
541 1501 680 1541 agens,
714 1502 874 1541 semper
910 1486 951 1526 in
983 1486 1147 1527 Christo
1172 1486 1202 1527 J
1206 1502 1276 1528 esu
1299 1487 1348 1527 de
1370 1487 1434 1528 his
1456 1487 1713 1542 triumphare

175 1553 415 1608 promeruit.
479 1552 683 1594 Omnibus
699 1552 839 1607 itaque
862 1552 1114 1607 exspoliatis,
1139 1553 1171 1594 si
1194 1553 1292 1607 quid
1309 1553 1445 1594 adhuc
1469 1553 1712 1595 remansisse

175 1624 444 1674 compererat,
463 1624 556 1674 post
578 1624 743 1674 tergum
764 1619 927 1660 illorum
949 1634 1127 1669 currens,
1144 1619 1234 1661 illos
1259 1620 1303 1660 id
1321 1635 1460 1661 seeum
1482 1625 1708 1675 asportare,

176 1686 389 1728 obsecrare
416 1686 431 1707 ³
445 1686 616 1728 solebat.

173 1797 193 1814 “
205 1796 317 1829 lacum
336 1796 467 1842 aperuit
486 1802 518 1830 et
533 1796 685 1841 effodit‚'’
699 1797 765 1830 and
784 1808 844 1831 our
862 1798 1005 1842 version,
1025 1798 1100 1831 “he
1117 1798 1217 1831 made
1231 1810 1250 1831 a
1263 1798 1313 1843 pit
1329 1797 1396 1831 and
1414 1796 1535 1842 digged
1553 1795 1624 1838 it;'’
1641 1795 1709 1829 and

174 1854 211 1876 so
229 1843 264 1876 in
282 1843 409 1876 several
428 1843 523 1876 other
540 1843 665 1889 places.

221 1890 231 1909 ¹
250 1889 376 1935 Alter]
401 1890 491 1923 John
507 1890 543 1923 of
558 1890 591 1923 H
596 1890 719 1923 cxham
737 1896 895 1924 recounts
909 1903 951 1924 an
965 1891 1116 1924 incident
1128 1891 1313 1936 singularly
1327 1890 1415 1924 alike
1429 1889 1463 1923 in
1477 1901 1580 1934 many
1593 1888 1706 1934 points

172 1936 364 1980 respecting
382 1942 448 1969 two
473 1937 569 1970 Scots
588 1937 662 1970 who
685 1937 872 1982 plundered
890 1937 947 1970 the
967 1937 1103 1970 Chureh
1126 1938 1163 1970 of
1184 1938 1232 1970 St.
1246 1936 1408 1980 Miehael,
1433 1936 1514 1970 both
1537 1936 1575 1968 of
1595 1935 1706 1968 whom

172 1994 260 2016 were
278 1983 415 2015 smitten
434 1983 515 2015 with
532 1983 690 2016 madness
708 1983 773 2016 and
792 1984 990 2016 committed
1008 1984 1137 2017 suicide
1153 1997 1160 2025 3
1191 1984 1255 2016 col.
1275 1986 1353 2017 260.

219 2030 231 2048 ‘⁴'
252 2029 487 2073 Deprcedatztm
505 2029 580 2074 ira]
610 2029 670 2062 Vel
691 2029 903 2074 depraedatos
921 2030 1038 2073 fuisse,
1056 2030 1306 2063 interlineation
1325 2030 1359 2062 in
1378 2029 1454 2062 MS.
1480 2028 1520 2061 Β.

219 2076 232 2095 ³
252 2075 411 2120 Solebat]
438 2075 533 2108 Thus
558 2076 629 2108 also
648 2075 704 2108 the
733 2076 894 2109 Harleian
920 2087 1130 2121 anonynious
1155 2076 1298 2120 legend:
1326 2075 1434 2108 “Illis
1452 2074 1590 2119 quidem
1616 2086 1707 2108 rece-

175 2121 344 2164 dentibus,
363 2121 447 2154 citra
464 2122 600 2154 tertium
618 2121 749 2154 miliare
767 2122 869 2167 coepit
881 2134 996 2155 eorum
1014 2135 1101 2156 unus
1123 2122 1280 2163 insanire,
1300 2128 1333 2155 et
1349 2121 1500 2165 linguam
1519 2132 1615 2154 suam
1632 2133 1708 2166 pro—

173 2168 257 2213 priis
283 2167 440 2201 dentibus
465 2167 680 2201 manducare.
732 2168 855 2201 Postea
880 2169 1143 2214 circumquaque
1169 2169 1360 2211 decurrens,
1379 2167 1515 2201 tandem
1537 2179 1573 2200 se
1590 2167 1709 2212 praeei-

173 2214 295 2260 pitavit
311 2214 346 2247 in
363 2213 486 2257 laeum,
506 2220 539 2247 et
557 2214 728 2247 infelicem
755 2215 902 2248 animam
921 2215 1104 2249 exhalavit.
1155 2215 1255 2248 Alius
1274 2226 1407 2260 quoque
1424 2214 1539 2247 furens
1557 2214 1591 2246 in
1610 2213 1708 2247 Weri

174 2261 315 2294 flumine
338 2272 374 2293 se
392 2260 552 2293 demersit
570 2266 603 2293 et
620 2261 720 2305 periit
737 2273 746 2303 ;
772 2262 869 2304 cujus
893 2262 1040 2307 corporis
1055 2261 1168 2295 media
1180 2273 1257 2306 pars
1276 2267 1326 2294 est
1344 2261 1396 2294 vel
1426 2272 1586 2293 saxorum
1612 2259 1708 2293 colli-

174 2307 279 2350 sione,
303 2306 356 2339 vel
380 2306 525 2351 piscium
552 2307 729 2350 edacitate,
752 2314 952 2353 consumpta
966 2321 974 2349 ;
1000 2308 1129 2353 reliqua
1155 2320 1244 2350 vero,
1271 2319 1372 2353 quam
1398 2307 1525 2340 flumen
1551 2307 1706 2350 ejecerat,

173 2366 192 2387 a
210 2353 350 2386 canibus
377 2353 545 2387 devorata.
596 2353 673 2386 Nec
694 2353 815 2399 aliquis
841 2366 957 2387 eorum
976 2355 1032 2399 qui
1051 2355 1174 2388 Sancto
1193 2353 1416 2387 contumelias
1441 2352 1639 2392 intulerant,
1663 2352 1707 2385 ad

173 2400 314 2433 Novum
334 2399 521 2432 Castellum
543 2400 658 2432 vivens
682 2400 846 2445 pervenit,
865 2400 924 2433 sed
951 2400 1073 2434 diversi
1100 2401 1234 2434 casibus
1260 2400 1418 2434 interiere
1445 2399 1596 2442 diversis,
1615 2398 1706 2443 quod

173 2446 310 2491 ipsimet
344 2445 435 2478 Scoti
468 2445 686 2491 postmodum
720 2452 799 2479 sunt
832 2447 990 2480 confessi.
1064 2448 1096 2480 A
1123 2447 1310 2480 latronibus
1345 2445 1481 2491 quidem
1515 2445 1707 2490 frequenter

173 2492 343 2526 Godricus
361 2492 511 2536 injurias,
524 2492 659 2526 vincula
672 2492 876 2537 verberaque
894 2493 1066 2537 sustinuit,
1081 2505 1156 2538 quae
1173 2493 1420 2539 patientissime
1434 2491 1622 2537 perferebat
1639 2504 1647 2533 ;
1674 2496 1708 2524 et

171 2539 240 2572 illis
259 2538 523 2581 discedentibus,
537 2539 564 2573 si
579 2538 660 2584 quid
678 2545 897 2582 remanserat,
916 2551 1052 2573 currens
1069 2546 1146 2585 post
1164 2551 1221 2574 eos
1239 2538 1436 2573 obsecrabat
1449 2543 1487 2571 ut
1501 2537 1603 2571 etiam
1621 2537 1707 2571 illud

176 2583 381 2619 auferrent.”

243 2636 281 2657 κ111
