1839 3186
217 169 300 209 352
744 178 977 212 LIBELLUS
1014 179 1077 210 DE
1113 180 1229 211 VITA

209 283 392 325 sulturus
426 282 494 323 illo
530 282 791 338 properabat.
879 283 1013 335 Quem
1054 284 1295 338 perquirens
1336 285 1425 338 quis
1468 284 1662 327 defuncto
1706 288 1749 328 in

209 349 380 390 abbatia
403 349 653 399 succederet,
679 348 871 403 cupiebat
895 364 1101 404 praenosse
1137 350 1169 391 si
1203 350 1349 392 domus
1377 351 1547 393 turbata
1566 353 1748 406 quietem

210 431 282 470 per
304 415 591 457 succedentem
612 421 820 470 pastorem
841 416 1083 470 perciperet.
1146 416 1207 457 At
1230 417 1292 458 vir
1314 417 1393 458 Dei
1425 433 1473 458 ea
1495 433 1584 472 quae
1608 419 1749 461 futura

210 482 439 537 praesensit,
475 482 533 523 illi
560 481 703 538 Jocoso
729 497 914 523 sermone
950 482 1131 523 revelare
1160 498 1242 523 non
1278 483 1452 524 distulit.
1515 484 1593 525 Ait
1625 486 1747 537 enim,

211 553 236 570 ‘⁶
256 549 366 601 Quid
401 549 443 589 in
481 549 544 590 his
583 548 789 598 cruciaris,
827 548 1071 599 sollicitaris,
1095 549 1159 590 vel
1183 549 1281 603 quid
1303 550 1481 603 quaeris?
1560 551 1625 592 Tu
1660 553 1747 607 ipse

209 615 266 656 ibi
291 630 419 670 nuper
440 621 532 669 post
556 615 692 669 ipsum
729 614 856 655 abbas
880 614 1044 655 futurus
1066 615 1185 656 eris.''
1248 615 1495 658 Admiratus
1530 616 1598 658 ille
1628 633 1750 674 super

208 681 272 722 his
306 681 478 722 alacrior
514 681 650 730 rediit,
688 680 760 722 sed
796 680 902 721 sicut
935 681 998 722 vir
1019 680 1100 722 Dei
1134 681 1404 736 praedixerat,
1444 698 1575 738 nuper
1600 690 1746 739 postea

209 748 321 789 omni
357 753 561 788 conventu
586 747 762 802 eligente
799 746 928 788 abbas
961 746 1147 797 effectus,
1172 747 1315 789 abbati
1337 748 1456 789 alteri
1484 751 1745 793 succedebat.

214 814 320 855 Haec
355 814 464 855 idem
501 814 629 855 abbas
664 828 773 854 nunc
797 812 921 854 refert
958 818 999 854 et
1035 818 1242 863 testatur;
1277 830 1324 855 ac
1345 815 1442 869 quia
1478 820 1578 857 tunc
1608 818 1660 859 ab
1698 833 1746 859 00

209 880 397 922 benedici
421 880 584 931 meruit,
607 880 831 935 plurimum
854 880 1006 934 saepius
1027 879 1069 920 in
1092 880 1273 921 Domino
1297 881 1564 937 ¹gratulatur.

206 1126 293 1152 OAP.
317 1126 393 1152 ΧΠ.
444 1126 496 1151 DE
542 1123 702 1150 INlMlco
746 1125 815 1154 QUI
846 1125 1052 1150 vitumnus
1088 1125 1263 1151 AMICTUS
1307 1126 1521 1162 APPARUIT,
1563 1127 1611 1152 ET
1646 1128 1744 1157 Qun)

743 1192 795 1217 DE
826 1191 916 1217 1LLO
948 1175 1148 1217 DIXERIT.²

268 1278 560 1334 §333.ILL1s
594 1278 678 1319 fere
711 1276 855 1318 diebus
892 1290 985 1316 cum
1027 1274 1205 1328 quodam
1245 1274 1444 1316 abbatum
1487 1276 1741 1318 Dunehnum

206 1346 397 1388 veniente
428 1346 556 1386 frater
592 1344 759 1399 quidam
792 1342 846 1383 ad
882 1342 1017 1383 virum
1047 1340 1127 1382 Dei
1162 1341 1371 1395 profectus
1414 1347 1487 1393 est,
1526 1348 1567 1384 et
1609 1344 1741 1385 Missa

206 1413 425 1461 celebrata,
464 1412 653 1453 omnibus
690 1409 868 1459 seclusis,
915 1412 1088 1462 excepto
1122 1407 1273 1448 abbate
1309 1413 1350 1449 et
1389 1408 1458 1449 illo
1493 1409 1635 1459 fratre,
1672 1425 1740 1452 eos

207 1479 347 1520 taliter
367 1479 570 1520 allocutus
606 1482 697 1518 est:
747 1474 1012 1516 “Paululum
1049 1478 1145 1515 ante
1177 1479 1360 1515 vestrum
1398 1475 1478 1516 huc
1512 1476 1739 1518 adventum

208 1546 376 1600 quidam
412 1550 527 1586 totus
562 1543 684 1586 viridi
725 1542 896 1583 indutus
929 1541 1085 1582 amictu
1117 1548 1213 1581 ante
1248 1541 1355 1582 fores
1392 1541 1546 1583 cellulae
1584 1543 1739 1585 diutius

207 1612 418 1660 substitit3
465 1612 533 1666 qui
566 1611 682 1666 nigro
721 1608 841 1665 peplo
874 1607 978 1648 colla
1027 1606 1348 1661 circumligatus,
1391 1608 1561 1650 tandem
1593 1624 1739 1664 appro-

205 1679 322 1734 pians
356 1694 477 1733 super
503 1678 628 1718 limen
651 1676 847 1717 Ecclesiae
883 1678 1009 1729 caput
1042 1673 1285 1728 composuit.
1348 1674 1429 1726 Qui
1464 1674 1679 1731 adjuratus
1713 1691 1739 1717 a

204 1760 271 1786 me
294 1745 418 1786 tertio
441 1760 534 1785 cum
556 1743 791 1785 confusione
813 1740 993 1790 recessit,
1015 1740 1087 1781 sed
1120 1744 1261 1781 tamen
1296 1740 1468 1781 nimium
1502 1741 1663 1796 lugubri
1694 1747 1736 1783 et

203 1812 320 1853 vultu
358 1811 533 1853 demisso
571 1809 779 1865 processit.
843 1808 990 1860 Quaeso
1011 1822 1084 1848 vos
1125 1806 1249 1847 dicite
1281 1807 1423 1860 quisne
1453 1807 1520 1848 ille
1550 1808 1736 1850 fue1·it?''

206 1878 326 1919 Tunc
354 1879 483 1919 abbas
506 1877 765 1931 Francigena
784 1890 857 1930 per
880 1874 1146 1928 interpretem
1169 1873 1226 1914 sic
1247 1873 1457 1928 respondit
1476 1891 1486 1922 ;
1521 1873 1575 1898 3⁴⁶
1595 1874 1736 1916 Inimi-

205 1960 276 1986 cus
302 1944 425 1985 homo
451 1944 519 1985 ille
547 1943 639 1990 fuit,
665 1943 733 1997 qui
756 1956 917 1996 semper
938 1939 1111 1980 verbum
1133 1939 1230 1989 Dei,
1253 1940 1363 1993 quod
1394 1940 1436 1981 in
1470 1940 1588 1983 nobis
1620 1941 1732 1992 seris,

202 2011 449 2066 praepedisse
487 2009 686 2052 curavit.''
768 2008 885 2048 Tunc
919 2006 999 2056 ille,
1037 2010 1061 2027 ‘⁴
1078 2005 1202 2056 Vere,
1238 2006 1418 2059 inquam,
1457 2006 1626 2055 dixisti3
1661 2008 1734 2049 sed

205 2077 286 2118 Dei
315 2077 450 2132 gratia
484 2077 684 2119 virentem
723 2074 869 2115 mundi
907 2072 1236 2127 prosperitatem,
1262 2077 1303 2112 et
1339 2087 1529 2126 spurcam
1557 2073 1733 2114 immun-

203 2143 316 2185 ditiae
341 2144 646 2197 loquacitatem,
670 2140 904 2183 evademus.
976 2138 1151 2179 Oremus
1174 2138 1313 2192 igitur,
1340 2143 1386 2178 ut
1412 2153 1506 2179 eum
1534 2154 1627 2180 cum
1650 2140 1733 2181 suis

201 2209 366 2251 astutiis
406 2224 431 2250 a
470 2208 587 2250 nobis
619 2207 820 2262 possimus
856 2204 1095 2260 propellere,
1131 2209 1171 2245 et
1207 2204 1322 2245 illum
1357 2219 1517 2260 semper
1555 2220 1580 2246 a
1615 2206 1733 2248 nobis

200 2276 362 2331 longius
382 2274 624 2330 4effugare.”

248 2381 256 2401 ¹
288 2378 523 2425 Gratulatur]
553 2377 757 2411 “Defuncto
785 2375 1012 2409 Alnewicensi
1040 2374 1161 2407 abbate
1189 2374 1347 2418 Patricio,
1375 2375 1465 2419 prior
1490 2375 1643 2419 ejusdem
1661 2376 1727 2409 loci

202 2427 295 2460 venit
311 2427 353 2460 ad
372 2426 478 2459 virum
491 2425 567 2469 Dei,
584 2425 750 2470 petiturus
768 2422 809 2455 ab
828 2434 867 2455 eo
886 2421 926 2454 de
944 2421 1076 2454 abbatis
1094 2420 1259 2454 electione
1277 2421 1469 2456 consilium.
1518 2422 1618 2455 Unde
1636 2422 1728 2456 solli-

201 2473 368 2507 citabatur
394 2472 549 2518 amplius,
576 2471 655 2516 quia
680 2470 744 2503 hoc
774 2468 816 2502 ad
841 2468 951 2513 ipsum
981 2467 1210 2512 principaliter
1233 2467 1434 2512 pertinebat.
1497 2467 1560 2501 Cui
1591 2475 1727 2502 sanctus

197 2519 346 2564 jocunde
373 2518 600 2564 respondens:
639 2519 647 2535 ‘
664 2515 756 2559 Cur,'
775 2515 831 2558 ait,
859 2513 1046 2547 ‘sollicitus
1072 2514 1120 2546 ita
1148 2513 1298 2558 quaeris?
1362 2513 1415 2546 Tu
1444 2513 1517 2558 ipse
1546 2514 1592 2547 ibi
1619 2526 1725 2548 novus

200 2567 304 2600 abbas
322 2566 411 2600 eris.'
462 2565 526 2598 Ille
543 2563 710 2601 discessit,
730 2567 763 2595 et
781 2562 815 2594 in
832 2560 936 2603 brevi,
954 2566 1025 2593 toto
1043 2559 1188 2604 eligente
1205 2565 1384 2604 conventu,
1402 2560 1512 2593 factus
1531 2566 1580 2594 est
1598 2560 1701 2595 abbas
1715 2573 1725 2603 3

200 2613 288 2647 sicut
306 2613 449 2658 ipsemet
466 2611 566 2644 modo
584 2608 762 2644 testatur.'⁷
811 2608 924 2640 Anon.
944 2606 1039 2640 Harl.
1059 2606 1209 2650 Legend.

243 2660 256 2678 ²
281 2659 354 2692 The
374 2658 467 2692 Harl.
489 2658 562 2691 MS.
583 2657 662 2690 does
679 2660 737 2688 not
755 2653 890 2688 contain
907 2652 975 2685 this
992 2652 1141 2697 chapter.

243 2706 256 2727 3
283 2705 442 2738 Inimicus
457 2703 579 2750 homa]
606 2704 640 2736 S.
659 2700 783 2735 Matth.
802 2700 873 2733 xiii.
893 2701 948 2732 28.

242 2754 253 2772 ⁴
281 2751 444 2798 Effugare
459 2750 473 2797 ]
501 2751 642 2784 “Missa
661 2749 731 2781 vice
749 2746 893 2792 quadam
911 2744 1089 2787 celebrata,
1108 2744 1157 2777 vir
1175 2743 1239 2777 Dei
1257 2744 1395 2778 seclusit
1413 2744 1506 2787 alios,
1524 2751 1646 2790 praeter
1664 2745 1722 2778 ab-

193 2798 305 2831 batem
324 2804 357 2831 et
375 2797 577 2831 monachum
595 2810 602 2837 ;
628 2806 711 2840 quos
729 2793 840 2826 taliter
857 2797 908 2825 est
925 2792 1066 2825 affatus:
1087 2792 1095 2808 ⁶
1109 2790 1200 2823 Ante
1219 2797 1366 2824 vestrum
1384 2791 1564 2824 adventum
1583 2791 1720 2835 quidam

193 2851 283 2877 totus
302 2844 398 2877 viridi
416 2844 543 2877 amictu
560 2843 712 2883 vestitus,
731 2841 890 2884 nigroque
907 2837 1005 2883 peplo
1023 2836 1285 2881 circumligatus,
1303 2843 1380 2870 ante
1399 2837 1484 2870 fores
1496 2837 1626 2870 cellulae
1643 2849 1719 2882 pro-

191 2891 375 2936 pinquavit.
428 2890 494 2932 Qui
518 2902 537 2923 a
561 2901 614 2923 me
632 2888 730 2922 tertio
749 2886 933 2929 adjuratus,
953 2883 1047 2918 vultu
1070 2882 1203 2927 lugubri
1229 2889 1262 2916 et
1288 2883 1446 2926 demisso,
1475 2881 1634 2918 confusus
1659 2883 1718 2917 ab·
