1839 3186
535 222 595 253 ET
626 221 893 253 MIRACULIS
927 220 961 252 s.
988 218 1204 252 GODRIOI.
1556 208 1634 247 351

100 333 217 370 verat
240 326 449 369 declarare
482 327 696 369 virtutem.
768 326 875 368 Cum
908 325 1036 380 igitur
1056 322 1294 366 omnimodo
1326 337 1351 364 a
1382 322 1514 364 salute
1538 321 1640 362 reci-

99 394 251 449 pienda
296 394 536 449 desperatus
568 392 741 449 jaceret,
780 393 950 434 immisit
987 392 1029 432 in
1065 391 1203 432 animo
1238 389 1366 444 ipsius
1391 388 1471 430 Dei
1503 388 1639 443 provi-

102 461 244 502 dentia
264 465 310 501 ut
332 461 386 501 ad
421 476 584 502 servum
607 460 699 511 Dei,
724 460 792 514 qui
823 460 865 501 in
895 458 1085 514 proximo
1106 456 1337 507 habitabat,
1363 456 1510 497 saltem
1534 469 1639 508 equo

103 527 299 569 devectus
322 527 549 577 accederet,
582 532 623 568 et
652 542 746 568 eum
778 525 1019 581 suppliciter
1039 528 1086 565 ut
1107 523 1170 565 sui
1200 522 1465 563 miseraretur
1486 525 1637 562 oraret.

103 594 191 635 Nec
221 594 359 647 aliqua
379 593 430 635 de
451 594 515 635 his
535 593 690 635 diutius
710 608 826 634 mora
846 596 1070 647 protracta,
1094 604 1335 645 quocunque
1356 588 1480 629 modo
1502 588 1638 643 potuit

102 661 172 702 illo
201 660 363 702 delatus
384 660 568 711 advenit,
590 661 827 715 potitusque
850 658 948 700 1viri
970 658 1050 699 Dei
1070 656 1369 706 benedictione,
1405 654 1642 708 aliquantum

102 727 189 768 lum
211 727 262 768 de
282 727 484 769 fructibus
507 727 662 768 hortuli
692 727 820 782 ipsius
846 730 887 767 et
911 724 1098 781 panibus,
1121 723 1209 779 ipso
1237 721 1514 778 praecipiente,
1548 736 1640 775 per-

104 794 226 849 cepit,
250 793 300 834 de
320 794 467 848 quibus
488 793 707 836 comedens
732 809 773 835 se
802 792 946 834 statim
977 791 1146 833 sanitati
1166 789 1379 830 redditum
1405 787 1639 839 intellexit3

103 860 347 915 rediensque
374 860 465 917 jam
504 860 672 903 alterius
702 858 1000 902 sustentamine
1033 872 1115 899 non
1147 856 1340 912 indiguit,
1375 855 1444 910 qui
1478 854 1547 895 illo
1568 854 1641 896 vix

104 928 239 969 aliena
259 943 335 982 ope
356 928 594 969 sublevatus
625 927 807 969 advenit.
869 926 973 967 Post
995 925 1083 966 dies
1102 938 1200 966 vero
1222 937 1374 978 paucos
1404 922 1521 978 plene
1545 936 1643 962 con-

105 994 249 1044 valuit,
283 1009 357 1035 nec
400 1000 544 1049 postea
582 994 756 1035 ulterius
787 993 861 1034 tali
904 993 1101 1047 languore
1151 989 1379 1031 contabuit.
1465 988 1534 1029 Ita
1570 1002 1644 1043 per

106 1076 269 1103 servum
300 1076 420 1102 suum
454 1061 569 1102 Deus
601 1059 806 1101 mirabilia
841 1063 1035 1114 operatus
1078 1062 1154 1107 est,
1188 1056 1269 1109 Qui
1293 1055 1560 1098 vehementer
1600 1054 1644 1095 in

106 1127 295 1169 omnibus
318 1128 465 1169 merito
486 1125 778 1183 glorificandus
800 1130 924 1180 atque
945 1122 1188 1165 ²laudabilis
1212 1129 1289 1164 est.

108 1370 195 1395 CAP.
228 1370 284 1395 XI.
347 1370 538 1399 QUOMODO
578 1369 778 1396 CANONICO
814 1369 920 1398 QUOD
956 1367 1083 1393 ABBAS
1119 1367 1256 1392 NUPER
1291 1367 1475 1392 FUTURUS
1516 1367 1644 1400 ESSET,

315 1437 537 1470 EXPOSU1T;
575 1437 623 1462 ΕΤ
653 1436 785 1462 JUXTA
821 1436 928 1465 QUOD
959 1434 1178 1469 PRAEDIXIT,
1212 1417 1447 1459 EVENERIT.3

169 1519 317 1572 §332
370 1520 593 1561 DEFUNcro
636 1518 819 1559 Patricio
872 1517 1097 1560 venerabili
1147 1517 1298 1558 abbate
1334 1515 1645 1567 4Alnuuicensi,

111 1587 311 1628 desolatio
334 1587 590 1642 aliquantula
613 1586 655 1627 in
680 1585 802 1626 domo
824 1585 894 1626 illa
915 1584 1093 1635 emersit,
1116 1584 1213 1639 quia
1236 1589 1329 1625 tota
1351 1583 1505 1627 Christi
1529 1583 1646 1625 fami-

111 1653 168 1694 lia
202 1658 320 1709 patre
357 1669 429 1695 suo
464 1654 611 1695 orbata
646 1652 765 1694 solito
804 1652 896 1707 plus
931 1651 1102 1693 turbata
1133 1650 1321 1702 indoluit,
1361 1655 1402 1691 et
1434 1650 1506 1691 ubi
1532 1650 1648 1691 dolor

112 1720 298 1775 depascit
340 1721 537 1771 animum,
593 1734 754 1774 semper
791 1719 925 1760 amica
965 1718 1167 1760 desolatio
1208 1718 1407 1772 dissipare
1457 1732 1648 1758 serenum

112 1786 261 1829 nititur
280 1788 552 1829 intellectum.
623 1786 689 1827 De
711 1801 790 1840 quo
813 1790 921 1826 coetu
947 1785 1122 1826 fratrum
1144 1784 1314 1839 quidam
1339 1783 1389 1824 de
1412 1783 1534 1824 domo
1559 1784 1649 1838 ipsa

114 1854 345 1904 canonicus,
367 1854 510 1896 abbati
546 1853 745 1909 praedicto
781 1851 1120 1906 consanguineus,
1157 1866 1237 1905 quo
1272 1850 1453 1891 tenerius
1486 1855 1650 1905 patrem

115 1935 235 1962 suum
271 1921 488 1971 dilexerat,
525 1936 572 1962 eo
609 1920 700 1975 plus
737 1919 889 1960 doloris
926 1919 976 1960 de
1016 1917 1103 1974 ejus
1136 1922 1271 1958 morte
1314 1922 1569 1972 conceperat,
1608 1922 1650 1958 et

115 1988 212 2042 quia
245 1988 391 2043 prioris
430 1988 472 2029 in
511 1987 633 2028 domo
669 1986 839 2042 gerebat
864 1984 1055 2036 officium,
1096 1984 1212 2025 dolor
1260 1984 1311 2024 de
1355 1983 1543 2039 eligendo
1583 1984 1650 2026 vel

116 2054 403 2096 substituendo
437 2055 601 2105 abbate,
637 2053 724 2110 ejus
759 2052 945 2094 acerbius
974 2052 1215 2093 turbaverat
1247 2050 1493 2092 sereniorem
1523 2050 1651 2092 animi

116 2120 387 2172 intellectum,
422 2126 470 2162 ut
502 2122 598 2176 quia
630 2135 729 2162 cura
763 2119 873 2161 illius
905 2118 959 2160 ad
992 2134 1086 2160 eum
1116 2118 1293 2172 amplius
1328 2116 1538 2159 electionis
1567 2133 1651 2173 prae

118 2188 264 2230 ceteris
299 2188 528 2244 spectabat,
552 2187 764 2230 sollicitior
799 2186 982 2237 effectus,
1017 2185 1152 2227 virum
1186 2184 1267 2226 Dei
1303 2198 1425 2240 super
1461 2184 1526 2226 his
1558 2199 1651 2226 con-

167 2309 176 2328 ¹
211 2310 294 2344 Viri.
337 2309 400 2343 Vir
432 2310 475 2344 Β.
1547 2332 1549 2335 v

165 2356 178 2374 ²
205 2310 499 2401 Laudlzbilis⁷est.]
526 2355 621 2390 Thus
645 2355 800 2389 narrated
826 2355 860 2388 in
884 2354 941 2388 the
969 2354 1065 2389 Harl.
1092 2366 1304 2400 anonymous
1329 2355 1406 2389 MS.
1458 2354 1654 2388 “Dunelmi

117 2402 140 2436 J
150 2402 299 2436 ohannes
318 2402 576 2436 archidiaconus
601 2402 719 2436 ardore
744 2402 889 2435 febrium
914 2402 1060 2446 graviter
1077 2401 1274 2445 vexabatur,
1300 2413 1363 2435 nec
1388 2401 1499 2446 potuit
1524 2402 1554 2435 ei
1575 2413 1654 2434 cura

120 2449 332 2483 medentium
357 2449 535 2483 subvenire
552 2462 560 2491 ;
587 2455 620 2482 et
645 2460 723 2483 cum
750 2448 945 2493 desperatus
971 2453 1060 2481 esset
1078 2460 1097 2481 a
1113 2448 1268 2492 medicis,
1287 2448 1316 2481 ei
1336 2448 1427 2481 venit
1450 2448 1485 2481 in
1502 2453 1653 2481 mentem

121 2502 157 2529 ut
176 2496 218 2529 ad
235 2508 368 2530 servum
395 2495 459 2529 Dei
486 2495 683 2539 Godrieum,
710 2495 829 2529 auxilii
856 2506 969 2536 causa,
995 2506 1081 2539 equo
1098 2500 1226 2539 vectus,
1244 2494 1430 2529 accederet.
1481 2495 1557 2537 Quo
1575 2506 1654 2527 cum

122 2543 280 2587 venisset,
299 2543 405 2587 ipsius
422 2542 659 2576 benedictione
676 2542 816 2588 potitus,
835 2547 868 2575 et
892 2541 1101 2586 aliquantula
1125 2541 1297 2575 fructuum
1322 2541 1412 2575 horti
1437 2541 1654 2586 perceptione

122 2589 279 2633 refectus,
297 2589 388 2623 illico
406 2601 441 2623 se
459 2589 629 2623 intellexit
646 2589 817 2622 redditum
835 2587 984 2622 sanitati.
1033 2588 1183 2622 Rediens
1206 2594 1331 2632 autem,
1354 2588 1494 2621 alterius
1522 2593 1655 2620 susten-

123 2636 250 2669 tatione
275 2647 341 2669 non
359 2636 460 2681 eguit,
487 2636 543 2681 qui
571 2636 629 2669 vix
652 2647 716 2682 ope
741 2635 852 2669 aliena
874 2634 1069 2668 sublevatus
1094 2634 1231 2669 advenit
1245 2648 1254 2677 3
1280 2640 1312 2668 et
1338 2640 1414 2680 post
1431 2634 1503 2667 dies
1527 2645 1654 2679 paucos

123 2682 223 2728 plena
240 2683 384 2716 sanitate
402 2682 610 2716 convaluit?

172 2729 186 2748 ²³
211 2729 294 2763 This
313 2729 452 2774 chapter
469 2729 496 2762 is
514 2734 574 2762 not
591 2728 695 2762 found
713 2728 748 2762 in
766 2728 824 2762 the
843 2728 939 2762 Harl.
959 2728 1034 2762 MS.

173 2776 187 2796 4
212 2775 456 2821 Alnuuicensi]
483 2775 556 2809 The
586 2775 935 2809 Prcmonstratensian
962 2774 1072 2821 abbey
1090 2776 1127 2808 of
1146 2774 1315 2817 Alnwick,
1346 2774 1381 2807 in
1404 2772 1656 2807 Northumber-

125 2822 215 2866 land,
234 2834 302 2856 was
320 2822 468 2856 founded
485 2822 520 2856 in
539 2823 628 2857 1147
645 2822 691 2867 by
703 2822 850 2856 Eustace
869 2821 1066 2855 Fitz-John.
1116 2821 1190 2855 The
1207 2832 1307 2854 name
1331 2820 1369 2853 of
1388 2819 1556 2853 Patricius
1575 2820 1655 2854 does

126 2875 185 2902 not
203 2881 303 2903 occur
320 2881 442 2914 among
459 2869 515 2902 the
539 2874 658 2914 scanty
674 2868 732 2902 list
755 2869 792 2902 of
810 2868 916 2914 priors
940 2868 1051 2901 which
1072 2868 1133 2902 has
1156 2879 1252 2901 come
1270 2867 1367 2912 down
1389 2872 1424 2899 to
1442 2877 1494 2900 us.
1544 2867 1659 2913 Dugd.

128 2916 275 2950 Monast.
294 2915 337 2949 vi.
357 2916 435 2959 867,
454 2915 535 2949 edit.
554 2915 653 2949 Ellis.
