1839 3186
528 242 586 274 ET
622 242 889 275 MIRACULIS
926 242 961 274 s.
994 238 1212 274 GODRICI.
1550 233 1629 274 361

97 347 247 388 mentis
282 347 399 388 oculo
435 347 660 389 coelestium
697 352 855 388 secreta
889 346 1144 402 penetrando
1187 346 1328 388 rimari
1365 348 1634 399 consueverit,

99 414 263 454 cuidam
284 413 459 455 fratrum
485 413 840 464 Dunelmensium,
858 414 964 454 forte
986 419 1086 454 tunc
1108 413 1175 453 illo
1198 412 1523 462 advenientium,
1541 430 1635 469 sup-

98 480 267 534 plicavit
300 486 347 521 ut
372 481 459 522 viro
496 481 576 521 Dei
612 495 730 522 casus
765 480 941 521 miseriae
978 495 1063 520 suae
1099 485 1336 534 exponeret,
1370 485 1410 521 et
1451 481 1549 534 quid
1584 482 1636 522 de

101 546 248 601 spiritu
272 547 411 588 fratris
435 547 496 589 sui
517 547 559 587 in
588 546 746 602 judicio
784 546 864 587 Dei
900 546 1057 587 factum
1078 546 1222 587 fuisset
1257 546 1474 600 diligenter
1506 548 1636 601 inqui-

99 618 221 654 reret.
286 613 435 654 Frater
466 613 631 668 quidem
661 613 728 654 ille
752 618 852 654 tunc
876 613 1073 668 temporis
1094 613 1181 654 viro
1204 613 1283 653 Dei
1305 613 1529 667 plurimum
1552 629 1637 655 esse

102 684 370 721 consueverat
406 680 633 721 familiaris.
696 680 776 732 Qui
807 685 854 721 ut
886 680 940 720 ad
971 679 1087 720 illum
1123 680 1250 730 venit,
1273 680 1444 721 miseros
1466 686 1638 722 eventus

102 745 241 787 fratris
279 747 645 788 Westmonasterii
681 747 904 801 plurimum
935 746 1112 787 dolentis
1137 746 1173 787 ei
1208 761 1429 801 exponens,
1453 747 1552 801 quid
1587 747 1636 788 de

101 812 210 853 illius
233 814 370 854 anima
393 813 551 854 factum
572 814 716 855 fuisset
737 813 938 854 attentius
963 812 1187 867 inquisivit.
1267 813 1339 854 Ad
1362 829 1450 867 quae
1469 814 1531 854 vir
1557 814 1637 855 Dei

103 879 313 920 modicum
354 879 546 921 differens
591 886 632 921 et
674 895 813 921 secum
863 884 1018 921 secrete
1075 879 1317 929 deliberans,
1368 881 1425 921 sic
1472 880 1639 922 demum

104 961 299 1001 responsa
336 946 532 988 reddidit.
599 946 822 1001 “Spiritus
855 945 1033 1002 juvenis,
1075 946 1125 987 de
1162 962 1242 1000 quo
1286 946 1470 1001 inquiris,
1503 947 1639 989 adhuc

103 1010 280 1054 flammis
312 1013 510 1063 exuritur,
535 1018 575 1054 et
606 1013 735 1068 poenis
770 1013 1044 1054 excruciatur.
1107 1012 1165 1054 Et
1201 1028 1343 1055 revera
1374 1013 1513 1055 sciatis
1546 1015 1642 1068 quia

104 1079 182 1120 nisi
213 1079 346 1121 Beata
384 1080 522 1120 Maria
558 1095 632 1134 pro
663 1080 802 1120 anima
832 1079 940 1120 illius
974 1079 1083 1120 Filio
1115 1094 1187 1120 suo
1223 1079 1325 1120 hora
1360 1080 1497 1121 exitus
1533 1081 1642 1122 illius

104 1161 246 1200 preces
262 1145 484 1195 effudisset,
504 1161 556 1186 ex
580 1146 650 1186 illa
672 1147 774 1187 hora
794 1146 835 1187 in
860 1151 1072 1201 posterum
1094 1146 1246 1187 nullius
1268 1146 1493 1188 sacerdotis
1507 1148 1639 1188 oratio

106 1212 254 1263 clerici,
277 1212 370 1253 laici
395 1213 460 1254 vel
484 1211 628 1262 fidelis,
664 1228 737 1268 pro
775 1211 862 1267 ejus
884 1213 1133 1267 expiatione,
1169 1213 1391 1267 ereptione,
1425 1219 1465 1254 et
1496 1214 1643 1255 libera-

106 1278 230 1329 tione,
254 1279 408 1333 aliquid
430 1279 620 1334 prodesse
642 1279 864 1334 potuisset,
889 1294 986 1320 nam
1008 1279 1258 1320 aeternaliter
1280 1280 1408 1334 poenis
1427 1280 1642 1323 ultricibus

105 1346 243 1387 addici
266 1346 486 1396 debuisset,
508 1346 585 1387 nisi
604 1345 759 1387 Sancta
783 1346 935 1394 Maria,
953 1346 1178 1387 visceribus
1200 1346 1330 1387 solitae
1353 1346 1642 1389 misericordia}

107 1412 166 1454 illi
200 1428 423 1468 compassa,
447 1428 520 1467 pro
543 1428 590 1454 eo
629 1413 911 1467 supplicasset.
974 1412 1134 1467 Nempe
1171 1412 1212 1453 in
1249 1418 1459 1454 momento
1493 1414 1642 1456 ultimo

108 1494 187 1533 quo
207 1480 397 1534 spiritum
425 1480 594 1521 vitalem
620 1479 787 1529 efflavit,
813 1479 976 1520 Sanctae
1002 1479 1147 1520 Mariae
1171 1479 1433 1521 clementiam
1454 1481 1644 1521 medulli-

108 1551 176 1587 tus
197 1546 415 1597 invocavit,
440 1562 563 1600 quare
601 1546 784 1587 Domina
816 1546 1074 1601 Angelorum
1105 1546 1298 1597 obtinuit,
1321 1547 1417 1587 licet
1451 1548 1493 1588 in
1516 1548 1643 1589 ebrie-

109 1617 197 1654 tate
217 1617 257 1653 et
279 1613 501 1668 prophanis
523 1613 713 1668 operibus
735 1613 864 1654 vitam
899 1611 1061 1663 finierit,
1088 1628 1138 1653 ne
1163 1613 1204 1653 in
1224 1618 1425 1654 aeternum
1448 1614 1499 1655 sit
1524 1615 1645 1669 puni-

111 1680 253 1730 endus,
277 1680 349 1721 sed
370 1680 506 1734 potius
542 1680 731 1734 precibus
763 1678 946 1720 fidelium
968 1694 992 1720 a
1016 1679 1114 1721 locis
1136 1680 1362 1734 poenalibus
1395 1681 1643 1735 eripiendus.

112 1744 218 1787 Haec
239 1746 356 1787 fratri
378 1746 485 1787 illius
510 1761 632 1800 quam
655 1746 775 1787 citius
798 1761 970 1801 expone,
988 1751 1029 1786 et
1050 1751 1097 1787 ut
1120 1746 1357 1800 diligentius
1379 1747 1430 1787 ab
1456 1748 1645 1789 omnibus

112 1812 301 1854 fidelibus
323 1813 527 1854 orationes
543 1828 616 1868 pro
633 1828 679 1853 eo
702 1811 788 1854 fieri
814 1813 1009 1867 postulet,
1025 1812 1247 1854 studiosius
1270 1813 1454 1854 iiisiste.”
1486 1814 1645 1866 Quibus

111 1880 230 1922 fratri
265 1895 336 1922 suo
375 1879 649 1929 denunciatis,
693 1880 978 1934 desperatione
1020 1879 1220 1934 deposita,
1264 1895 1351 1921 sese
1387 1881 1565 1922 lacrimis
1604 1886 1645 1921 et

111 1947 364 1988 orationibus
398 1946 603 1987 instanter
633 1945 794 1996 afflixit,
828 1951 869 1987 et
907 1945 1002 1999 quia
1037 1946 1236 2000 religiosis
1270 1946 1493 2001 plurimum
1524 1952 1647 1989 notus

111 2013 201 2063 fuit,
227 2018 315 2054 tam
339 2028 363 2053 a
384 2013 594 2054 monachis
620 2028 742 2066 quam
768 2012 1147 2054 sanctimonialibus
1183 2013 1307 2054 latius
1340 2029 1413 2068 per
1446 2014 1646 2069 Angliam

113 2079 360 2129 constitutis,
387 2080 594 2120 orationes
616 2079 831 2120 sollemnes
845 2086 925 2134 'pro
944 2078 1137 2120 defuncto
1159 2077 1246 2120 fieri
1270 2079 1524 2134 impetravit.

180 2147 317 2199 §342
356 2146 488 2186 Nocte
525 2146 653 2201 igitur
690 2146 881 2200 quadam,
912 2143 1080 2200 juvenis
1119 2146 1186 2186 ille
1224 2146 1343 2187 fratri
1387 2162 1458 2188 suo
1491 2147 1645 2188 carnali

112 2213 301 2254 habitum
324 2212 532 2267 religionis
552 2213 593 2253 in
615 2212 813 2266 praedicto
836 2212 1019 2253 coenobio
1043 2212 1218 2267 gerenti,
1242 2213 1284 2253 in
1316 2213 1405 2255 visu
1427 2214 1641 2269 apparuit3

113 2285 154 2320 et
186 2279 295 2334 quod
337 2278 479 2319 Beatae
519 2279 665 2319 Mariae
701 2279 890 2333 precibus
921 2294 946 2319 a
966 2278 1232 2321 damnatione
1256 2285 1456 2335 perpetua
1483 2286 1649 2335 ereptus

111 2346 267 2396 fuisset,
307 2345 343 2386 ei
383 2345 586 2399 exposuit.
664 2345 700 2386 Ο
736 2345 841 2386 mira
879 2345 1042 2386 Sanetae
1078 2346 1225 2386 Mariae
1270 2346 1377 2387 circa
1411 2352 1649 2402 peccatores

114 2412 347 2461 clementia,
388 2427 476 2465 quae
513 2411 639 2452 etiam
670 2412 925 2466 temporibus
956 2413 1106 2453 nostris
1140 2411 1355 2467 flagitiosis
1396 2419 1436 2454 et
1476 2414 1648 2468 perditis

114 2478 363 2534 patrocinari
395 2493 476 2518 non
509 2478 669 2527 desinit,
704 2478 776 2519 sed
800 2493 842 2519 se
866 2478 1154 2520 invocantibus
1185 2480 1320 2520 sinum
1355 2480 1647 2521 misericordiae

115 2545 327 2600 expandit,
354 2550 394 2585 et
419 2543 578 2599 judicia
602 2544 699 2585 Filii
721 2545 783 2585 sui
806 2543 923 2599 justa
944 2545 1132 2599 precibus
1151 2546 1363 2600 praevenit,
1406 2547 1648 2601 debitasque

115 2611 400 2667 peccatoribus
422 2626 559 2666 poenas
581 2611 794 2666 suspendit
813 2613 820 2651 1
862 2612 963 2664 Quis
984 2611 1110 2666 igitur
1126 2628 1308 2667 unquam
1331 2613 1381 2654 de
1404 2611 1489 2668 ejus
1510 2618 1646 2667 patro-

116 2678 221 2718 cinio
255 2678 510 2732 desperando
548 2675 732 2718 diffidere
761 2678 927 2732 poterit,
949 2693 1043 2718 cum
1065 2694 1107 2719 se
1132 2679 1407 2728 invocantem,
1431 2680 1527 2720 licet
1555 2678 1647 2734 jam

117 2744 264 2785 inferni
282 2749 322 2785 et
344 2745 489 2785 mortis
506 2744 681 2785 vortices
703 2745 961 2794 subeuntem,
980 2749 1108 2785 tantae
1130 2746 1297 2799 pietatis
1314 2745 1530 2786 dulcedine
1547 2761 1647 2800 prae-

117 2811 318 2851 veniendo
352 2810 486 2864 eripit,
522 2816 563 2851 et
595 2810 717 2851 saluti
755 2811 972 2852 restituere
1014 2826 1094 2852 non
1137 2812 1317 2852 desinit?
1393 2811 1486 2852 Tibi
1521 2813 1649 2867 igitur

120 2876 311 2925 Domina,
334 2877 504 2926 animas,
537 2881 677 2918 nostra
699 2882 739 2917 et
762 2892 932 2932 corpora
953 2882 994 2918 et
1017 2892 1158 2918 omnes
1189 2883 1306 2919 actus
1340 2883 1503 2920 nostros
1539 2894 1648 2919 com-

121 2943 337 2994 mittimus,
362 2948 402 2984 et
424 2943 499 2984 sub
524 2949 595 2984 tua
632 2942 826 2985 dulciflua
862 2944 1116 2998 protectione
1156 2945 1426 3000 confugimus,
1459 2951 1649 3000 petentes
