1839 3186
148 207 201 247 26
664 215 899 248 LIBELLUS
935 216 1000 247 DE
1036 216 1152 247 VITA

145 419 232 445 CAP.
261 419 321 444 ΙΙΙ.
383 419 574 448 QUOMODO
604 418 648 443 IN
681 402 866 443 lARENAS
897 417 1023 443 MARIS
1044 417 1242 443 SICOANTIS
1273 418 1388 444 SOLUs
1419 416 1674 454 PROGRESSUS,

202 486 297 511 TRES
331 486 554 511 DELPHINES
597 485 854 521 REPPERERIT,
901 486 949 510 ΕΤ
984 485 1142 511 FRUSTIS
1178 485 1228 510 DE
1267 486 1348 511 UNO
1379 486 1575 521 DESCISSIS,
1606 485 1675 510 RE-

203 553 377 578 DITURUS
409 553 529 579 UNDls
574 552 731 578 OBSITUS
768 552 941 586 FUER1T3
989 552 1060 577 SED
1097 552 1240 578 TAMEN
1271 552 1390 582 AQUIS
1421 553 1549 578 ILLUM
1585 552 1676 578 OPE-

202 620 430 653 RIENTIBUS,
463 619 634 645 ILLAESUS
665 602 894 645 EVASERIT.2

203 721 225 775 ξ
252 722 320 761 12.
355 719 657 761 GRADIEBATUR
683 719 751 761 via
781 719 907 774 regia,
930 734 1006 759 nec
1037 734 1110 774 pro
1139 719 1401 761 conscientiae
1436 720 1673 762 testimonio

143 788 288 837 elatus,
320 802 396 828 nec
422 802 495 841 pro
522 786 779 842 paupertatis
811 785 1029 840 opprobrio
1061 785 1103 826 in
1137 800 1179 826 se
1207 786 1249 827 in
1280 786 1415 840 aliquo
1446 786 1572 828 animi
1602 803 1674 828 no-

143 854 305 895 bilitate
335 858 580 908 prostratus.
642 852 751 894 Nam
783 852 883 893 dum
907 850 1050 907 junior
1082 856 1205 893 aetate
1242 853 1417 904 exstitit,
1459 853 1502 894 in
1545 853 1674 894 omni-

142 921 219 962 bus
251 920 492 975 parentibus
522 919 604 961 suis
635 918 932 974 subjectionem
963 918 1172 960 servitutis
1204 919 1406 961 exhibuit.
1478 919 1604 961 Unde
1632 925 1674 961 et

142 987 200 1029 eis
233 987 476 1041 quandoque
508 986 705 1028 victualia
734 985 987 1041 perquisivit,
1024 985 1183 1039 quoties
1216 986 1273 1027 eis
1299 986 1498 1042 gravioris
1536 986 1675 1042 inopia

141 1053 400 1109 paupertatis
421 1053 615 1109 obripuit.
686 1052 744 1094 Et
766 1052 861 1107 quia
894 1057 992 1093 tunc
1016 1053 1213 1107 temporis
1237 1051 1337 1094 fines
1363 1053 1543 1096 marinos
1562 1054 1672 1095 inco-

142 1120 231 1171 luit,
256 1121 434 1175 quadam
470 1120 536 1161 die
565 1120 722 1162 victum
755 1119 1000 1174 quaesiturus
1029 1119 1084 1160 ad
1107 1119 1249 1160 littora
1279 1119 1440 1162 marina
1460 1120 1670 1176 processit.

143 1187 318 1229 Fluctus
343 1187 510 1242 quidam
542 1186 690 1228 marini
717 1186 759 1227 in
784 1185 936 1241 seipsos
964 1186 1181 1236 contracti,
1203 1186 1390 1228 littoreos
1417 1187 1528 1229 sinus
1551 1192 1672 1228 terrae

143 1254 401 1305 detexerant,
439 1259 481 1295 et
513 1270 586 1310 per
621 1258 798 1308 quatuor
831 1268 935 1308 pene
967 1252 1158 1294 milliaria
1188 1268 1333 1295 arenas
1372 1253 1573 1295 siccantes
1604 1253 1672 1294 de-

143 1326 368 1363 seruerant.
438 1321 516 1363 Est
541 1320 706 1376 quidem
732 1320 845 1361 locus
877 1319 944 1361 ille
969 1319 1264 1361 3Wellestrem
1287 1320 1434 1372 dictus,
1459 1320 1566 1362 villae
1582 1336 1671 1375 quae

148 1387 363 1443 Spauding
385 1387 536 1429 dicitur
566 1403 669 1443 pene
702 1387 950 1442 contiguus3
984 1386 1056 1428 ubi
1084 1386 1258 1428 detectis
1288 1387 1433 1438 arenis,
1464 1402 1554 1429 mos
1584 1392 1672 1428 erat

142 1454 271 1509 ipsius
310 1454 529 1510 provinciae
570 1454 713 1496 incolis
748 1455 839 1494 loca
869 1452 994 1495 maris
1032 1452 1220 1508 patentia
1255 1454 1498 1508 explorandi
1537 1454 1673 1509 gratia

143 1522 404 1576 perlustrare,
441 1526 482 1563 et
514 1520 716 1576 4praedas,
758 1525 799 1561 et
829 1520 934 1561 forte
971 1519 1052 1561 alia
1081 1520 1219 1574 aliqua
1249 1536 1338 1574 quae
1372 1526 1497 1562 aestus
1524 1520 1671 1561 marini

145 1593 415 1630 consuescunt
445 1588 498 1629 ad
529 1592 673 1643 portus
695 1602 833 1628 secum
861 1586 1099 1638 conducere,
1136 1586 1219 1628 suis
1245 1587 1414 1628 inventa
1448 1587 1589 1628 usibus
1610 1603 1670 1628 re-

145 1670 318 1697 servare.
382 1655 451 1695 Ex
475 1654 538 1696 his
560 1654 668 1695 enim
693 1653 937 1707 quandoque
970 1653 1116 1693 incolae
1135 1653 1301 1694 divitias
1327 1653 1545 1704 asciscunt,
1572 1654 1672 1694 dum

144 1721 220 1763 sibi
248 1722 373 1763 libere
406 1721 567 1762 ceditur
592 1734 858 1774 quaecumque
879 1719 1097 1760 commoda
1124 1719 1179 1760 ibi
1200 1720 1266 1762 vel
1293 1720 1402 1761 bona
1431 1720 1538 1761 forte
1558 1736 1672 1775 repe-

141 1788 266 1829 riunt.
338 1788 465 1829 Unde
495 1794 536 1829 et
569 1787 649 1828 Dei
682 1786 861 1827 famulus
888 1786 964 1827 tali
989 1786 1126 1827 studio
1158 1786 1381 1836 animatus,
1405 1787 1584 1841 quadam
1606 1787 1672 1828 die

141 1855 250 1896 solus
290 1870 434 1896 arenas
471 1854 562 1896 illas
603 1853 834 1894 denudatas
874 1853 1122 1908 perlustrare
1165 1854 1315 1908 coepit3
1369 1854 1440 1895 sed
1477 1853 1572 1907 quia
1615 1853 1672 1894 nil

142 1921 347 1962 commodi
390 1921 433 1962 in
472 1920 661 1976 proximo
701 1919 894 1975 repperit,
936 1919 1114 1961 marinos
1154 1924 1387 1974 protractus
1430 1920 1672 1962 subsecutus

141 1988 264 2042 paulo
295 1988 468 2042 longius,
513 2003 586 2042 per
623 1987 704 2028 tria
742 1985 934 2026 milliaria
970 1985 1181 2040 processit,
1222 1986 1295 2027 ubi
1332 1991 1416 2027 tres
1459 1986 1672 2041 delphines

141 2054 258 2095 siccis
294 2054 334 2094 in
370 2054 504 2095 arenis
546 2053 772 2095 residentes
809 2053 1002 2107 repperit,
1037 2067 1137 2106 quas
1167 2057 1291 2094 aestus
1321 2051 1567 2108 fluctivagus
1602 2052 1671 2093 illo

142 2121 247 2161 forte
282 2121 513 2162 denudatas
548 2120 755 2174 abegerat,
794 2123 867 2159 aut
899 2118 1129 2172 dereliquit.
1191 2119 1376 2172 Quarum
1410 2119 1501 2160 duae
1534 2119 1671 2160 adhuc

140 2187 391 2242 palpitantes
427 2191 468 2227 et
504 2186 690 2228 viventes
721 2185 980 2235 exstiterant,
1016 2185 1142 2226 tertia
1181 2200 1289 2236 ver0,
1324 2200 1414 2239 quae
1450 2186 1492 2226 in
1530 2200 1672 2226 earum

140 2254 277 2294 medio
307 2253 496 2308 exposita
522 2253 669 2302 fuerat,
705 2251 955 2293 semianimis
983 2251 1049 2293 vel
1075 2250 1165 2306 jam
1193 2256 1358 2293 mortua
1391 2252 1669 2306 comparebat.

142 2320 215 2361 Ad
243 2335 343 2374 quas
373 2319 602 2360 admiratus
631 2318 842 2368 accedens,
877 2317 1105 2359 viventium
1141 2318 1307 2371 quidem
1340 2323 1401 2360 est
1439 2319 1668 2369 miseratus,

140 2387 236 2427 licet
271 2402 344 2441 pro
381 2385 526 2440 praeda
560 2389 736 2426 mortuae
769 2384 1031 2432 stimulatus,
1065 2399 1212 2439 nempe
1247 2384 1409 2425 crudele
1443 2384 1671 2439 deputabat

142 2452 393 2508 spirantibus
417 2452 552 2492 adhuc
589 2451 787 2492 creaturis
818 2450 949 2492 vitam
978 2449 1172 2501 adimere,
1208 2465 1302 2491 cum
1332 2466 1451 2491 omne
1480 2450 1670 2505 spirabile

140 2534 192 2559 ex
217 2518 304 2560 vita
324 2518 410 2560 sola
436 2517 647 2558 animabili
670 2532 790 2558 omne
818 2516 880 2558 sui
909 2516 1108 2571 gaudium
1142 2516 1270 2557 soleat
1293 2517 1514 2571 possidere.
1586 2515 1671 2557 Sed

138 2585 234 2639 quia
272 2600 391 2626 omne
424 2584 577 2625 animal
607 2583 844 2637 aquaticum
883 2583 1008 2624 semel
1041 2582 1265 2638 exspirans,
1299 2583 1409 2623 omni
1448 2598 1518 2638 spe
1553 2582 1670 2624 vitali

186 2695 195 2713 ¹
215 2694 373 2741 Arenas]
402 2694 478 2728 MS.
496 2692 708 2737 “l1are11as‚’⁷
726 2692 806 2725 here
824 2692 889 2725 and
908 2692 1100 2725 elsewhere.

186 2741 198 2760 ²
224 2741 307 2775 This
325 2741 462 2786 chapter
480 2741 560 2774 does
578 2746 636 2773 not
654 2751 754 2773 ocem·
772 2738 806 2771 in
818 2739 894 2773 MS.
911 2738 1091 2783 H.,whieh
1109 2738 1230 2771 inserts
1248 2737 1282 2771 in
1300 2737 1343 2770 its
1360 2736 1455 2782 place
1473 2736 1544 2770 that
1559 2736 1670 2769 which

140 2799 190 2820 wc
208 2787 292 2820 have
310 2788 408 2832 given
426 2788 543 2822 above.

185 2834 198 2852 ³
221 2833 452 2880 IVellescrem]
498 2834 571 2867 The
605 2833 691 2866 river
720 2831 895 2874 WcHand,
930 2831 965 2864 in
999 2830 1244 2874 Lincolnshire,
1278 2841 1368 2875 upon
1403 2829 1513 2863 which
1551 2828 1668 2862 stands

143 2879 315 2924 Spalding.

185 2927 197 2946 '¹
217 2925 383 2971 Praeclas]
412 2926 485 2959 MS.
506 2925 642 2971 praedia.
