1839 3186
200 158 283 199 126
715 167 948 200 LIBELLUs
985 168 1048 199 DE
1084 168 1200 199 VITA

256 271 275 324 ᾗ
300 273 396 312 118.
434 270 539 313 Cum
561 287 657 313 vero
672 269 763 328 jam
787 272 798 293 ¹
818 272 1076 328 intempestae
1112 273 1245 314 noctis
1276 273 1438 314 silentio
1469 288 1553 314 nox
1584 274 1626 314 in
1657 288 1729 315 suo

197 353 319 380 cursu
339 338 523 379 medium
545 338 624 379 iter
650 344 805 394 ageret,
837 340 1046 394 persoluto
1077 341 1208 381 solitae
1241 339 1440 380 orationis
1466 338 1611 391 officio,
1635 355 1730 381 con-

195 405 292 460 tigit
314 410 360 446 ut
383 420 524 447 servus
560 405 641 446 Dei
670 405 721 446 de
751 404 918 447 flumine
941 406 1230 457 conscendens,
1254 406 1308 447 ad
1334 406 1564 447 Ecclesiam
1587 406 1731 448 Sancti

196 471 227 512 J
231 471 403 513 ohannis
425 472 609 514 concitus
636 477 904 528 properaret3
938 478 1155 515 nocturnae
1176 474 1284 514 enim
1306 473 1460 514 ibidem
1490 474 1728 528 psalmodiae

196 554 371 594 pensum
409 539 640 594 persolvere
683 539 827 588 voluit,
867 555 989 593 quem
1024 544 1147 594 prout
1188 544 1359 581 noverat
1392 539 1473 580 11110
1508 540 1728 581 decantare

196 620 358 661 semper
381 605 607 647 consuevit.
678 605 800 647 Vidit
821 605 948 660 igitur
970 606 1106 647 subito
1122 606 1164 647 in
1185 606 1275 661 ripa
1294 605 1474 647 fluminis
1490 607 1603 660 quasi
1623 607 1728 649 viros

196 672 299 714 duos
335 687 377 714 se
413 672 656 727 praecedere,
692 671 743 713 de
785 687 958 726 quorum
988 672 1120 713 forma
1147 687 1219 714 seu
1259 671 1391 727 figura
1419 673 1521 714 nihil
1559 673 1725 714 omnino

192 744 344 794 praeter
363 740 555 781 umbram
586 738 716 780 instar
746 754 964 793 corporum
1000 739 1273 780 relucentium
1304 739 1441 794 potuit
1472 740 1563 781 visu
1602 756 1726 795 pene-

194 810 334 847 trante
375 806 600 847 dinoscere.
688 805 960 847 Gradientem
1000 806 1289 861 praecedebant
1330 821 1378 846 ac
1420 806 1572 861 pedum
1614 812 1727 848 certa

192 872 368 928 vestigia
381 873 543 914 nivibus
564 871 764 927 impressa
778 873 1012 914 recentibus
1025 873 1416 928 praemonstrabant.
1459 873 1726 915 Praenoscens

193 938 321 995 igitur
341 939 409 981 ille
442 940 483 980 in
517 939 666 994 spiritu
684 939 850 993 aliquod
871 939 949 980 hoc
971 954 1057 981 esse
1078 940 1290 995 spirituale
1312 939 1535 990 oraculum,
1558 940 1615 980 nil
1637 956 1726 995 per-

193 1006 474 1047 cunctandum
516 1006 706 1056 credidit,
752 1005 851 1060 quid
896 1006 991 1048 talis
1033 1006 1138 1062 signi
1178 1004 1460 1061 praefiguraret
1512 1006 1724 1049 indicium.

194 1072 385 1128 Denique
425 1078 472 1114 ut
516 1071 779 1114 “'nionasterii
817 1073 879 1114 sui
917 1073 1061 1114 limina
1095 1073 1234 1123 subiit,
1278 1073 1511 1127 ostiumque
1544 1089 1570 1114 a
1609 1078 1725 1128 tergo

192 1140 373 1189 reclusit,
399 1140 505 1182 vidit
527 1139 630 1181 duos
660 1139 847 1181 homines
869 1155 985 1181 secus
1013 1140 1173 1181 Altaris
1205 1139 1266 1181 sui
1287 1140 1441 1194 gradus
1473 1141 1721 1188 consistere3

191 1207 400 1262 versisque
421 1207 464 1248 in
487 1222 582 1248 eum
603 1206 742 1256 oculis,
765 1206 917 1248 talibus
937 1222 1043 1248 unus
1076 1221 1217 1247 eorum
1238 1206 1373 1261 ipsum
1396 1206 1516 1262 coepit
1539 1207 1726 1261 alloquiis

193 1274 424 1315 convenire.
497 1277 522 1295 “
545 1273 766 1328 Oognoscis
786 1288 864 1324 me,
888 1273 946 1314 mi
966 1273 1211 1314 Gocl1·ice?”
1272 1273 1336 1314 At
1358 1273 1440 1321 ille,
1472 1278 1497 1296 ‘⁶
1520 1273 1628 1324 Non,
1665 1274 1724 1314 in-

194 1355 331 1394 quam,
363 1341 512 1381 domne
528 1339 568 1389 ;”
599 1340 654 1381 ad
675 1355 764 1394 quae
786 1338 960 1395 subjecit
982 1340 1062 1390 ille,
1091 1344 1115 1362 ‘⁶
1140 1340 1232 1395 Ego
1255 1354 1345 1382 sum
1367 1340 1397 1380 J
1402 1340 1583 1382 ohannes
1614 1340 1724 1395 Bap-

192 1408 306 1458 tista,
333 1408 397 1448 cui
419 1407 542 1448 toties
562 1422 636 1462 pro
673 1407 812 1448 anima
838 1407 984 1449 matris
1018 1412 1100 1448 tuae
1129 1422 1270 1462 preces
1295 1406 1497 1455 obtulisti,
1517 1412 1558 1448 et
1580 1407 1621 1448 in
1643 1422 1722 1461 quo

189 1474 391 1516 hactenus
430 1489 513 1515 non
553 1473 760 1515 immerito
797 1488 962 1514 omnem
1002 1474 1089 1528 spei
1124 1472 1318 1514 fiduciam
1356 1473 1543 1528 posuisti.
1614 1473 1724 1514 Nam

191 1556 298 1591 ecce,
333 1541 422 1582 haec
450 1546 511 1582 est
541 1541 681 1581 anima
714 1540 859 1582 matris
897 1545 992 1589 tuae,
1025 1555 1098 1595 pro
1127 1555 1208 1595 qua
1239 1539 1309 1581 diu
1341 1540 1563 1589 laborasti3
1599 1555 1722 1594 quam

190 1613 312 1649 nocte
344 1608 437 1657 ista,
473 1608 654 1649 Domino
679 1607 868 1662 precibus
904 1607 987 1649 tuis
1017 1611 1238 1657 annuente,
1273 1606 1324 1648 de
1359 1607 1586 1661 poenalibus
1620 1607 1721 1648 locis

190 1675 334 1730 eripui,
366 1679 490 1729 atque
521 1674 602 1715 huc
637 1688 800 1715 mecum
832 1674 884 1715 ob
916 1674 978 1714 tui
1012 1673 1333 1715 consolationem
1380 1674 1599 1723 transtuli3
1656 1673 1722 1715 cui

190 1741 340 1783 amodo
364 1757 438 1797 ego
460 1741 691 1783 custodiam
714 1746 906 1795 gesturus
927 1755 1010 1789 ero,
1043 1740 1140 1794 quia
1174 1755 1265 1781 eam
1286 1755 1448 1781 mecum
1477 1740 1532 1781 ad
1567 1739 1721 1796 gaudia

190 1808 380 1864 perennis
418 1808 558 1864 gloriae
590 1807 686 1849 hinc
727 1807 1011 1849 devehendam
1051 1812 1220 1862 paratus
1258 1807 1425 1848 exsisto,
1508 1806 1567 1848 Et
1614 1822 1720 1859 0000,

190 1875 357 1930 spiritus
378 1876 523 1916 matris
544 1879 630 1915 tuae
651 1874 718 1915 hic
739 1889 902 1915 mecum
924 1874 1123 1923 consistit,
1150 1888 1272 1927 quem
1291 1873 1431 1915 oculus
1447 1878 1543 1915 tuus
1560 1874 1720 1929 plenius

191 1942 402 1983 dinoscere
422 1939 616 1996 poterit.’'
679 1941 730 1981 In
765 1939 881 1995 cujus
906 1940 1045 1981 vultus
1080 1940 1291 1981 oculorum
1312 1939 1421 1981 acies
1442 1940 1633 1994 dirigens,
1671 1955 1719 1982 ac

191 2008 340 2063 saepius
357 2008 608 2062 intorquens,
628 2007 818 2062 spiritum
838 2006 983 2047 matris
1004 2020 1086 2047 suae
1107 2006 1223 2047 illum
1245 2021 1331 2047 esse
1368 2007 1573 2061 cognovit,
1597 2022 1719 2061 quem

190 2089 306 2117 secus
350 2074 381 2115 J
384 2074 589 2115 ohannem
617 2073 852 2128 Baptistam
884 2078 992 2114 stare
1025 2073 1250 2127 perspexit.
1321 2072 1510 2127 Denique
1543 2078 1631 2115 tam
1653 2073 1721 2130 jo·-

190 2141 326 2183 cunda
346 2141 447 2183 visio
482 2141 534 2182 ab
566 2140 693 2182 oculis
723 2138 809 2195 ejus
841 2140 982 2181 ablata
1014 2144 1104 2188 est,
1139 2154 1263 2193 quam
1300 2139 1503 2194 spirituali
1536 2145 1717 2181 contem-

189 2208 371 2264 platione
396 2207 557 2249 animus
576 2207 684 2248 illius
707 2221 967 2262 prosequens,
1004 2206 1048 2247 in
1072 2203 1309 2261 hujusmodi
1331 2206 1606 2248 suavitatibus
1631 2207 1719 2247 diu-

188 2275 344 2317 tissime
387 2274 624 2315 demoratus
664 2278 740 2315 est.
819 2272 1095 2315 Postmodum
1127 2285 1221 2314 vero
1256 2272 1510 2314 orationibus
1542 2288 1590 2314 ac
1625 2288 1717 2328 gra-

188 2342 343 2383 tiarum
385 2341 616 2382 actionibus
655 2340 759 2381 adeo
804 2339 1162 2382 vehementissime
1215 2339 1408 2390 intendit,
1455 2339 1564 2393 quod
1615 2355 1719 2394 pene

188 2408 398 2449 hominem
438 2407 605 2456 oblitus,
642 2412 806 2448 terrena
846 2411 996 2447 cuncta
1038 2406 1354 2449 transcenderit.
1424 2405 1534 2447 Nam
1574 2412 1718 2461 postea

187 2507 339 2547 tempore
364 2511 425 2534 suo
451 2499 493 2533 de
510 2499 650 2532 flumine
675 2499 893 2543 ascendisset,
917 2499 1108 2544 properavit
1133 2499 1175 2532 ad
1201 2499 1378 2533 ecclesiam
1407 2499 1520 2532 Sancti
1539 2498 1717 2542 Johannis,

189 2549 236 2582 ibi
253 2559 397 2593 pensum
421 2546 581 2579 orationis
607 2551 639 2579 et
656 2545 853 2591 psalmodiae
878 2558 938 2590 pro
959 2545 1204 2579 consuetudine
1230 2546 1412 2579 soluturus.
1463 2545 1561 2578 Vidit
1579 2545 1716 2590 quidem

186 2595 299 2629 subito
313 2593 408 2639 quasi
423 2593 507 2627 duos
523 2592 678 2625 homines
694 2592 914 2637 procedentes
928 2605 937 2634 3
963 2604 1104 2637 quorum
1117 2592 1257 2636 vestigia
1275 2592 1309 2625 in
1327 2592 1452 2625 recenti
1470 2592 1546 2625 nive
1560 2591 1718 2625 cernebat

187 2642 232 2675 im
259 2639 387 2675 ressa.⁷’

236 2654 472 2732 ¹pIntempestae
498 2686 601 2719 noctis
629 2684 790 2731 silentia]
819 2685 850 2718 A
873 2685 1041 2718 favourite
1075 2684 1271 2730 expression
1300 2684 1382 2717 with
1410 2683 1587 2729 Reginald.
1653 2684 1716 2717 See

189 2734 310 2768 Libell.
330 2734 370 2767 de
388 2734 422 2767 S.
437 2732 561 2766 Cuthb.
579 2744 635 2777 pp.
655 2734 734 2774 105,
751 2733 829 2772 114,
851 2734 927 2774 140,
948 2733 1026 2772 141,
1046 2731 1109 2765 &c.

232 2782 245 2800 ²
264 2779 495 2825 Monasterih]
519 2779 582 2812 See
599 2778 697 2824 again
715 2778 731 2823 ξ
749 2780 825 2812 120.
852 2780 873 2796 ⁴‘
886 2778 1133 2811 Monasterium
1152 2777 1252 2810 unius
1270 2776 1426 2810 monachi
1444 2776 1608 2810 habitatio
1626 2776 1715 2810 cst.''

187 2828 347 2861 Vincent.
365 2826 537 2860 Bellovac.
555 2825 689 2871 Specul.
706 2824 808 2858 Doct.
825 2825 873 2858 xi.
894 2827 947 2868 22,
966 2835 998 2869 p.
1020 2824 1121 2859 1007.
1170 2824 1233 2857 See
1260 2823 1330 2857 also
1349 2824 1476 2857 Suiecr.
1498 2824 1661 2857 Thesaur.
1681 2823 1715 2856 in

187 2887 217 2910 v.
236 2872 487 2918 Μοναστήριον.
