1839 3186
168 176 224 216 90
704 183 943 216 LIBELLUS
980 184 1044 215 DE
1081 185 1197 216 VITA

172 287 343 329 tandem
364 286 651 328 hirsutissimis
675 302 717 328 se
739 291 874 328 totum
903 287 1106 342 ingerens,
1130 286 1260 328 tantis
1282 287 1520 329 vulneribus
1544 302 1709 328 carnem

175 354 439 396 dilacerando
463 353 475 374 ¹
490 354 735 404 vulneravit,
759 353 870 407 quod
898 358 989 394 tota
1017 369 1111 394 caro
1145 353 1309 408 proprio
1333 355 1532 409 sanguine
1565 354 1708 395 made-

173 426 250 472 ret,
275 425 316 462 et
337 425 492 462 terram
517 420 761 474 quandoque
782 419 993 474 irrigando
1021 420 1273 475 perfundens
1292 420 1522 475 gradientis
1534 420 1711 475 vestigia

173 488 387 542 perspicue
418 487 590 529 servulis
637 485 724 542 ejus
766 487 1018 527 ostenderet.
1088 484 1345 541 Hujusmodi
1385 487 1710 542 temptationum

171 554 361 595 ludibriis
381 569 454 608 per
476 553 633 607 aliquot
664 568 795 594 annos
813 553 1004 594 laborans
1025 553 1144 594 miles
1170 553 1337 602 Christi,
1363 553 1540 604 vincere,
1564 558 1605 593 et
1626 567 1710 593 non

173 620 296 671 vinci,
318 620 558 668 contendit3
594 625 635 661 et
655 633 803 674 eorpus
824 620 1020 674 gravibus
1046 619 1232 660 ulcerum
1255 619 1465 661 doloribus
1486 619 1710 674 saepissime

174 702 419 742 exasperare
439 701 522 727 non
547 685 722 727 destitit.
784 685 894 726 Ecce
931 685 1102 727 alterius
1134 685 1165 725 J
1168 686 1220 726 ob
1251 686 1318 726 hic
1352 687 1581 727 certamina
1603 685 1710 727 redi-

176 753 270 794 viva
305 753 591 807 conspicimus,
628 757 670 793 et
707 752 842 793 carnis
879 750 1123 793 afflictiones
1160 752 1392 793 consimiles
1430 752 1709 807 providemus.

175 819 374 860 Permisit
414 819 581 873 quidem
603 818 809 859 Dominus
849 817 1014 859 Satanae
1052 823 1100 858 ut
1140 822 1244 873 typo
1277 817 1293 839 2
1309 818 1429 859 Beati
1463 818 1494 859 J
1497 819 1550 860 ob
1587 817 1710 874 hujus

174 885 335 941 tyronis
366 885 428 926 sui
453 899 546 926 ossa
566 890 608 926 et
627 899 793 926 carnem
814 889 1031 939 tangeret3
1067 890 1109 925 et
1131 882 1260 939 juxta
1283 884 1426 926 Sancti
1449 885 1571 926 Pauli
1593 885 1644 925 de
1667 900 1710 926 se

173 952 379 1005 loquentis
411 950 710 1001 testimonium,
748 950 961 992 ³stimulos
993 951 1127 992 carnis
1164 951 1393 1005 perciperet
1428 966 1522 992 cum
1564 951 1711 1006 angelo

179 1017 347 1059 Satanae
371 1017 439 1072 qui
461 1032 556 1058 eum
580 1017 873 1072 colaphizaret.

243 1085 265 1139 ᾗ
289 1082 356 1128 78.
395 1084 499 1125 Post
526 1084 706 1124 multum
728 1099 825 1125 vero
846 1083 1047 1138 temporis
1068 1098 1163 1124 eum
1183 1084 1397 1138 patientiae
1422 1084 1550 1139 ipsius
1571 1083 1711 1139 longa-

174 1150 410 1191 nimitatem
448 1150 653 1192 Dominus
688 1149 871 1200 vidisset,
906 1150 1028 1204 coepit
1059 1150 1263 1205 paulatim
1294 1150 1582 1205 temptationis
1611 1165 1713 1191 aura

176 1217 385 1258 defervere
408 1221 449 1257 et
471 1216 677 1270 quiescere
696 1234 706 1265 ;
742 1221 783 1257 01
806 1216 946 1258 divina
967 1216 1284 1271 dispensationis
1307 1217 1569 1271 providentia
1588 1215 1710 1271 4pro-

174 1288 347 1324 ventum
369 1298 462 1324 cum
484 1282 758 1337 temptatione
780 1282 952 1332 efficere,
975 1287 1023 1323 ut
1053 1277 1068 1299 ⁵
1083 1282 1215 1338 ignita
1238 1283 1390 1324 diaboli
1412 1282 1554 1338 jacula
1574 1288 1712 1337 posset

176 1349 306 1391 lenius
330 1355 370 1390 et
392 1349 571 1390 alacrius
607 1349 821 1390 sustinere.
884 1349 967 1390 Per
1000 1363 1129 1390 annos
1150 1354 1290 1390 tamen
1313 1349 1589 1404 quadraginta
1608 1364 1712 1389 nun-

175 1431 300 1469 quam
316 1416 482 1457 omnino
503 1408 520 1432 6
535 1415 716 1457 libidinis
733 1415 966 1456 daemonem
984 1415 1200 1456 devincere
1221 1416 1370 1470 potuit,
1388 1415 1460 1457 sed
1478 1416 1713 1470 frequenter

178 1489 220 1523 et
242 1483 389 1537 saepius
408 1481 651 1537 gravissima
670 1497 765 1523 cum
787 1482 856 1522 illo
876 1481 1167 1522 colluctamina
1188 1482 1384 1523 sustinuit
1405 1499 1415 1530 ;
1451 1482 1601 1523 exinde
1617 1497 1714 1522 vero

177 1553 225 1589 ut
262 1549 417 1590 Christi
452 1549 570 1590 miles
606 1548 814 1598 emeritus,
850 1548 985 1589 nullas
1031 1548 1372 1602 phantasmatum
1413 1549 1626 1589 illecebras
1660 1548 1714 1589 ab

177 1616 295 1656 hoste
313 1615 562 1669 nequissimo
594 1620 656 1656 est
678 1629 906 1669 perpessus.
969 1614 1111 1655 Ardor
1133 1614 1300 1668 quidem
1322 1615 1456 1656 carnis
1486 1613 1578 1670 jam
1614 1619 1714 1655 tunc

180 1696 233 1722 ex
253 1686 372 1722 tanto
399 1681 601 1737 refriguit,
625 1681 735 1735 quod
756 1680 931 1722 luxuriae
952 1680 1085 1722 virtus
1105 1681 1220 1722 nulla
1250 1680 1291 1721 in
1328 1696 1375 1721 eo
1401 1681 1623 1736 corporalis
1645 1696 1715 1735 ap-

181 1748 319 1803 paruit
340 1748 406 1790 vel
428 1748 628 1803 respirare
649 1747 663 1772 ⁷
681 1748 878 1803 potuerit.

222 1826 233 1846 ¹
260 1826 292 1860 V
289 1825 482 1872 ulneravit]
511 1825 654 1868 Galfrid,
675 1823 693 1870 ξ
711 1828 764 1869 1Ο,
782 1825 862 1858 11010
879 1825 1029 1859 remarks
1047 1824 1120 1858 that
1138 1825 1173 1858 in
1190 1824 1257 1858 this
1275 1829 1407 1870 respect
1419 1824 1545 1858 Godric
1563 1824 1718 1857 imitated

178 1872 235 1906 the
253 1873 410 1918 example
428 1873 465 1906 of
479 1873 527 1907 St.
546 1872 723 1906 Benedict.

226 1919 238 1937 ²
258 1919 358 1952 Beati
374 1918 467 1965 Job,]
496 1919 518 1953 i.
537 1921 569 1952 9.

223 1966 238 1986 3
253 1965 409 1999 Stimulos
424 1964 562 2011 carnis]
591 1967 611 1998 2
629 1964 707 1998 Cor.
725 1964 787 1997 xii.
808 1965 840 1999 7.
889 1964 952 1997 See
969 1963 1040 1997 also
1060 1960 1078 2008 ξ
1098 1964 1151 1998 76.
1203 1963 1304 2008 Upon
1322 1963 1390 1997 this
1408 1963 1664 2008 interpretation
1682 1963 1721 1996 of

178 2012 228 2046 St.
247 2011 362 2045 Paul’s
382 2012 497 2045 Thorn
522 2013 557 2045 in
575 2011 632 2044 the
651 2011 766 2054 Flesh,
785 2023 841 2044 see
858 2010 915 2044 the
933 2009 1082 2043 remarks
1101 2010 1139 2043 of
1152 2010 1281 2054 Bishop
1300 2010 1379 2043 Bull
1397 2010 1432 2042 in
1457 2010 1510 2042 his
1529 2010 1622 2042 Fifth
1642 2010 1718 2043 Ser-

178 2069 270 2101 mon,
287 2070 321 2103 p.
340 2061 396 2101 89,
415 2058 495 2091 edit.
515 2058 597 2091 Oxf.
618 2060 718 2091 1840.
770 2057 843 2090 The
860 2056 1117 2101 interpretation
1129 2056 1241 2089 which
1260 2056 1427 2100 Reginald
1445 2056 1524 2089 here
1540 2056 1671 2089 follows
1690 2056 1718 2089 is

179 2104 352 2137 borrowed
369 2105 454 2137 from
473 2105 507 2137 S.
526 2103 672 2145 lsidore3
699 2104 851 2136 Sentent.
869 2103 892 2136 l.
910 2102 944 2136 ii.
960 2114 1033 2147 cap.
1044 2105 1099 2147 39,
1117 2114 1150 2148 p.
1169 2105 1249 2146 448,
1263 2103 1330 2135 and
1347 2102 1370 2135 1.
1389 2102 1439 2136 111.
1457 2114 1529 2147 cap.
1542 2105 1574 2146 2,
1591 2114 1624 2147 p.
1637 2104 1718 2146 456,

181 2150 262 2184 edit.
277 2150 335 2183 fol.
354 2151 427 2184 Col.
448 2151 547 2185 1617.

226 2197 238 2216 ‘¹
257 2196 489 2242 Proventum]
519 2200 535 2230 1
557 2196 635 2230 Cor.
653 2208 688 2231 X.
709 2198 764 2230 13.
1108 2196 1121 2214 ⁵
1140 2194 1289 2241 Ignita]
1318 2195 1405 2240 Eph.
1422 2194 1465 2228 vi.
1485 2196 1540 2229 16.

227 2244 240 2264 ⁶
260 2242 425 2277 Libidinis
440 2242 642 2322 daenzonenafl
670 2243 733 2276 See
752 2239 770 2287 ξ
789 2243 846 2275 95.
896 2241 1091 2286 According
1108 2248 1142 2275 10
1160 2241 1217 2274 1110
1235 2242 1334 2275 mode
1361 2242 1399 2274 of
1418 2241 1577 2286 thinking
1600 2241 1635 2274 in
1660 2240 1718 2274 the

180 2289 313 2323 Middle
330 2291 433 2334 Ages,
452 2290 579 2323 certain
605 2301 622 2322 0
639 2301 729 2323 asses
756 2289 793 2321 os
813 2288 1016 2333 temptation
1042 2288 1172 2321 formed
1198 2288 1255 2321 the
1281 2288 1431 2333 peculial·
1458 2288 1658 2332 occupatiori
1685 2288 1723 2320 of

181 2336 308 2368 certain
325 2336 512 2369 individual
530 2336 681 2369 demens.
734 2335 829 2368 Thus
846 2346 896 2368 we
922 2334 1007 2368 have
1029 2334 1086 2368 the
1106 2334 1238 2367 Demon
1265 2335 1303 2367 of
1324 2334 1420 2378 Lust,
1448 2331 1466 2379 ξ
1486 2337 1525 2368 81
1533 2360 1542 2376 ‚
1560 2333 1717 2379 Append.

181 2382 302 2416 Mirac.
329 2383 424 2424 xiv.;
450 2383 508 2415 the
534 2382 668 2415 Demon
695 2382 733 2415 of
756 2378 970 2427 Ava1·ice,§§
999 2383 1078 2425 260,
1105 2383 1198 2422 261;
1232 2381 1299 2414 and
1328 2381 1363 2413 in
1390 2381 1448 2414 the
1477 2380 1656 2413 Chronicle
1685 2380 1723 2413 of

182 2428 377 2472 Lanercost,
400 2441 433 2474 p.
454 2429 531 2472 137,
550 2441 600 2462 we
629 2428 709 2461 read
727 2428 764 2461 of
785 2427 842 2460 the
866 2438 1075 2472 appearance
1098 2427 1135 2460 of
1156 2427 1214 2460 the
1237 2427 1371 2460 Demon
1401 2427 1438 2460 of
1462 2426 1718 2459 Drunkenness.

181 2475 244 2508 See
263 2475 423 2509 Vineent.
442 2475 615 2508 Bellovac.
632 2475 729 2519 spec.
748 2473 871 2507 Moral.
889 2486 922 2518 p.
943 2474 1044 2516 1375,
1062 2473 1129 2506 and
1147 2473 1244 2518 Spec.
1258 2473 1341 2506 Nat.
1354 2473 1390 2506 ii.
1407 2485 1479 2518 cap.
1503 2475 1579 2514 112,
1591 2484 1623 2516 p.
1641 2474 1718 2506 149.

182 2521 352 2566 Speaking
380 2521 418 2554 of
446 2521 542 2554 these
567 2521 696 2554 satanic
723 2526 852 2565 agents,
880 2520 980 2552 Peter
1005 2519 1176 2553 Lombard
1193 2519 1305 2553 writes
1329 2519 1428 2552 thus:
1456 2518 1634 2560 “Quidam
1661 2518 1719 2551 uni

181 2568 373 2612 provinciae,
399 2568 536 2613 quidam
562 2567 621 2600 uni
646 2566 787 2609 homini,
813 2566 917 2610 aliqui
943 2565 1045 2599 etiarn
1074 2566 1132 2599 uni
1162 2565 1244 2599 vitio
1271 2571 1430 2610 praesunt.
1472 2565 1557 2597 Inde
1582 2564 1721 2609 spiritus

182 2625 270 2647 unus
288 2614 412 2647 dicitur
437 2613 622 2659 Superbiae,
647 2613 733 2646 alius
759 2612 897 2657 spiritus
926 2612 1097 2654 Luxuriae,
1122 2612 1185 2645 &e.
1215 2612 1294 2656 quia
1321 2611 1362 2644 de
1385 2611 1443 2644 illo
1469 2611 1551 2644 vitio
1568 2610 1719 2643 maxime

182 2666 294 2705 potest
312 2660 454 2705 quilibet
484 2660 637 2693 homines
666 2665 807 2701 tentare,
838 2670 857 2691 a
884 2670 950 2702 quo
979 2659 1197 2691 nominantur
1214 2658 1246 2699 ;”
1274 2659 1367 2691 80111.
1390 2657 1448 2690 lib.
1474 2657 1509 2689 ii.
1529 2657 1606 2690 dist.
1626 2659 1647 2690 6
1666 2657 1719 2690 B:

184 2718 274 2751 upon
290 2707 401 2740 which
419 2718 560 2752 passage
585 2717 641 2739 see
666 2705 723 2738 the
751 2705 993 2749 Commentary
1010 2704 1048 2737 of
1068 2704 1198 2747 Estius,
1216 2704 1251 2737 ii.
1269 2706 1324 2747 54,
1343 2703 1424 2737 edit.
1441 2703 1499 2737 fol.
1519 2703 1595 2737 Par.
1617 2705 1719 2744 1696,

184 2752 250 2785 and
268 2753 301 2785 S.
322 2753 443 2786 Thorn.
463 2754 556 2786 Sum.
577 2751 740 2796 Theolog.
758 2751 780 2785 i.
794 2762 826 2795 p.
853 2762 884 2794 q.
899 2753 954 2793 63,
980 2756 1042 2784 art.
1058 2751 1091 2784 2.

232 2799 245 2818 ⁷
262 2799 453 2845 Potuerit]
481 2799 602 2832 “Cum
621 2810 698 2832 vero
716 2798 765 2831 sic
783 2808 861 2830 eum
879 2802 1061 2841 temptator
1078 2806 1235 2841 superare
1253 2807 1319 2829 non
1345 2801 1470 2841 posset,
1491 2795 1601 2840 ipsum
1621 2794 1720 2828 vehe-

184 2845 289 2878 menti
318 2845 470 2879 libidinis
500 2846 576 2890 igne
605 2843 795 2878 succendit.
858 2842 933 2876 Hoc
963 2842 1020 2875 ille
1050 2842 1271 2887 persentiens,
1304 2842 1426 2886 vigiliis
1452 2842 1659 2886 longioribus
1688 2847 1722 2875 et

179 2891 320 2934 jejuniis
339 2903 457 2936 eorpus
476 2892 638 2934 edomuit,
653 2892 700 2924 ita
718 2896 754 2924 ut
773 2894 916 2934 quatuor
933 2895 1049 2922 noctes
1068 2888 1245 2922 continuas
1260 2889 1396 2922 duceret
1414 2888 1598 2930 insomnes,
1613 2893 1645 2921 et
1663 2899 1722 2932 per
