1839 3186
547 225 606 256 ET
641 226 908 259 MIRACULIS
946 227 977 257 S.
1005 225 1221 257 GODRICI.
1605 218 1661 263 57

119 347 198 385 quo
230 337 433 372 terrarum
457 346 524 371 me
554 330 714 385 regredi
728 329 890 386 jubeas,
913 330 978 372 vel
1007 330 1078 371 ubi
1099 330 1301 383 reliquum
1324 329 1367 371 id
1392 330 1502 383 quod
1525 346 1664 388 super-

121 402 182 439 est
204 398 302 439 vitae
324 413 425 438 111030
448 398 488 438 111
512 397 603 438 Tua
625 397 822 439 servitute
847 413 912 438 me
934 395 1230 451 perficiendum
1257 395 1267 416 ¹
1286 396 1518 439 instituas.''

178 464 195 517 §
218 466 285 506 43.
320 465 422 505 Post
444 465 532 504 11300
557 469 598 505 01
626 464 774 505 similia
795 464 857 506 vir
879 464 960 504 Dei
983 463 1265 504 Ierosolilnam
1287 478 1496 518 regressus
1525 469 1600 515 051,
1624 470 1666 506 01

124 547 196 587 per
217 546 377 572 menses
401 531 558 584 aliquos
590 546 699 571 1111110
731 530 773 571 111
794 530 809 551 ²
827 530 1041 585 Hospitali
1071 530 1349 571 ministerium
1378 530 1528 572 devote
1550 531 1666 572 verbi

123 598 429 652 languentibus,
469 597 510 637 in
551 597 698 651 quibus
737 597 888 652 potuit,
939 596 1115 638 officiose
1157 596 1383 652 impendit,
1442 597 1666 651 aliquando

124 664 178 705 ad
200 664 473 719 Sepulchrum
496 663 665 704 Domini
688 669 879 705 oraturus
901 663 1072 705 accessit
1102 668 1143 704 et
1165 663 1403 717 frequenter
1424 663 1465 704 in
1490 664 1666 719 Templo

124 730 293 772 Domini
315 736 413 772 vota
440 730 495 786 pii
525 731 703 785 pectoris
732 730 907 772 devotus
932 730 1123 771 exsolvit.
1187 730 1408 771 Multoties
1438 730 1527 772 loca
1549 746 1669 772 sacra

123 797 375 846 circumivit3
410 813 518 838 1111110
551 797 592 838 111
620 797 766 838 Monte
794 796 808 818 ³
827 797 980 839 Oliveti
1017 796 1250 838 Dominicae
1286 796 1554 839 Ascensionis
1576 813 1666 839 ves-

124 865 227 920 tigia
260 864 453 906 4devotis
484 865 549 919 pie
581 864 760 906 lacrimis
791 864 955 920 rigavit,
985 863 1108 904 modo
1144 863 1215 904 ubi
1249 863 1456 906 Dominus
1484 862 1500 885 ⁵
1503 862 1669 920 jejuna-

126 937 242 973 verat
269 936 309 972 et
337 932 404 972 ille
436 930 699 972 devotissime
721 930 960 985 aliquandiu
992 946 1016 971 a
1047 930 1231 971 ciborum
1253 929 1549 972 refectionibus
1573 931 1671 972 abs-

126 998 295 1039 tinendo
333 997 513 1038 duravit.
595 997 678 1038 Per
713 998 801 1038 haec
833 1002 874 1038 et
906 997 987 1038 alia
1023 1002 1064 1038 et
1098 997 1217 1052 plura
1247 991 1515 1038 6sanctorum
1546 997 1670 1038 habi-

125 1065 264 1105 tacula
302 1064 514 1105 sollicitius
548 1063 737 1111 divertit;
777 1064 944 1118 insuper
979 1069 1020 1105 et
1051 1062 1306 1104 heremiticae
1344 1064 1672 1106 conversationis

125 1131 342 1185 sepulchra
395 1131 615 1172 secretiora
664 1131 755 1185 pius
797 1130 1034 1185 explorator
1075 1129 1340 1171 devotissime
1384 1130 1668 1185 investigavit.

128 1197 234 1239 Sunt
261 1198 428 1252 quidem
455 1197 497 1238 in
529 1203 640 1239 terra
671 1196 760 1252 ipsa
787 1196 802 1222 ⁷
821 1197 1024 1252 speluncae
1056 1196 1267 1251 perplures
1295 1201 1336 1237 et
1372 1197 1667 1248 subterraneae,

125 1270 275 1305 natura
299 1269 508 1319 operante,
547 1263 661 1318 quasi
699 1264 741 1304 in
780 1264 891 1306 saxis
919 1268 960 1305 01
992 1263 1163 1318 rupibus
1194 1263 1347 1317 absque
1379 1264 1489 1304 omni
1513 1264 1669 1305 cusoris

125 1331 299 1372 artificio
341 1331 440 1372 satis
475 1346 641 1386 operose
673 1335 798 1385 atque
832 1330 1041 1385 eleganter
1075 1330 1239 1371 excisae.
1304 1329 1354 1370 In
1389 1330 1536 1384 quibus
1566 1346 1670 1371 11011-

127 1398 228 1438 nulli
259 1397 474 1439 hominum
519 1397 699 1439 solitarie
740 1402 1049 1448 conversantur,
1084 1397 1163 1451 -qui
1205 1396 1347 1437 Eremi
1388 1396 1578 1439 Cultores
1619 1397 1672 1439 ab

175 1489 183 1508 ¹
205 1488 400 1536 Instituas]
440 1488 515 1522 The
535 1488 699 1522 Harleian
718 1488 932 1533 abridgment
949 1488 1028 1521 thus
1046 1486 1206 1533 proceeds
1224 1500 1230 1521 :
1258 1488 1280 1505 ‘⁶
1304 1486 1453 1520 Tantum
1472 1486 1574 1531 igitur
1589 1498 1672 1531 gau-

125 1536 219 1569 dium
237 1536 411 1581 spirituale
441 1536 596 1581 concepit
614 1536 649 1569 in
666 1535 779 1568 animo
802 1535 908 1580 ipsius
926 1541 1049 1580 praeter
1075 1534 1213 1568 solitum
1240 1533 1438 1567 admiranda
1459 1533 1670 1578 jocunditas,

125 1589 162 1615 ut
189 1583 223 1616 in
254 1595 391 1628 corpore
417 1582 625 1616 incredibilis
651 1594 725 1615 0550
752 1581 921 1615 videretur
947 1581 1091 1626 agilitas,
1118 1581 1166 1614 ita
1190 1586 1228 1614 ut
1253 1580 1322 1614 fere
1346 1580 1496 1625 seipsum
1523 1586 1670 1613 exutum

125 1629 263 1663 homine
291 1629 473 1673 judicaret.
537 1629 578 1662 In
602 1628 667 1662 1100
691 1629 820 1662 fervore
847 1628 985 1673 spiritus
1011 1628 1209 1672 aliquandiu
1235 1627 1442 1668 demoratus,
1473 1627 1515 1660 ad
1549 1627 1672 1671 Sepul-

127 1676 245 1709 chrum
263 1676 387 1709 orando
405 1682 522 1709 noctes
548 1675 693 1709 ducebat
718 1676 901 1708 insomnes.
953 1675 1034 1708 Post
1061 1675 1133 1708 dies
1159 1674 1288 1719 aliquot
1313 1673 1355 1707 ad
1382 1673 1567 1707 Jordanem
1594 1685 1672 1718 pro-

127 1723 240 1765 cessit,
265 1728 296 1756 et
330 1735 408 1756 cum
444 1723 555 1756 cilicio
591 1734 656 1767 qno
682 1722 822 1755 indutus
848 1728 959 1754 totum
985 1721 1048 1754 iter
1074 1721 1159 1754 illud
1185 1721 1387 1763 confecerat,
1412 1726 1444 1753 et
1474 1720 1542 1753 cifo
1568 1732 1671 1765 quem

126 1770 281 1814 portabat
300 1770 333 1802 in
358 1781 448 1814 pera,
468 1776 501 1802 et
521 1769 629 1802 Cruce
646 1769 781 1802 modica
807 1780 908 1813 quam
934 1779 1066 1813 semper
1096 1768 1131 1800 in
1153 1767 1311 1800 manibus
1333 1766 1545 1811 praeferebat,
1565 1778 1672 1811 aquas

128 1816 278 1849 fluminis
312 1816 474 1850 introivit.
533 1815 618 1858 Quae
649 1816 683 1848 in
716 1815 812 1859 aquis
842 1815 969 1847 sanctis
997 1814 1091 1857 lavit,
1123 1820 1156 1847 et
1186 1814 1278 1847 omni
1306 1825 1372 1857 quo
1403 1813 1490 1846 vixit
1517 1819 1672 1858 tempore

128 1868 262 1908 propter
286 1862 351 1895 hoc
376 1862 495 1895 habuit
521 1862 659 1895 cariora.
711 1861 807 1894 Tunc
833 1861 941 1906 primo
960 1867 1070 1894 vestes
1089 1861 1197 1904 exuit,
1216 1866 1249 1893 ct
1267 1859 1490 1893 calciamenta
1509 1859 1671 1902 detraxit,

129 1915 162 1942 et
180 1909 255 1942 cibo
274 1916 371 1942 101130
389 1909 480 1942 111105
498 1909 631 1941 modico
649 1920 684 1941 50
702 1908 831 1940 refecit.
882 1907 936 1940 Ex
955 1907 1121 1952 scrupulis
1141 1913 1174 1940 ct
1192 1906 1314 1950 arenis,
1340 1905 1428 1951 pelle
1456 1912 1670 1951 consumpta,

128 1967 205 1989 caro
222 1955 347 2001 pedum
366 1961 504 1989 eruenta
523 1954 654 1988 ossibus
673 1955 729 1987 vix
748 1953 910 1988 haerebat.
961 1953 1013 1987 De
1039 1954 1135 1998 aquis
1160 1953 1250 1986 lotus
1276 1952 1442 1994 ascendit,
1469 1958 1501 1985 et
1520 1952 1553 1985 in
1580 1952 1671 1986 hunc

128 2002 267 2035 modum
296 2002 444 2035 Domino
471 2008 585 2035 votum
616 2001 729 2035 vovit:
758 2000 883 2044 ‘Deus,
905 2000 972 2042 Qui
1003 2012 1061 2045 pro
1092 2000 1326 2045 redemptione
1352 1999 1529 2032 hominum
1556 1999 1671 2032 Homo

129 2049 239 2082 factus
258 2049 292 2082 in
317 2048 380 2082 hac
408 2055 495 2082 terra
513 2048 613 2081 nudis
631 2047 774 2093 pedibus
793 2047 986 2090 ambulasti,
1011 2053 1044 2080 et
1071 2059 1127 2080 eos
1151 2059 1209 2091 pro
1235 2058 1290 2079 me
1320 2046 1473 2090 transfigi
1502 2045 1606 2079 clavis
1637 2046 1672 2079 in

129 2095 281 2140 patibulo
306 2095 501 2141 permisisti,
528 2107 589 2140 ego
613 2095 772 2139 deinceps
795 2094 1018 2127 calciamenta
1044 2093 1097 2126 his
1127 2093 1272 2138 pedibus
1301 2104 1368 2125 non
1400 2104 1579 2138 apponam,
1608 2104 1672 2126 nec

128 2142 220 2175 aliud
238 2143 485 2187 operimentum
503 2153 604 2187 quam
622 2148 741 2174 natura
761 2140 939 2174 concessit.
992 2140 1045 2173 Tu
1072 2141 1161 2173 viam
1186 2151 1299 2173 meam
1326 2138 1445 2184 dirige,
1470 2144 1503 2172 et
1528 2138 1587 2172 ubi
1612 2151 1668 2173 1110

130 2194 264 2234 tempus
282 2189 449 2234 reliquum
468 2189 544 2222 vitae
563 2188 746 2232 transigere
765 2187 847 2220 velis
862 2186 1038 2220 ostende.”

178 2236 190 2254 ²
209 2235 405 2281 Hospitali]
447 2235 522 2269 The
554 2234 712 2279 Hospital
743 2234 780 2267 of
802 2234 852 2267 St.
870 2233 961 2266 John
992 2233 1030 2266 of
1053 2232 1243 2267 Jerusalem
1273 2232 1325 2266 for
1352 2231 1409 2265 the
1438 2232 1611 2277 reception
1638 2232 1677 2265 of

132 2281 303 2315 Christian
320 2282 474 2327 pilgrims
492 2282 526 2315 in
544 2282 601 2315 the
617 2281 709 2326 Holy
723 2280 813 2325 City.
863 2280 926 2313 See
941 2279 1082 2325 Helyot,
1100 2280 1194 2315 Hist.
1207 2280 1265 2313 des
1282 2278 1408 2313 Ordres
1423 2279 1671 2324 Monastiques,

131 2328 179 2361 iii.
199 2329 253 2371 73,
272 2328 347 2362 Par.
368 2329 469 2363 1715.

179 2375 192 2394 ³
209 2374 363 2421 Oliveti]
393 2375 466 2408 The
485 2374 622 2408 Church
640 2374 678 2407 of
690 2373 747 2407 the
766 2373 956 2407 Ascension
973 2385 1042 2406 was
1059 2373 1148 2406 built
1176 2384 1266 2417 upon
1293 2372 1351 2405 the
1376 2372 1517 2405 summit
1544 2372 1582 2405 of
1601 2372 1670 2406 this

130 2422 316 2465 mountain,
346 2421 411 2454 and
441 2422 469 2455 is
497 2421 672 2454 described
701 2420 747 2466 by
765 2419 914 2453 Arcuulf
936 2420 970 2452 in
1000 2419 1126 2453 Beda's
1157 2419 1249 2453 Hist.
1271 2419 1366 2452 Eccl.
1385 2431 1415 2453 v.
1437 2420 1491 2460 17,
1516 2418 1583 2452 and
1612 2418 1671 2452 the

131 2469 266 2501 treatise
284 2468 321 2501 of
334 2468 391 2501 the
407 2468 507 2501 latter
525 2467 645 2501 author
663 2467 715 2501 De
735 2466 834 2500 Locis
853 2466 998 2510 Sanctis,
1017 2477 1090 2511 cap.
1108 2466 1151 2500 vi.
1171 2466 1252 2499 edit.
1270 2465 1393 2509 Smith,
1411 2477 1443 2511 p.
1464 2467 1545 2500 318.

178 2516 190 2534 ⁴¹
213 2514 386 2561 Devotis]
415 2515 578 2558 Devotus,
602 2514 648 2548 H.

175 2562 190 2580 '⁵
206 2560 450 2607 ijjmzuverac]
478 2561 672 2605 According
688 2565 723 2593 to
741 2559 912 2603 tradition,
930 2560 988 2593 the
1002 2559 1113 2592 desert
1131 2559 1169 2592 of
1179 2559 1429 2601 Quarantanea,
1449 2557 1669 2603 (concerning

133 2607 243 2640 which
262 2620 317 2641 see
337 2608 436 2641 Corn.
452 2620 470 2641 a
488 2607 617 2652 Lapide
637 2607 828 2640 Comment.
845 2607 879 2639 in
897 2605 1023 2639 Matth.
1042 2606 1085 2638 iv.
1100 2606 1147 2649 1,)
1164 2605 1241 2648 and,
1255 2605 1290 2638 in
1305 2616 1548 2648 consequence,
1566 2604 1669 2637 much

132 2654 329 2698 frequented
342 2654 387 2699 by
403 2654 567 2700 pilgrims,
585 2666 621 2686 as
639 2665 688 2686 wc
705 2653 797 2685 lcarn
814 2653 900 2686 from
921 2652 1092 2695 Tostatus,
1107 2652 1141 2685 in
1161 2651 1287 2685 Matth.
1306 2652 1327 2684 i.
1343 2651 1421 2685 370.

179 2700 192 2719 ὃ
210 2700 404 2734 Sanctorum
422 2699 640 2745 habitacula]
668 2701 723 2732 On
749 2699 806 2732 the
831 2699 1043 2732 monachism
1069 2698 1135 2731 and
1153 2698 1345 2731 asceticism
1365 2697 1402 2730 of
1424 2696 1593 2730 Palestine
1612 2709 1668 2730 see

135 2746 316 2789 Alteserra,
336 2747 430 2792 Orig.
450 2747 513 2779 Rei
532 2746 747 2789 Monasticae,
766 2757 839 2790 cap.
857 2746 893 2778 ii.
911 2749 980 2778 4to.
1002 2745 1077 2778 Par.
1099 2746 1200 2778 1674.

180 2794 192 2817 7
211 2792 375 2837 Spelunca>
389 2793 557 2838 perplures
574 2799 608 2827 et
623 2791 868 2837 subterranea]
897 2792 959 2825 See
973 2792 1030 2824 the
1048 2786 1399 2834 following‘passagcs
1425 2789 1462 2822 of
1484 2789 1667 2834 Scripture,

134 2839 236 2883 Judg.
252 2851 306 2873 xv.
321 2843 351 2883 8,
370 2852 431 2872 xx.
445 2841 489 2874 47
508 2852 516 2880 ;
543 2842 563 2872 2
576 2840 668 2873 Sam.
683 2838 770 2872 xxii.
787 2841 817 2882 1,
834 2841 887 2882 23,
903 2841 957 2881 25,
978 2841 1020 2872 28
1036 2851 1043 2879 3
1074 2837 1170 2870 Josh.
1190 2849 1224 2870 X.
1246 2839 1298 2870 16.
1347 2835 1559 2877 81..]01·01110,
1577 2847 1667 2880 upon

134 2885 235 2930 Judg.
255 2886 297 2919 vi.
317 2888 348 2928 2,
368 2892 471 2919 states
496 2886 569 2918 that
595 2886 652 2918 the
678 2885 838 2918 southern
864 2890 955 2929 parts
981 2884 1019 2917 of
1040 2883 1162 2916 Judaea
1180 2894 1266 2915 were
1285 2882 1345 2915 full
1364 2882 1403 2915 of
1424 2882 1665 2915 subterranean

135 2944 243 2976 caves,
261 2937 295 2965 to
314 2932 423 2965 which
441 2932 498 2965 the
516 2932 635 2977 pcoplc
653 2931 801 2965 resortcd
820 2931 853 2964 in
872 2931 972 2964 times
991 2931 1028 2964 of
1041 2930 1177 2973 danger.
