1839 3186
230 167 315 213 276
757 180 988 214 LIBELLUS
1025 182 1088 213 DE
1123 182 1239 213 VITA

228 284 318 325 luit.
383 283 531 338 Sicque
561 282 744 325 avaritiae
767 283 941 334 daemon,
965 284 1033 338 qui
1056 285 1090 324 ei
1123 285 1246 325 semel
1275 283 1445 325 illudere
1480 288 1652 324 conatus
1685 286 1763 331 est,

230 365 391 404 semper
412 355 555 404 postea
574 350 737 405 proprio
760 351 972 391 conamine
999 351 1186 393 devictus
1211 356 1286 392 est.

291 417 397 457 Haec
426 416 512 471 ipse
546 416 622 457 sibi
653 415 850 457 ministris
881 416 1156 458 assidentibus
1189 417 1340 472 saepius
1372 415 1527 465 retulit,
1565 419 1606 455 et
1640 429 1764 468 quam

231 482 360 523 fallax
399 482 451 524 sit
490 482 674 524 avaritiae
710 481 841 536 gloria
886 481 1122 537 hujusmodi
1162 483 1352 537 exemplo
1399 497 1510 536 saepe
1543 481 1765 536 1praemon-

235 549 399 591 stravit.

237 775 324 800 CAP.
357 774 472 799 CXLV.
536 772 727 802 QUOMODO
759 773 803 797 IN
842 773 1063 799 AURIFABRI
1095 774 1232 799 FORMA
1264 774 1417 798 DAEMON
1451 773 1667 807 APPARUIT,
1700 772 1771 797 SED

438 839 526 864 TAM
560 838 607 864 IN
638 839 796 864 GEMMls
827 840 944 868 QUAM
984 840 1029 864 IN
1060 839 1167 865 AURO
1198 840 1458 865 CONTEMPTUS
1494 823 1585 866 SIT.2

297 937 323 994 ξ
350 941 447 981 261.
480 939 732 983 ALIQUANDO
754 939 879 980 etiam
904 939 1015 980 idem
1044 938 1211 994 spiritus
1234 954 1320 980 sese
1342 939 1544 980 visibilem
1574 937 1768 993 praebuit,

239 1011 279 1046 et
302 1006 343 1045 in
365 1006 512 1046 cellula
532 1005 727 1046 residenti
761 1006 822 1046 ita
852 1006 1023 1046 illudere
1046 1006 1135 1047 visu
1166 1011 1207 1046 et
1238 1006 1384 1046 auditu
1406 1006 1668 1060 phantastico
1698 1019 1771 1045 Vo-

238 1072 329 1112 luit.
369 1072 553 1113 Fabrilia
573 1071 740 1125 quidem
763 1072 1038 1112 instrumenta
1053 1087 1146 1112 eum
1162 1072 1310 1113 incude
1333 1077 1374 1113 et
1396 1071 1616 1121 forficibus,
1636 1076 1677 1111 et
1692 1069 1771 1110 mi-

238 1138 349 1178 nutis
370 1138 465 1179 ferri
487 1138 699 1187 malleolis,
723 1138 896 1192 protulit
915 1155 925 1186 3
960 1142 1084 1192 atque
1107 1153 1244 1179 coram
1267 1154 1313 1179 eo
1342 1138 1537 1188 residens,
1571 1143 1618 1178 ut
1640 1136 1770 1178 3auri-

240 1204 355 1245 faber
385 1204 683 1259 sagacissimus,
718 1219 903 1258 gemmas
937 1219 1029 1244 cum
1061 1219 1161 1245 auro
1193 1204 1396 1259 preciosas
1427 1205 1652 1259 producere
1677 1218 1772 1244 con-

240 1270 385 1320 suevit,
409 1270 460 1311 de
482 1270 629 1324 quibus
652 1270 824 1311 annulos
846 1270 911 1311 vel
931 1269 1190 1311 4murenulas
1221 1285 1263 1311 se
1294 1269 1493 1311 confinxit
1528 1269 1697 1319 efficere,
1731 1273 1772 1309 et

242 1351 294 1376 ex
313 1337 464 1378 ictibus
485 1337 726 1377 malleorum
747 1337 918 1377 minutis
940 1341 981 1377 et
1010 1337 1161 1378 crebris
1186 1336 1384 1390 quosdam
1411 1335 1624 1377 dulcifluos
1653 1341 1773 1376 tonos

242 1402 444 1450 educere;
486 1418 582 1443 nam
619 1402 788 1443 metalla
820 1402 874 1443 ad
910 1402 1086 1444 invicem
1120 1403 1261 1444 collisa
1293 1403 1473 1444 relucere
1510 1403 1696 1444 solebant
1731 1405 1773 1442 et

242 1469 406 1519 tinnire,
431 1484 602 1523 quorum
623 1484 705 1509 uno
726 1483 845 1510 aures
867 1468 975 1510 illius
995 1469 1239 1510 intendebat
1273 1468 1490 1520 offendere,
1525 1469 1654 1510 altero
1677 1482 1773 1509 vero

243 1535 371 1576 oculis
393 1534 479 1590 ejus
501 1535 732 1589 decipulam
756 1535 948 1589 nequitiae
970 1535 1219 1576 seductionis
1240 1535 1436 1590 ingerere.
1501 1535 1603 1587 Quae
1637 1533 1775 1575 omnia

241 1600 304 1642 vir
326 1601 405 1642 Dei
427 1601 540 1642 velut
562 1606 743 1642 stercora
759 1601 961 1655 despexit,
986 1606 1026 1642 et
1051 1601 1235 1642 oratione
1257 1606 1298 1642 et
1321 1601 1667 1655 contemplatione
1689 1614 1774 1641 sus-

242 1667 437 1722 pendens,
470 1667 524 1708 ad
556 1667 736 1708 eoelestia
771 1667 909 1708 oculos
943 1673 983 1707 et
1020 1668 1216 1717 animum,
1254 1667 1323 1708 illa
1362 1673 1402 1708 et
1439 1667 1577 1708 onmia
1612 1672 1776 1708 terrena

244 1739 382 1775 mente
405 1732 420 1755 5
429 1733 700 1774 transcendit.

290 1845 299 1864 ¹
325 1844 623 1890 Proemonstravz'b]
649 1846 669 1863 ‘⁴
685 1844 798 1878 Nocte
816 1845 961 1889 quadam
979 1846 1087 1878 astitit
1099 1847 1128 1878 ei
1144 1845 1279 1890 quidam
1296 1846 1328 1878 in
1345 1844 1472 1878 somnis
1491 1843 1605 1877 di'cens
1623 1855 1628 1877 :
1657 1844 1666 1860 ⁶
1681 1842 1777 1876 God-

243 1891 324 1932 rice,
350 1903 422 1925 eras
450 1892 576 1937 poteris
605 1892 660 1924 hie
686 1891 882 1924 thesaurum
909 1892 1069 1936 grandem
1095 1892 1227 1925 fodiens
1262 1892 1436 1932 invenire3
1478 1890 1545 1934 qui,
1571 1890 1638 1922 huc
1668 1900 1775 1933 usque

244 1938 374 1971 caeteris
393 1938 592 1981 occultatus,
611 1949 701 1970 nunc
719 1938 786 1971 tuis
811 1938 941 1971 meritis
960 1938 1149 1972 revelatur]
1201 1938 1263 1971 Vir
1281 1945 1417 1971 sanctus
1434 1942 1585 1981 tempore
1602 1935 1774 1980 aliquanto

244 1983 330 2016 hanc
349 1984 513 2017 visionem
531 1984 564 2017 in
589 1984 701 2017 animo
725 1995 814 2029 saepe
832 1984 997 2027 volvebat,
1016 1985 1188 2017 aestimans
1213 1984 1340 2017 bonum
1366 1995 1439 2017 esse
1464 1983 1554 2015 hunc
1579 1982 1775 2015 thesaurum

245 2030 448 2075 pauperibus
467 2042 613 2075 erogare.
664 2030 772 2074 Igitur
796 2029 850 2062 die
873 2031 1018 2074 quadam
1041 2031 1088 2063 ibi
1114 2030 1256 2073 fodiens,
1275 2042 1353 2064 eum
1376 2030 1418 2062 ad
1441 2029 1599 2061 interiora
1617 2028 1775 2070 venisset,

244 2075 329 2109 vidit
347 2076 389 2109 de
405 2082 493 2109 terra
508 2076 688 2121 procedere
706 2076 800 2120 quasi
818 2087 939 2120 pueros
961 2076 1123 2121 quosdam
1153 2077 1276 2120 nigros,
1294 2076 1400 2109 tonsis
1426 2075 1604 2120 capitibus,
1624 2080 1656 2107 et
1674 2073 1776 2107 semi-

246 2122 411 2155 cubitales
429 2129 465 2155 ut
483 2123 669 2167 pigniaeos3
696 2122 752 2166 qui
779 2121 1019 2155 cachinnantes
1039 2122 1215 2166 jactabant
1240 2122 1273 2155 in
1301 2134 1377 2155 eum
1403 2121 1538 2167 pillulas
1558 2120 1775 2164 fumigantes,

244 2168 459 2213 multumque
490 2168 659 2202 foetentes.
738 2168 816 2213 Ipse
848 2167 1022 2202 illusiones
1054 2168 1250 2201 fantasticas
1283 2179 1538 2212 recognoscens,
1574 2168 1582 2184 ⁶
1601 2166 1775 2209 Peeunia,'

246 2214 367 2259 inquit,
383 2217 392 2233 ‘
404 2215 552 2248 thesauri
565 2215 665 2247 vestri
679 2214 767 2248 sitin
781 2213 1006 2258 perditionem
1018 2215 1192 2248 vobiscum
1203 2214 1223 2256 3’
1242 2221 1274 2248 et
1293 2221 1415 2248 terram
1434 2225 1534 2258 quam
1549 2213 1711 2246 effoderat
1724 2223 1776 2244 re-

240 2261 326 2304 jecjt
347 2260 383 2293 in
407 2261 550 2294 foveam.
612 2261 666 2294 Ab
692 2260 750 2293 illo
776 2260 830 2293 die
855 2272 1027 2306 nunquam
1053 2261 1124 2294 auri
1150 2262 1203 2294 vel
1228 2261 1356 2306 argenti
1380 2260 1553 2305 quippiam
1579 2259 1643 2293 sibi
1670 2257 1776 2292 voluit

248 2307 480 2340 conservare.⁷'
507 2307 618 2340 Anon¹
639 2306 735 2340 Harl.
754 2306 902 2351 Legend.

295 2354 308 2371 ²
333 2353 416 2386 This
434 2353 571 2398 chapter
589 2353 617 2385 is
634 2352 775 2386 omitted
793 2353 827 2385 in
844 2352 902 2386 the
921 2353 1016 2387 Harl.
1036 2353 1113 2388 MS.

293 2399 306 2418 ³
323 2399 532 2445 Aurifaber]
558 2399 641 2432 This
658 2410 794 2432 savours
809 2398 846 2431 of
859 2399 1018 2433 northern
1035 2400 1206 2443 tradition,
1224 2411 1260 2433 as
1274 2411 1353 2444 may
1367 2399 1408 2433 be
1426 2410 1504 2432 seen
1522 2398 1568 2443 by
1581 2396 1777 2440 examining

246 2445 304 2479 the
323 2445 406 2478 tales
424 2445 613 2490 respecting
627 2445 759 2478 Dwarfs
772 2444 936 2479 collected
950 2446 995 2491 by
1006 2446 1058 2479 Sir
1071 2445 1131 2479 W.
1145 2446 1251 2489 Scott,
1270 2445 1399 2479 Border
1416 2444 1628 2488 Minstrelsy,
1645 2443 1681 2476 ii.
1698 2444 1777 2484 175,

248 2492 328 2525 edit.
350 2494 450 2526 1803.

292 2539 305 2558 ²²
325 2536 552 2584 Mar-enulae]
581 2537 737 2570 Flexible
755 2537 904 2570 metallie
922 2536 1115 2580 neeklaces;
1133 2550 1188 2571 see
1206 2538 1263 2571 Du
1282 2537 1408 2582 Gange,
1425 2537 1468 2570 iv.
1490 2539 1589 2570 1105.

296 2585 308 2603 ⁵
331 2583 573 2629 Transcendit]
599 2583 672 2617 The
689 2594 781 2616 same
806 2595 1016 2628 anonymous
1041 2585 1205 2617 narrative
1223 2584 1301 2617 thus
1318 2583 1479 2628 proceeds
1498 2596 1505 2615 ε
1532 2582 1660 2615 “Idem
1680 2580 1776 2625 spiri-

248 2637 303 2664 tus
321 2631 472 2664 avaritiae
495 2629 694 2675 quandoque
719 2630 753 2662 in
779 2629 864 2662 cella
890 2629 1019 2662 sedenti
1047 2642 1083 2663 se
1101 2630 1243 2663 eontulit
1262 2636 1421 2674 tanquam
1447 2629 1565 2669 fabe1·;
1592 2634 1624 2661 et
1642 2638 1719 2660 eum
1737 2637 1776 2658 eo

248 2677 411 2721 residens,
444 2678 668 2710 instrumenta
700 2675 833 2709 fabrilia
859 2675 1069 2719 ostendebat,
1095 2682 1128 2709 et
1153 2688 1270 2709 aurum
1299 2683 1332 2709 et
1360 2675 1489 2720 lapides
1519 2674 1709 2719 pretiosos3
1736 2672 1777 2705 de

250 2723 372 2767 quibus
389 2723 531 2757 annulos
549 2729 582 2756 et
599 2721 792 2755 murenulas
811 2721 1034 2766 confingebat.
1084 2723 1227 2756 Metalla
1238 2722 1340 2755 etiam
1358 2722 1400 2755 ad
1419 2722 1564 2754 invicem
1583 2718 1776 2759 collidebat,

250 2775 288 2802 ut
305 2769 377 2802 soni
396 2769 574 2803 dulcedine
592 2768 773 2802 delectaret
790 2768 943 2801 auditum
961 2781 969 2809 ;
996 2768 1054 2801 sed
1074 2768 1122 2801 vir
1148 2768 1211 2802 Dei
1238 2768 1367 2802 coelesti
1394 2766 1678 2812 contemplatione
1703 2775 1777 2798 sus-

250 2826 384 2859 pensus,
404 2816 517 2849 oculos
536 2822 568 2848 et
586 2815 735 2848 animum
755 2814 960 2848 ave1·tebat.'’
