1839 3186
177 182 260 221 302
701 189 932 221 LIBELLUS
968 189 1031 221 DE
1067 189 1182 221 VITA

174 392 261 417 cAP.
301 391 404 416 cmx.
440 391 652 426 QUALITER,
687 391 802 417 Nonrs
845 392 1155 426 IGNORANTIBUS,
1189 392 1240 417 Du
1275 392 1376 417 rnen
1412 391 1541 416 PUERo
1572 391 1707 416 NUPER

234 458 392 484 FUTURO
428 459 542 485 Nossis
581 459 848 494 PRAEDIXERIT,
884 459 990 488 Quen
1026 459 1118 484 Posr
1154 459 1245 484 mes
1280 458 1434 485 OBITUM
1457 459 1499 483 IN
1525 457 1705 483 PRox1M0

243 509 459 550 CONTIGIT.¹

237 626 377 680 §285
412 624 621 666 INSTANTE
664 640 760 667 vero
797 624 1152 680 Quadragesimali
1196 629 1393 680 tempore,
1435 624 1603 679 quidam
1644 625 1706 666 vir

175 691 365 733 militaris
382 691 432 732 de
454 696 561 733 coetu
581 691 780 732 nobilium
797 691 864 745 qui
888 691 1077 747 Tyndale
1099 691 1296 742 incolunt,
1319 691 1396 733 viri
1419 691 1498 732 Dei
1517 691 1706 746 precibus

177 773 220 800 se
244 758 608 799 commendaturus
645 757 883 807 advenerat,
922 773 970 799 ac
1005 757 1162 799 curiam
1196 758 1303 812 regis
1330 757 1531 808 aditurus,
1556 756 1641 813 ejus
1663 773 1704 799 se

176 824 408 866 orationum
437 823 524 865 fieri
551 824 795 879 participem
818 824 1070 878 postulabat.
1133 822 1260 879 Cujus
1282 824 1626 879 postulationibus
1646 824 1708 866 vir

177 891 271 941 Dei,
313 890 431 932 nobis
469 891 718 945 petentibus,
755 890 931 932 libenter
976 890 1134 940 annuit,
1188 891 1375 945 quamvis
1419 905 1471 931 ex
1510 890 1704 932 diuturno

176 962 360 1012 tempore
383 957 441 998 illi
464 957 672 1011 quondam
694 962 817 999 notus
836 957 1059 999 exstiterit.
1122 958 1215 998 Rex
1238 957 1473 1012 Anglorum
1495 957 1704 999 Henricus

177 1024 392 1065 Secundus
427 1028 527 1065 tunc
565 1038 696 1079 nuper
718 1023 932 1079 Angliam‚
966 1039 1137 1079 regnum
1171 1039 1303 1074 suum,
1329 1029 1451 1078 prout
1483 1023 1603 1065 libuit
1627 1023 1706 1066 dis-

174 1091 395 1146 positurus,
434 1089 723 1145 2applicuerat‚
747 1090 953 1145 ipsiusque
977 1091 1084 1146 regis
1120 1091 1339 1146 imperium
1369 1090 1526 1132 nobiles
1547 1090 1705 1146 Anglo-

175 1173 267 1199 rum
291 1172 478 1213 proceres
511 1172 691 1212 quosque
713 1157 767 1198 ad
797 1157 1024 1199 communis
1061 1158 1220 1199 concilii
1245 1162 1471 1199 conventus
1501 1156 1705 1199 confluere

174 1224 436 1280 perurgebat.
498 1223 703 1279 Percepta
739 1224 914 1278 denique
936 1224 1233 1275 benedictione,
1263 1224 1380 1266 miles
1401 1221 1601 1279 proficisci
1623 1223 1707 1265 dis-

176 1291 325 1346 posuit,
347 1290 497 1349 sed‘vir
520 1291 599 1332 Dei
616 1290 769 1332 talibus
790 1306 883 1332 eum
901 1291 1088 1345 alloquiis
1108 1291 1374 1346 praeveniens,
1390 1291 1461 1341 ait,
1487 1290 1704 1332 “Obsecro

174 1363 221 1399 ut
244 1357 441 1398 domnum
474 1372 612 1398 meum
650 1372 789 1412 regem
827 1358 1028 1399 seniorem
1068 1358 1312 1408 Henricum,
1336 1372 1388 1399 ex
1417 1356 1582 1398 nomine
1612 1372 1704 1398 meo

176 1425 355 1466 salutare
378 1424 626 1474 memineris,
650 1429 789 1479 grates
811 1425 847 1465 ei
880 1425 1109 1479 rependens
1141 1440 1215 1479 pro
1245 1422 1453 1465 beneficiis
1485 1439 1602 1465 servo
1624 1424 1704 1465 Dei

174 1491 349 1546 benigne
371 1491 568 1533 collatis.”
640 1489 873 1546 (Siquidem
895 1506 968 1532 rex
999 1491 1109 1533 idem
1132 1491 1234 1532 duas
1264 1490 1481 1545 2arpentas
1511 1495 1631 1531 terrae
1662 1490 1705 1531 in

175 1558 273 1600 Villa
295 1571 390 1612 quae
422 1556 673 1598 4Sedberuie
697 1557 859 1607 dicitur,
883 1557 919 1598 ei
942 1558 1149 1611 quondam
1171 1557 1370 1605 dederat3
1407 1562 1448 1598 et
1469 1556 1562 1598 ideo
1584 1557 1705 1599 bene-

174 1623 358 1665 ficiorum
400 1623 508 1665 illius
555 1639 637 1665 non
680 1623 911 1673 immemor,
944 1624 1045 1665 talia
1090 1624 1196 1666 forte
1239 1622 1436 1681 dicebat.)
1499 1622 1557 1664 Et
1594 1630 1706 1678 post—

175 1691 346 1731 modum
376 1689 573 1745 adjiciens
605 1689 781 1740 dicebat,
828 1689 919 1731 “At
955 1690 1051 1744 quia
1071 1691 1221 1732 iterum
1252 1690 1306 1731 ad
1337 1690 1493 1731 curiam
1520 1690 1626 1746 regis
1662 1705 1704 1732 es

174 1758 319 1806 iturus,
350 1761 391 1797 et
412 1772 574 1797 mecum
598 1771 680 1797 non
715 1757 793 1798 eris
814 1756 990 1811 amplius
1010 1757 1234 1807 locuturus,
1259 1757 1357 1798 dum
1379 1756 1475 1797 illuc
1510 1756 1706 1799 devectus

174 1824 312 1874 fueris,
346 1824 514 1865 obsecro
548 1828 595 1864 ut
640 1838 780 1878 regem
816 1822 1025 1878 juniorem
1057 1828 1098 1865 et
1134 1839 1307 1879 puerum
1354 1828 1454 1864 tunc
1500 1823 1699 1874 futurum,

174 1895 316 1932 nostra
339 1890 424 1932 viee
446 1890 625 1931 salutare
647 1889 866 1944 digneris.”
917 1890 1177 1931 Mirabamur
1197 1895 1296 1931 tunc
1321 1905 1416 1931 sane
1451 1904 1590 1931 omnes
1612 1904 1705 1930 cum

175 1956 413 1998 considente
434 1956 647 1997 nobiscum
668 1956 812 2006 milite,
850 1957 946 2011 quia
976 1962 1063 1998 tam
1094 1956 1244 1998 occulti
1264 1955 1453 2011 praesagii
1479 1956 1615 2006 verba,
1638 1955 1703 1997 vel

175 2023 313 2078 potius
344 2022 556 2078 mysteria,
591 2037 665 2063 nos
701 2020 780 2063 fide
811 2023 920 2064 tardi
953 2028 994 2064 et
1029 2028 1168 2064 mente
1204 2023 1311 2072 caeci,
1351 2037 1432 2063 non
1467 2029 1704 2076 poteramus

176 2089 405 2130 advertere.
477 2088 571 2143 Ipse
603 2088 769 2142 quidem
800 2088 946 2144 spiritu
977 2089 1217 2143 prophetico
1262 2083 1423 2129 ⁵futura
1455 2088 1701 2143 praececinit,

176 2155 378 2211 praevidit,
411 2159 452 2195 et
488 2154 811 2209 prcenuliciavit3
866 2155 1043 2196 tarditas
1078 2170 1174 2197 vero
1211 2154 1512 2196 incredulitatis
1554 2159 1702 2196 nostrae

175 2237 269 2263 eum
291 2236 372 2276 prae
393 2219 645 2262 infirmitatis
665 2222 857 2276 angustia
887 2222 929 2263 in
950 2236 1134 2263 sermone
1156 2221 1354 2262 excedere
1390 2220 1578 2271 credidit,
1611 2221 1707 2275 quia

175 2288 416 2344 ignorantiae
446 2287 653 2342 imperitia
690 2302 763 2329 nos
795 2288 1042 2329 involvendo
1082 2288 1261 2330 seduxit.
1325 2287 1451 2328 Unde
1471 2286 1557 2343 ejus
1579 2287 1704 2329 verba

225 2398 233 2416 ¹
262 2398 408 2442 Chapter
428 2397 592 2430 CXLIV.
612 2397 646 2430 in
664 2397 722 2430 the
742 2397 839 2432 Harl.
859 2398 933 2432 MS.

221 2444 235 2465 2
253 2442 497 2489 Applicaerat]
528 2443 581 2476 He
599 2443 703 2476 sailed
730 2444 813 2477 from
842 2445 1010 2478 Barbeflet
1037 2446 1102 2479 and
1128 2446 1257 2479 arrived
1282 2452 1316 2479 at
1342 2445 1560 2479 Portsmouth
1586 2444 1620 2478 in
1645 2443 1702 2477 the

173 2492 247 2525 first
265 2491 358 2524 week
377 2490 410 2523 in
428 2490 559 2533 March,
580 2491 668 2524 1170
684 2503 691 2531 ;
709 2501 764 2523 see
785 2491 957 2533 Hoveden,
976 2504 1008 2537 p.
1028 2493 1094 2527 297
1114 2492 1145 2526 b.

222 2539 235 2557 ³
252 2538 429 2582 Asperitas.
477 2536 507 2569 A
526 2548 679 2569 measure
698 2536 735 2569 of
748 2536 825 2569 land
844 2538 881 2570 of
894 2539 1068 2571 uncertain
1087 2545 1203 2572 extent
1221 2551 1228 2580 ;
1259 2551 1314 2572 see
1334 2538 1389 2571 Du
1409 2538 1533 2582 Gange,
1553 2538 1576 2571 i.
1594 2538 1672 2570 624.

223 2585 233 2604 ‘¹
253 2585 434 2619 Scdberaie.
481 2583 529 2616 At
543 2583 599 2615 the
613 2583 695 2615 time
714 2583 750 2616 of
764 2583 820 2616 the
839 2585 1055 2629 compilation
1075 2586 1112 2618 of
1127 2586 1254 2630 Bishop
1275 2584 1440 2629 Pudsey's
1458 2585 1598 2628 Snrvey,
1610 2594 1701 2616 com—

176 2631 292 2676 monly
310 2630 417 2664 called
444 2629 574 2662 ssolden
602 2629 710 2671 Book,
729 2629 763 2662 in
781 2630 837 2663 the
862 2642 940 2675 year
960 2634 1060 2674 1183,
1079 2631 1135 2664 the
1162 2632 1293 2665 district
1310 2632 1348 2664 of
1369 2630 1541 2674 Sadbergh
1561 2629 1617 2662 did
1643 2635 1700 2661 not

176 2678 298 2722 belong
315 2683 348 2710 to
367 2676 423 2710 the
442 2677 644 2721 episcopate,
663 2675 728 2708 and
747 2676 881 2710 Sin-teos
894 2677 1003 2710 shows
1018 2678 1100 2720 that,
1116 2685 1149 2711 at
1167 2678 1239 2711 that
1257 2679 1349 2720 tinie,
1370 2678 1394 2710 it
1412 2689 1480 2710 was
1498 2677 1531 2709 in
1550 2676 1606 2709 the
1624 2687 1700 2720 pos-

175 2725 304 2758 session
331 2724 368 2756 of
388 2723 444 2756 the
464 2723 595 2757 Crown.
646 2722 736 2755 Hist.
756 2722 873 2767 Durh.,
893 2723 941 2756 iii.
961 2726 1037 2758 265.
1090 2724 1121 2757 It
1139 2736 1205 2758 was
1231 2723 1371 2769 granted
1389 2729 1423 2756 to
1443 2723 1498 2756 the
1524 2734 1590 2765 see,
1608 2721 1698 2754 how-

178 2783 264 2813 ever,
282 2770 327 2815 by
346 2770 438 2813 King
457 2769 603 2802 Riehard
622 2768 678 2802 the
698 2768 799 2803 First.

223 2818 235 2835 ⁵
258 2817 386 2850 Futura
402 2814 614 2861 praecedam]
645 2815 683 2848 In
706 2815 744 2848 Β.
758 2815 852 2849 these
870 2816 977 2849 words
995 2828 1050 2849 are
1068 2817 1200 2849 written
1219 2829 1307 2861 upon
1327 2829 1367 2849 an
1386 2827 1518 2849 erasure
1534 2828 1541 2857 ;
1560 2815 1624 2847 and
1643 2814 1698 2847 the

176 2865 274 2897 latter
292 2864 319 2896 is
338 2862 478 2895 omitted
497 2862 530 2894 in
553 2862 613 2904 H.,
632 2861 740 2895 which
756 2862 851 2895 reads
869 2862 1011 2906 instead,
1031 2864 1266 2907 “praescivit''
