1839 3186
528 163 586 194 ET
621 161 885 195 MIRACULIS
921 162 957 193 S.
982 161 1197 194 GODRICI.
1550 153 1633 193 283

100 268 230 311 socios
270 267 448 323 strepitu
486 282 560 309 suo
603 265 917 322 expergefactos
965 265 1159 320 evigilare
1208 266 1466 321 compulerit.
1550 266 1631 318 Qui

100 335 241 377 statim
271 334 387 375 illum
412 333 659 383 excitantes,
697 347 917 387 exsurgere
947 332 1230 387 compellunt;
1266 338 1308 373 et
1341 348 1466 386 quare
1499 333 1556 374 sic
1590 333 1633 373 in

99 401 248 455 quietis
269 401 430 442 silentio
452 398 637 455 ejularet,
660 397 789 449 fleret,
813 404 938 452 atque
959 413 1080 440 voces
1100 398 1323 448 emitteret,
1349 399 1631 453 explorarunt.

101 468 259 520 Quibus
278 467 345 508 ille
369 466 507 507 omnia
527 465 710 507 seriatim
731 464 960 516 contexuit,
983 480 1031 506 ac
1054 464 1144 519 quis
1164 464 1309 506 fuisset
1339 465 1407 506 ille
1430 465 1634 506 Godricus

99 533 340 588 suppliciter
360 533 438 575 sibi
458 532 631 574 revelari
653 547 678 573 a
698 530 819 573 sociis
840 531 1081 586 postulavit.
1133 530 1357 585 Nunquam
1379 531 1489 572 enim
1509 536 1634 572 antea

100 599 234 641 virum
259 599 339 640 Dei
356 598 584 640 Godricum
606 598 781 647 viderat,
805 602 877 638 aut
901 602 1086 648 noverat,
1117 603 1160 638 at
1182 602 1323 638 tamen
1347 597 1502 639 famam
1523 613 1633 638 aurae

99 666 235 707 tenuis
257 665 307 706 de
328 666 465 719 aliquo
487 664 666 706 Godrico
687 663 891 705 heremita
912 664 1158 718 quandoque
1178 669 1432 719 perceperat.
1504 664 1633 705 Mane

100 732 226 783 facto,
244 732 343 773 dum
361 731 411 773 de
428 729 666 786 hujusmodi
681 730 769 772 viro
786 736 998 784 quaereret,
1022 735 1063 771 et
1084 731 1196 772 locus
1217 730 1325 771 illius
1346 729 1447 772 fines
1468 730 1635 772 sedulus

100 798 368 853 indagitaret‚
403 797 511 839 inter
544 796 746 851 quosdam
783 796 963 850 aliquem
1000 796 1154 852 reperit
1191 796 1260 851 qui
1301 797 1440 838 omnia
1473 797 1510 838 ei
1543 812 1633 851 quae

100 865 238 906 animo
259 865 441 919 gerebat,
466 863 683 918 exposuit3
711 863 830 904 sociis
850 867 993 904 tamen
1015 862 1369 918 compellentibus,
1393 863 1634 918 aliquandiu

102 946 196 972 cum
221 930 302 972 illis
326 929 558 986 1profectus
581 934 656 971 est.

170 998 192 1051 ἓ
218 998 315 1038 268.
349 997 452 1038 Post
473 1011 620 1051 parum
641 1010 739 1037 vero
760 995 959 1050 temporis
983 1010 1077 1036 cum
1107 995 1188 1038 illis
1221 1011 1294 1051 per
1317 996 1504 1051 regiones
1533 997 1635 1038 istas

101 1077 298 1115 reversus,
324 1063 514 1104 omnibus
537 1062 616 1103 illis
645 1061 812 1112 relictis,
845 1061 900 1102 ad
928 1062 1065 1102 locum
1098 1062 1225 1117 ipsius
1258 1062 1490 1104 solitudinis
1525 1063 1635 1104 solus

102 1129 307 1184 digressus
342 1134 418 1170 est.
480 1129 656 1170 Subiens
691 1142 787 1169 vero
827 1127 1071 1179 Ecclesiam,
1114 1129 1257 1170 statim
1297 1133 1344 1169 ut
1380 1129 1515 1170 virum
1554 1129 1634 1170 Dei

101 1196 221 1246 vidit,
255 1196 390 1251 ipsum
425 1195 510 1236 fore
548 1209 670 1249 quem
702 1194 745 1235 in
782 1194 937 1236 visione
975 1199 1180 1236 nocturna
1217 1194 1424 1249 quondam
1458 1195 1631 1244 viderat,

102 1260 343 1317 ejaculando
362 1267 404 1303 et
419 1261 672 1303 lacrimando
694 1260 999 1316 proclamabam
1025 1262 1339 1316 convocatisque
1360 1262 1490 1311 nobis,
1510 1262 1634 1303 licen-

102 1329 205 1370 tiam
227 1344 252 1370 a
272 1329 390 1370 nobis
413 1328 606 1382 loquendi
630 1342 724 1369 cum
745 1327 832 1369 viro
855 1327 936 1368 Dei
956 1328 1077 1382 petiit
1099 1332 1140 1369 et
1161 1328 1411 1383 impetravit,
1435 1328 1634 1382 nobisque

103 1409 242 1437 coram
265 1395 553 1445 residentibus,
587 1394 771 1436 seriatim
801 1393 952 1444 omnia,
978 1395 1308 1449 protestantibus
1335 1395 1527 1445 lacrimis,
1559 1395 1634 1435 de-

104 1462 290 1505 claravit.
351 1461 425 1502 Ad
445 1476 534 1515 quae
559 1461 774 1502 subridens
797 1460 857 1502 vir
879 1460 960 1501 Dei
993 1461 1065 1511 ait,
1102 1466 1129 1486 ‘⁶
1147 1462 1239 1515 Qua
1267 1466 1390 1502 nocte
1419 1462 1508 1503 haec
1529 1461 1634 1503 acci-

104 1527 269 1577 derunt,
306 1542 378 1569 seu
411 1543 492 1582 qua
523 1527 625 1568 hora
653 1526 787 1568 noctis
817 1527 926 1568 tanti
958 1527 1036 1568 tibi
1068 1528 1257 1584 mysterii
1290 1533 1449 1569 secreta
1479 1528 1634 1569 clarue-

102 1595 262 1635 runt3”
323 1594 440 1635 Tunc
461 1594 540 1643 ille,
566 1597 590 1616 “
609 1592 892 1646 Quindenus,”
923 1593 1070 1647 inquit,
1105 1595 1234 1635 “dies
1257 1594 1380 1635 hodie
1401 1594 1552 1644 illuxit,
1585 1609 1633 1636 ac

102 1660 180 1701 hoc
200 1660 303 1701 liora
322 1660 454 1701 noctis
487 1659 634 1700 mediae
666 1674 793 1714 prope
825 1658 1052 1700 admodum
1086 1660 1289 1701 exstitit.”
1357 1660 1431 1701 Ad
1459 1660 1551 1701 haec
1571 1660 1635 1702 vir

104 1726 197 1777 Dei,
223 1731 249 1750 “
269 1726 420 1776 Vere,'⁵
442 1726 709 1780 inquit,⁴‘ego
730 1725 853 1766 miser
875 1724 1078 1767 Godricus
1100 1726 1171 1776 fui,
1189 1742 1311 1781 quem
1341 1741 1434 1768 cum
1452 1727 1634 1768 Domino

101 1807 194 1834 meo
229 1793 260 1833 J
264 1808 336 1835 esu
373 1793 588 1833 Nazareno
624 1791 924 1845 colloquentem
960 1792 1113 1843 vidisti,
1150 1808 1198 1834 ac
1237 1808 1311 1847 pro
1343 1794 1427 1835 tuis
1459 1793 1634 1835 miseriis

102 1874 243 1914 preces
271 1859 424 1907 effudi3
459 1858 568 1899 unde
596 1857 775 1912 praeveni
799 1857 948 1898 faciem
982 1857 1086 1913 Ejus
1117 1858 1160 1899 in
1189 1858 1454 1909 confessione,
1483 1859 1516 1900 si
1541 1874 1634 1901 nos-

102 1925 177 1967 tris
198 1926 373 1967 volueris
404 1924 582 1966 consiliis
613 1924 910 1978 acquiescere.”
980 1924 1073 1977 Qui,
1103 1926 1300 1967 accersito
1329 1925 1556 1976 sacerdote,
1582 1926 1633 1966 de

103 1992 318 2047 sepulchro
339 1991 520 2033 foetentis
546 1990 617 2031 diu
638 1990 897 2032 conscientiae
913 1990 1065 2045 ligatus
1085 2007 1233 2034 manus
1249 2007 1296 2033 ac
1317 1992 1443 2046 pedes
1464 1992 1631 2048 prod-iit,

150 2101 159 2120 ¹
180 2101 357 2148 Prcffectus
380 2100 455 2145 est]
488 2101 510 2119 ‘⁶
524 2100 605 2134 Fuit
630 2100 665 2133 in
693 2100 786 2133 curia
815 2099 903 2133 Adae
932 2100 973 2133 de
1003 2100 1104 2134 Bruis
1131 2100 1294 2134 educatus
1319 2112 1339 2134 a
1363 2101 1508 2146 pueritia
1534 2101 1634 2135 miles

102 2147 239 2192 quidem
263 2147 358 2180 fortis
384 2153 417 2180 et
440 2159 509 2192 prae
535 2146 712 2180 consortiis
740 2146 919 2190 gratiosus.
969 2146 1037 2180 Hic
1062 2153 1212 2192 tempore
1238 2147 1529 2191 Quadragesimali
1555 2159 1633 2181 cum

102 2194 203 2227 sociis
220 2193 386 2227 militibus
404 2194 438 2227 in
456 2193 604 2226 Scotiam
628 2193 855 2238 proficiscens,
874 2192 964 2238 apud
983 2193 1224 2227 Tinemutham
1242 2193 1432 2239 hospitatus
1449 2200 1511 2227 est.
1562 2194 1633 2227 Ubi

103 2239 144 2273 de
161 2246 260 2273 nocte
274 2239 358 2273 vidit
374 2240 409 2272 in
434 2240 561 2273 somnis
581 2239 754 2272 Christum
770 2239 958 2272 venientem
976 2239 1011 2272 in
1028 2240 1185 2283 nubibus,
1204 2241 1415 2283 crucifixum,
1435 2247 1467 2273 et
1484 2241 1633 2274 recentia

102 2286 280 2319 vulnerum
301 2285 460 2330 stigmata
478 2286 722 2330 praeferentem.
774 2285 819 2318 Et
837 2297 925 2328 ecce,
944 2286 994 2319 vir
1011 2292 1138 2319 statura
1162 2286 1316 2320 modicus
1342 2293 1375 2319 et
1393 2287 1516 2321 canitie
1534 2298 1633 2320 vene-

102 2332 226 2366 randus
252 2332 403 2365 ascendit
419 2332 463 2365 ad
481 2332 581 2365 Eum.
632 2332 747 2364 Primo
765 2331 806 2364 ad
823 2332 937 2376 pedes,
954 2339 1030 2377 post
1048 2332 1091 2365 ad
1106 2344 1226 2377 genua,
1246 2332 1367 2366 deinde
1384 2333 1426 2366 ad
1443 2333 1633 2367 succincto-

102 2379 191 2412 rium
207 2391 216 2421 ;
250 2385 283 2412 et
316 2383 397 2412 tunc
431 2390 508 2411 eum
544 2377 644 2411 Cruci
678 2378 768 2410 fixus
800 2377 944 2422 benigne
977 2379 1170 2423 respiciens,
1204 2381 1211 2397 ‘
1227 2379 1347 2423 Salve,⁷
1376 2379 1433 2423 ait,
1453 2381 1462 2398 ⁴
1473 2380 1632 2424 Godrice,

103 2424 232 2458 Noster
259 2424 377 2468 amice,
396 2424 485 2469 quod
513 2425 614 2458 modo
642 2423 804 2469 postulaS‚
822 2425 1059 2469 consequeris.²
1108 2425 1231 2459 Postea
1259 2425 1318 2459 diu
1342 2432 1481 2470 aspectu
1497 2426 1633 2470 blando,

103 2471 199 2504 vultu
216 2483 345 2512 sereno,
359 2482 512 2504 sermone
526 2471 685 2514 jocundo,
705 2470 746 2503 ad
763 2470 908 2504 invicem
927 2477 1004 2504 sunt
1021 2471 1136 2505 locuti.
1188 2472 1302 2515 Miles,
1321 2472 1377 2516 qui
1395 2472 1468 2505 11666
1485 2472 1632 2516 videbat,

104 2517 169 2550 Dei
195 2517 411 2551 clementiam
436 2517 576 2550 vocabat
590 2530 599 2558 ;
625 2521 658 2550 et
680 2516 822 2550 accessit
845 2516 887 2550 ad
913 2529 991 2550 eum
1015 2518 1151 2562 quidam
1174 2518 1480 2560 circumstantium,
1504 2518 1630 2561 dicens,

104 2566 114 2582 ⁶
128 2564 162 2597 Si
180 2564 299 2597 feceris
317 2575 356 2597 ea
372 2575 448 2608 quae
465 2563 581 2596 audies
599 2575 618 2596 a
635 2562 794 2606 GodricO,
812 2563 955 2596 salutem
974 2564 1188 2608 consequaris
1206 2570 1366 2610 optatam,
1384 2564 1542 2608 quoniam
1559 2564 1633 2609 ipse

103 2610 154 2643 tui
172 2610 328 2643 meminit
345 2610 434 2655 apud
451 2609 588 2643 Deum!
637 2609 770 2642 Interea
787 2608 871 2642 vidit
891 2609 991 2643 Cruci
1005 2610 1114 2643 fixum
1128 2610 1163 2643 in
1176 2622 1212 2643 se
1226 2611 1341 2643 oculos
1359 2617 1609 2644 convertentem
1621 2624 1631 2653 3

105 2662 137 2689 et
150 2668 270 2689 manus
287 2656 322 2689 111
340 2656 485 2690 sublime
498 2656 712 2701 protendens,
731 2658 740 2673 ⁶
754 2655 925 2700 Domine,'
940 2656 1060 2701 inquit,
1080 2658 1088 2674 ‘
1100 2656 1121 2689 J
1124 2668 1184 2690 esu
1199 2656 1342 2700 Christe,
1357 2656 1514 2690 miserere
1528 2657 1595 2690 mei
1609 2659 1632 2699 3'

104 2708 303 2747 tantumque
333 2702 514 2736 clamorem
542 2702 647 2735 edidit
673 2702 762 2746 quod
791 2702 900 2735 socios
927 2702 1164 2747 expergefecit.
1216 2702 1271 2735 Illi
1298 2714 1379 2735 mox
1400 2703 1633 2737 excitaverunt

106 2760 195 2792 eum,
214 2755 247 2782 et
266 2760 323 2782 cur
340 2748 388 2781 ita
405 2748 612 2790 clamaverit,
631 2748 846 2792 quaesierunt.
897 2748 1029 2790 Quibus
1046 2749 1103 2782 ille
1121 2749 1270 2782 seriatim
1296 2755 1418 2782 cuncta
1435 2749 1549 2782 retulit
1565 2763 1572 2791 ;
1598 2756 1633 2784 et

105 2794 181 2839 quis
199 2800 288 2828 esset
313 2794 370 2827 ille
396 2794 563 2827 Godricus
590 2794 692 2839 coepit
717 2794 893 2838 diligenter
918 2795 1096 2840 inquirere,
1123 2794 1308 2840 didicitque
1333 2795 1374 2829 ab
1399 2794 1518 2830 incolis
1544 2797 1634 2841 quod

106 2841 314 2885 quaercbat.’⁷
341 2843 565 2885 Anonylnous
585 2840 745 2874 Harleian
764 2840 910 2885 Legend.
