1839 3186
508 248 567 279 ET
602 246 869 279 MIRACULIS
905 247 940 278 s.
973 246 1190 278 Gonmcr.
1522 233 1602 273 241

72 350 169 392 dam
184 349 250 391 die
273 350 315 391 in
335 365 476 400 unum,
495 350 691 405 praecepit
714 355 761 391 ut
785 350 1029 391 accederent
1046 349 1099 390 ad
1121 348 1305 404 piscariae
1322 362 1403 389 suae
1425 346 1602 396 alveum,

72 421 114 457 et
135 416 386 470 inquirerent
407 422 548 457 utrum
572 416 616 457 in
641 416 875 458 1vasculum
907 416 1198 457 retiaculorum
1228 429 1394 456 suorum
1423 413 1602 466 aliquem

71 482 301 537 potuissent
330 483 507 538 reperire
538 483 792 538 pisciculum.
866 483 945 535 Qui
973 487 1020 523 ut
1050 486 1314 537 praeceperat,
1348 481 1407 520 ita
1437 480 1598 524 fecere;

71 548 143 590 sed
163 548 221 589 nil
244 550 512 598 invenientes,
536 564 663 590 manu
683 549 802 591 vacui
826 549 999 590 rediere.
1070 548 1157 588 Nec
1181 562 1309 597 mora,
1332 546 1399 586 ille
1425 545 1475 585 de
1498 546 1602 585 inte-

71 614 245 657 rioribus
270 615 466 657 Ecclesiae
498 615 773 670 progreditur,
804 619 845 656 et
871 615 927 655 nil
950 615 1040 656 illos
1061 613 1250 656 attulisse
1272 612 1428 661 videns,
1451 611 1602 652 iterum

69 681 239 723 nutibus
273 687 314 722 et
343 681 469 736 signis
499 687 546 723 ut
579 682 895 737 regrederentur
919 682 1163 735 quantocius
1202 680 1455 720 cohortatur.
1519 677 1600 718 Re-

70 747 260 788 nituntur
280 747 351 798 illi,
367 747 458 803 jam
479 748 618 789 labore
638 748 815 803 pertaesi,
840 753 881 789 et
912 748 1005 789 udis
1026 747 1212 789 vestibus
1235 746 1309 787 sub
1340 745 1492 799 frigore
1523 744 1599 799 hy-

72 813 198 855 berno
227 814 375 856 anxius
398 815 598 862 desolati,
637 820 728 855 tum
761 814 829 855 ille
856 815 980 855 tertio
1015 814 1072 855 eis
1103 818 1150 854 ut
1178 813 1354 854 alacrius
1382 815 1603 866 pergerent

70 880 218 931 innuit,
242 885 283 922 et
314 881 498 929 nutibus,
522 881 670 935 quibus
697 880 1001 931 ²consueverat,
1035 886 1120 921 tres
1150 879 1281 934 pisces
1314 879 1357 919 in
1392 877 1603 918 retiaculis

70 946 154 988 suis
178 946 366 989 introisse
389 952 430 988 et
451 947 507 988 ibi
530 947 705 988 detineri
730 947 787 988 eis
809 947 960 1001 saepius
981 946 1190 988 intimavit
1208 963 1218 993 ς
1246 959 1419 1000 quorum
1437 943 1540 985 duos
1561 943 1603 983 in

69 1012 275 1055 ulterioris
306 1014 408 1069 ripae
440 1014 639 1055 retiaculo
671 1014 852 1055 astruxit
883 1013 1049 1063 includi,
1083 1012 1255 1053 tertium
1276 1026 1373 1053 vero
1404 1009 1602 1066 majorem

71 1079 218 1120 ceteris
241 1079 284 1120 in
313 1080 528 1135 gurgustio
552 1095 603 1121 ex
627 1080 705 1121 hac
739 1085 857 1135 parte
890 1084 1010 1120 terrae
1043 1079 1176 1134 magis
1206 1077 1395 1132 proximo
1427 1075 1603 1118 asseruit

71 1145 285 1187 contineri.

129 1212 147 1264 ᾗ
170 1214 267 1253 228.
301 1212 481 1255 Volente
500 1212 628 1268 igitur
641 1228 783 1254 eorum
799 1212 930 1254 altero
947 1210 1034 1267 ejus
1054 1215 1261 1267 praecepta
1281 1209 1462 1263 exsequi,
1483 1208 1605 1263 coepit

71 1278 177 1319 alter
190 1278 346 1320 diutius
370 1279 412 1320 in
431 1280 728 1321 murmurando
750 1279 958 1327 reluctari,
982 1293 1158 1333 arguens
1180 1282 1221 1318 et
1242 1291 1427 1318 asserens
1448 1275 1605 1317 socium

70 1359 190 1386 suum
210 1345 332 1387 nimis
352 1345 438 1387 fore
459 1346 652 1387 hebetem
674 1352 715 1387 et
738 1345 1017 1395 temerarium,
1041 1345 1110 1399 qui
1132 1359 1253 1385 omne
1275 1342 1416 1383 domni
1439 1342 1500 1383 sui
1526 1342 1606 1382 elo-

70 1411 212 1465 quium
247 1411 422 1453 credidit
461 1412 587 1454 fuisse
625 1412 851 1454 oraculum.
929 1411 1117 1452 Tandem
1154 1410 1323 1451 alterius
1364 1408 1608 1463 improbitas

68 1477 237 1519 alterius
257 1478 414 1533 pietate
430 1478 688 1527 devincitur3
714 1484 755 1520 et
776 1484 949 1532 uterque
967 1477 1107 1518 domni
1125 1477 1187 1519 sui
1208 1475 1425 1531 praeceptis
1446 1475 1606 1516 obtem-

71 1559 232 1599 perans,
255 1545 309 1586 ad
330 1543 511 1587 fluminis
532 1545 695 1587 alveum
725 1545 1080 1601 progrediebatur.
1152 1543 1269 1584 Sicut
1297 1543 1424 1597 igitur
1457 1542 1524 1582 ille
1546 1541 1609 1582 vir

73 1610 154 1652 Dei
176 1611 302 1666 signis
323 1613 670 1666 praemonstravit,
697 1627 845 1654 manus
877 1626 1017 1652 eorum
1046 1616 1131 1651 tres
1162 1610 1293 1665 pisces
1325 1607 1509 1664 ejusdem
1540 1623 1609 1662 ge-

71 1678 191 1727 neris,
217 1676 334 1733 cujus
363 1678 688 1734 praesignaverat
715 1679 886 1720 nutibus
919 1677 1013 1728 suis,
1047 1678 1090 1717 in
1111 1676 1287 1718 vasculis
1315 1675 1609 1716 retiaculorum

72 1743 227 1785 eisdem
248 1745 433 1797 invenit;
467 1760 568 1799 quos
588 1745 717 1786 nimia
739 1760 833 1786 cum
855 1743 1130 1785 admiratione
1161 1742 1443 1790 extrahentes,
1465 1741 1609 1782 statim

72 1809 314 1863 Ecclesiam,
337 1811 379 1851 in
401 1826 482 1865 qua
512 1812 671 1861 orabat,
694 1811 877 1859 adeunt3
913 1816 953 1851 et
986 1824 1103 1851 secus
1124 1808 1273 1850 Altare
1295 1822 1434 1849 coram
1465 1807 1534 1847 illo
1565 1807 1607 1847 in

73 1876 205 1918 cilicio
228 1882 547 1932 composuerunt
566 1895 577 1926 3
613 1878 681 1932 qui
703 1878 836 1919 multa
858 1892 951 1918 cum
975 1875 1194 1917 devotione
1218 1875 1309 1915 Deo
1329 1873 1486 1928 gratias
1507 1873 1610 1914 refe-

71 1958 178 1992 rens,
203 1943 244 1984 in
267 1944 411 1984 eodem
436 1943 568 1985 cilicio
590 1944 681 1986 illos
702 1943 855 1985 involvi
878 1942 1087 1998 praecepit,
1114 1946 1156 1983 et
1177 1942 1234 1983 sic
1259 1939 1609 1981 Dunelmensibus

70 2009 297 2058 monachis,
324 2009 522 2051 fratribus
553 2010 648 2060 suis,
673 2010 839 2052 eosdem
871 2010 924 2051 ad
956 2008 1222 2050 refectionem
1256 2007 1447 2048 diurnam
1475 2011 1608 2047 trans-

71 2075 197 2118 misit.

118 2186 128 2207 ¹
150 2186 349 2233 Vasculum]
380 2188 550 2232 Vasculis,
572 2189 620 2223 H.

118 2233 131 2251 ²
150 2232 401 2280 Consueverat]
425 2235 488 2268 See
506 2234 523 2280 ξ
544 2236 621 2269 127.

117 2280 131 2300 3
153 2279 377 2327 Transmisit]
406 2281 480 2314 The
505 2293 717 2326 anonymous
744 2281 907 2315 Harleian
931 2281 1054 2326 legend
1072 2281 1150 2314 thus
1176 2285 1325 2313 narratcs
1342 2277 1410 2311 this
1436 2276 1610 2310 incident:

74 2326 95 2344 “
109 2325 275 2371 Tempore
298 2327 445 2371 quodam
473 2327 635 2372 praecepit
653 2327 785 2361 duobus
812 2328 977 2362 ministris
1004 2328 1052 2361 ire
1078 2327 1120 2360 ad
1144 2325 1336 2372 piscariam,
1355 2330 1393 2357 ut
1411 2324 1564 2357 viderent
1582 2322 1610 2355 si

73 2383 173 2416 quem
199 2372 245 2406 ibi
272 2379 409 2417 captum
434 2373 520 2407 forte
547 2373 748 2419 pisciculum
774 2374 975 2408 invenirent.
1027 2374 1083 2407 Illi
1108 2384 1248 2419 paruere
1269 2371 1417 2415 jubenti,
1441 2376 1474 2403 et
1496 2369 1612 2402 statim

73 2418 170 2451 vacui
196 2424 420 2453 revertuntur.
471 2420 644 2453 Godricus
666 2420 784 2453 exiens
803 2420 844 2454 de
869 2420 1098 2462 interioribus,
1117 2426 1149 2452 et
1168 2430 1224 2452 eos
1248 2417 1331 2451 nihi]
1359 2416 1514 2450 attulisse
1538 2427 1618 2448 con-

74 2464 231 2509 spiciens,
249 2471 287 2498 ut
304 2465 560 2510 regrederentur
585 2466 797 2499 commonuit
814 2479 823 2508 3
851 2467 911 2500 sed
938 2466 986 2499 illi
1004 2467 1165 2499 timentes
1190 2465 1295 2509 frigus
1320 2463 1512 2505 hibernum,
1530 2461 1619 2494 reni-

73 2517 190 2544 tuntur
215 2510 372 2544 inutilem
397 2511 510 2545 subire
534 2511 697 2546 laborem.
748 2512 863 2546 Tertio
890 2513 971 2546 illuc
997 2512 1045 2545 ire
1074 2511 1248 2557 praecepit,
1265 2517 1333 2543 tres
1359 2510 1394 2542 in
1417 2508 1613 2542 retinaculis

72 2557 183 2601 pisces
209 2557 362 2590 indicans
388 2559 523 2591 retineri
541 2571 548 2600 ;
577 2558 661 2591 duos
679 2558 714 2591 in
732 2558 804 2603 ripa
829 2558 992 2602 ulteriori,
1011 2565 1044 2592 et
1061 2558 1200 2592 tertium
1219 2569 1261 2590 ex
1280 2556 1344 2590 hac
1361 2562 1466 2601 parte.
1517 2554 1615 2587 Alte-

74 2614 149 2636 rum
178 2603 226 2636 ire
253 2603 421 2637 volentem
450 2604 600 2649 reliquus
628 2604 790 2649 arguebat
817 2605 985 2648 stultitiae,
1009 2604 1099 2649 quod
1128 2615 1229 2637 omne
1258 2603 1386 2636 dietum
1418 2600 1534 2634 (10111111
1562 2599 1614 2632 sui

76 2649 227 2682 divinum
245 2661 319 2683 esse
343 2650 501 2684 credebat
519 2650 704 2685 oraculum.
756 2651 879 2685 Postea
896 2657 1011 2685 tamen
1037 2650 1138 2684 simul
1156 2651 1301 2692 iverunt,
1320 2654 1353 2681 et
1371 2648 1459 2681 sicut
1478 2652 1614 2679 sanctus

74 2695 279 2740 praedixerat
304 2696 517 2740 invenerunt,
536 2703 569 2730 et
585 2697 735 2742 praedam
761 2698 944 2731 referentes
970 2709 1082 2730 coram
1102 2696 1211 2730 Altari
1239 2702 1316 2728 ante
1335 2694 1443 2727 virum
1470 2692 1534 2725 Dei
1555 2703 1616 2743 po-

75 2747 226 2820 fferupt.
275 2742 482 2803 Qui’devote
507 2743 631 2787 gratias
657 2744 725 2788 egit
752 2743 837 2787 Deo,
864 2750 897 2777 et
922 2744 1034 2789 pisces
1064 2743 1141 2776 illos
1167 2742 1261 2775 misit
1281 2739 1440 2774 fratribus
1463 2737 1616 2771 ecolesma

112 2799 176 2820 une
193 2799 330 2822 menffls.
