1839 3186
172 185 255 224 182
701 193 936 227 LIBELLUS
972 193 1037 226 DE
1072 194 1189 226 VITA

176 399 263 424 CAP.
302 396 447 423 LXXXI.
512 396 564 421 UT
608 395 756 421 FAMEM
807 394 1006 421 FUTURAM
1050 394 1100 420 ET
1137 394 1245 420 101le
1287 394 1519 421 VINDmTAM
1566 396 1719 423 popum

237 463 594 491 SUPERVENTURAM
638 462 907 497 PRAEDIXERIT,
955 462 1004 487 ET
1047 461 1131 487 NON
1177 462 1292 487 SEcus
1337 462 1585 489 POSTMODUM
1623 463 1720 488 EVE-

238 514 399 557 ΝΕΗΙΤ.1

243 630 380 687 §173
414 630 575 671 VERUM
612 628 707 683 quia
739 643 822 669 non
859 627 992 670 solum
1024 628 1247 683 praesentia
1284 629 1449 683 quando
1484 629 1617 671 voluit
1649 629 1719 671 de-

183 699 305 749 texit,
349 697 422 740 sed
468 697 594 738 etiam
626 696 769 736 futura
803 695 1048 749 quandoque
1089 694 1297 749 praedixit,
1341 695 1599 738 reticendum
1637 711 1721 738 non

185 764 341 807 credidi
370 764 508 818 qualia
529 762 691 817 abipso
723 761 959 815 frequenter
988 760 1142 803 audivi.
1211 761 1374 816 Saepius
1404 762 1615 804 advirum
1639 763 1721 804 Dei

184 832 364 880 veniens,
388 835 430 871 et
456 830 506 870 de
528 833 641 870 statu
662 843 799 869 rerum
834 828 1061 869 multarum
1084 827 1264 882 plurima
1284 828 1535 883 perquirens,
1568 830 1720 871 multo-

187 898 266 940 ties
287 898 341 939 ad
373 897 454 937 alia
493 894 659 937 transiit
684 899 725 936 et
747 899 890 936 textus
922 894 1052 935 nostri
1087 895 1285 936 sermonis
1306 895 1622 950 interrumpens,
1645 896 1718 946 ait,

189 970 214 987 “
241 965 336 1005 Duo
364 962 501 1014 sunt,''
525 961 726 1016 inquiens,
752 966 777 984 “
799 961 924 1009 mala,
958 976 1047 1014 quae
1081 960 1220 1003 2v0bis
1241 962 1382 1002 futura
1403 963 1544 1011 timeo,
1576 968 1617 1003 et
1640 962 1721 1004 Dei

180 1030 339 1087 judicio
364 1045 486 1084 super
521 1028 719 1083 populum
741 1027 810 1082 qui
845 1027 885 1068 in
910 1028 1118 1068 Dunelmo
1141 1033 1215 1077 est,
1247 1029 1490 1083 praeminere
1511 1029 1717 1078 formido3

188 1097 373 1139 vorantis
399 1095 577 1137 fiammae
604 1095 805 1144 incendia,
839 1099 880 1135 et
912 1094 1049 1135 nimiae
1078 1093 1199 1135 famis
1234 1095 1495 1150 angustantis
1525 1095 1722 1150 inopiam.

190 1164 300 1205 Haec
318 1164 424 1204 forte
446 1167 664 1217 peccantes
686 1161 827 1202 debita
858 1165 1093 1215 expectant,
1120 1160 1197 1201 nisi
1234 1176 1276 1203 se
1312 1161 1482 1203 celerius
1503 1162 1723 1204 emendare

189 1228 426 1272 festi11ent.”
496 1229 586 1270 Ista
606 1228 689 1269 fere
711 1243 784 1283 per
804 1227 902 1268 anni
927 1227 1085 1268 dimidii
1108 1227 1288 1282 spatium
1310 1243 1418 1283 saepe
1439 1228 1634 1279 retexuit,
1662 1229 1724 1270 ita

191 1297 300 1352 quod
321 1296 422 1338 mihi
456 1296 603 1350 saepius
633 1295 735 1335 illud
754 1294 926 1336 verbum
966 1293 1211 1348 replicatum
1244 1295 1509 1336 admirationi
1536 1295 1724 1350 plurimae

189 1364 328 1405 fuerit.
375 1362 510 1418 Igitur
531 1367 577 1403 ut
599 1361 680 1402 Dei
702 1360 962 1416 providentia
983 1360 1173 1415 operibus
1195 1361 1474 1414 dilucesceret,
1501 1362 1611 1416 quod
1634 1362 1724 1417 Spi-

191 1431 295 1472 ritus
316 1428 421 1485 Ejus
442 1444 514 1484 per
530 1444 575 1470 os
593 1428 669 1470 viri
688 1428 760 1469 Sui
776 1428 901 1469 toties
916 1427 1194 1482 praedixisset,
1215 1432 1379 1483 tempus
1394 1428 1542 1470 divinae
1558 1429 1726 1470 ultionis

192 1497 324 1547 affuit,
357 1501 398 1537 et
421 1495 677 1536 Dunelmum
713 1509 830 1536 saevae
863 1494 1124 1548 tempestatis
1160 1493 1419 1536 ³incendium
1441 1494 1723 1550 conflagravit,

192 1563 410 1618 omniaque
445 1560 618 1603 aedifioia
650 1562 933 1616 episcoporum
971 1560 1201 1602 castellaria
1223 1561 1511 1616 depopulando
1535 1561 1725 1603 4concre-

192 1630 337 1681 mavit,
362 1634 403 1671 et
425 1629 606 1671 civitatis
626 1628 776 1669 moenia
805 1628 897 1682 plus
919 1642 1041 1681 quam
1063 1627 1199 1681 aliquo
1220 1627 1333 1682 prius
1370 1633 1556 1683 tempore
1587 1629 1727 1670 omnia

193 1696 404 1739 exurendo
446 1695 712 1750 consumpsit.
774 1694 949 1736 AEstate
979 1709 1075 1735 vero
1111 1694 1437 1749 superveniente,
1471 1700 1591 1736 tanta
1632 1692 1726 1736 ⁵an-

193 1779 311 1805 nonae
342 1762 481 1804 vitalis
512 1762 650 1803 inedia
684 1761 814 1803 totius
862 1760 1138 1802 Norhimbriae
1175 1760 1276 1802 fines
1317 1761 1529 1816 corripuit,
1572 1767 1729 1816 quanta

193 1830 330 1872 nullus
366 1829 479 1885 prius
511 1828 554 1869 in
586 1828 650 1870 his
683 1827 919 1884 regionibus
939 1827 1153 1875 meminit3
1188 1833 1313 1881 atque
1342 1832 1389 1869 ut
1412 1828 1502 1869 dira
1524 1828 1598 1870 viri
1622 1843 1727 1883 prae-

195 1897 309 1952 sagia
342 1911 440 1938 vera
477 1896 563 1937 fore
601 1899 714 1936 certo
750 1894 1033 1949 experimento
1074 1895 1353 1948 cognovimus,
1387 1910 1476 1948 quae
1507 1894 1620 1949 prius
1655 1910 1729 1951 per

193 1964 413 2005 verborum
443 1962 571 2018 ipsius
592 1961 766 2017 simplici
800 1961 999 2002 relatione
1026 1961 1222 2016 ambigua
1253 1961 1319 2003 vel
1340 1976 1448 2002 vana
1468 1961 1592 2002 fuisse
1625 1955 1729 2017 6pu-

193 2030 399 2071 tabamus.

242 2140 252 2160 ¹
280 2139 321 2172 In
337 2139 395 2172 the
414 2138 510 2172 Harl.
528 2138 605 2172 Ms.
624 2138 763 2183 chapter
781 2136 935 2171 LXXX.

242 2186 255 2204 ²
276 2185 398 2230 Vobis]
422 2185 547 2227 Nobis,
568 2185 616 2218 H.
1037 2183 1050 2201 ³
1069 2182 1291 2228 Incendium]
1317 2183 1491 2228 Incendio,
1513 2185 1561 2220 H.

245 2233 256 2251 ⁴
278 2230 537 2277 concremavit]
567 2231 651 2264 This
669 2242 737 2264 was
761 2230 905 2276 perhaps
923 2228 981 2262 the
1004 2240 1097 2262 same
1120 2228 1364 2274 conflagration
1386 2243 1422 2264 as
1444 2230 1517 2265 that
1534 2232 1730 2266 mentioned

195 2279 241 2325 by
260 2277 425 2322 Reginald
444 2278 478 2310 in
495 2277 548 2310 his
567 2277 688 2311 Libell.
709 2277 750 2311 de
768 2278 801 2311 S.
816 2276 919 2310 Cuth.
937 2287 1011 2320 cap.
1032 2275 1157 2310 xxxix.

244 2326 256 2346 ⁵
275 2324 452 2369 Annonam]
476 2324 538 2357 See
558 2321 576 2368 ξ
596 2326 674 2357 204.

244 2371 257 2390 ⁶
280 2370 509 2415 Putabamus]
543 2371 564 2388 ‘⁶
579 2370 691 2403 Nobis
723 2369 947 2414 praesentibus
976 2380 1088 2402 eoram
1122 2380 1173 2412 eo,
1203 2370 1253 2403 vir
1281 2376 1418 2403 sanetus
1448 2370 1649 2415 quandoque
1679 2371 1728 2405 sic

200 2417 288 2451 dixit
303 2431 309 2452 :
336 2420 345 2436 ⁶
360 2417 480 2450 Timeo
498 2416 591 2449 vobis
610 2415 898 2449 Dunelmensibus
912 2428 931 2448 a
945 2415 1071 2460 duplici
1089 2415 1250 2460 periculo,
1269 2416 1437 2460 videlieet,
1456 2417 1542 2462 ignis
1561 2423 1594 2450 et
1611 2418 1728 2460 famis3

198 2465 262 2498 nisi
288 2469 427 2509 peecata
445 2468 555 2496 vestra
576 2462 719 2495 celerius
745 2462 957 2495 emendetis?
1007 2462 1083 2494 Hoc
1101 2473 1159 2506 per
1177 2462 1357 2496 dimidium
1375 2463 1453 2496 anni
1472 2464 1617 2508 spatium
1637 2476 1728 2509 saepe

200 2510 344 2553 dicebat,
363 2510 410 2542 ita
427 2508 516 2554 quod
534 2520 594 2553 ego
613 2520 654 2541 ex
670 2514 739 2541 tam
758 2508 873 2541 crebra
890 2508 991 2551 hujus
1010 2507 1091 2541 dicti
1110 2509 1309 2553 repetitione
1326 2509 1509 2554 plurimum
1527 2510 1728 2544 admirabar.

202 2558 455 2601 Consequenter
472 2555 628 2589 incendio
646 2554 791 2599 quodam
810 2560 1010 2598 consumpta
1028 2560 1078 2587 est
1097 2554 1228 2597 civitas,
1244 2556 1352 2599 magis
1370 2567 1470 2600 quam
1489 2556 1597 2589 fuerat
1615 2556 1728 2601 aliquo

201 2611 351 2649 tempore
368 2602 572 2648 praecedenti
582 2614 591 2643 3
615 2607 648 2634 et
666 2601 821 2646 proxime
839 2607 932 2633 tanta
949 2601 1055 2633 fames
1068 2600 1158 2633 faeta
1176 2607 1226 2634 est
1245 2602 1278 2635 in
1294 2601 1553 2645 Northumbria,
1568 2609 1727 2647 quantam

201 2662 300 2683 nemo
317 2650 409 2694 prius
426 2649 583 2682 meminit
601 2660 636 2681 se
654 2647 789 2680 vidisse.
841 2646 960 2691 Itaque
980 2647 1039 2680 viri
1066 2647 1172 2680 saneti
1199 2648 1413 2693 praesagium,
1430 2653 1499 2681 tam
1526 2648 1618 2682 dirus
1635 2661 1727 2683 com-

200 2697 353 2742 probavit
371 2695 547 2729 eventus.'’
574 2695 686 2728 Anon.
706 2693 802 2727 Harl.
822 2693 970 2738 Legend.
