1839 3186
532 214 591 245 ET
627 214 895 246 MIRACULIS
933 213 967 244 S.
1001 211 1217 244 GODRICI.
1578 203 1659 247 479

132 333 233 371 quos
265 319 469 373 praecipue
489 317 737 359 ¹Simundus
769 319 819 358 de
844 317 962 366 Veel,
986 317 1104 358 miles
1133 317 1293 358 cunctis
1321 318 1360 358 in
1393 317 1469 357 hac
1498 318 1663 372 regione

129 384 380 433 notissimus,
417 389 457 424 et
491 399 640 438 sponsa
682 382 783 439 ejus,
818 399 912 425 cuin
953 383 1066 424 omni
1099 398 1240 424 eorum
1284 383 1454 433 familia,
1492 384 1662 425 veridici

129 455 258 492 testes
287 450 506 500 exsistunt,
530 449 622 504 Qqui
650 465 744 491 eum
772 450 825 491 ab
858 450 977 491 initio
1006 455 1301 504 cognoverunt,
1326 455 1366 490 et
1389 450 1439 489 de
1473 450 1556 491 suis
1584 451 1662 491 ele-

128 516 334 571 emosynis
356 517 393 558 ei
415 531 538 570 quam
559 516 798 571 frequenter
819 516 948 558 victui
969 516 1200 557 necessaria
1221 516 1499 557 contulerunt.

495 681 638 708 CCXXII.
677 682 728 707 DE
759 682 865 707 CAECO
897 681 1005 706 NATO
1038 681 1086 706 ET
1117 680 1288 706 SANATO.

186 765 327 819 §61L
361 765 495 806 Anus
532 765 700 819 quidam
736 766 872 815 miser,
911 765 980 819 qui
1017 765 1124 805 forte
1164 764 1242 805 hoc
1278 779 1360 805 non
1401 763 1561 818 peccati
1599 765 1661 805 sui

126 831 285 873 meritis
314 831 496 886 pertulit,
521 832 574 873 ab
606 836 725 873 utero
755 832 901 873 matris
932 846 1063 872 caecus
1094 835 1219 872 natus
1250 830 1344 872 fuit.
1411 830 1520 870 Nam
1553 830 1661 871 sicut

129 912 181 937 ex
202 913 339 938 rerum
371 897 488 939 exitu
516 898 783 952 postmodum
811 897 964 953 patuit,
987 898 1174 939 fortassis
1201 912 1277 937 nec
1308 896 1395 951 ipse
1425 911 1557 950 neque
1590 911 1661 951 pa-

128 969 267 1005 rentes
303 963 389 1020 ejus
424 970 710 1019 peccaverant,
743 970 790 1005 ut
823 979 944 1019 poena
980 964 1140 1019 peccati
1172 964 1349 1014 vindice,
1386 978 1516 1004 caecus
1548 963 1660 1004 nasci

128 1030 350 1072 debuisset.
414 1030 540 1071 Unde
572 1046 619 1071 eo
655 1031 914 1072 manifestius
947 1030 1027 1071 Dei
1064 1045 1188 1085 opera
1217 1030 1259 1070 in
1295 1029 1415 1071 istius
1449 1030 1661 1070 curatione

129 1096 335 1137 debebant
371 1097 527 1138 mundo
562 1097 782 1151 propalari,
820 1112 900 1151 quo
936 1096 1059 1152 hujus
1096 1095 1248 1151 flagelli
1287 1096 1461 1151 exitum,
1500 1096 1660 1150 peccati

127 1163 286 1204 meritis
315 1163 360 1204 id
389 1178 472 1205 non
503 1163 778 1218 exigentibus,
803 1163 1014 1204 secretiori
1044 1163 1124 1203 Dei
1148 1161 1308 1218 judicio
1343 1162 1492 1217 dignus
1525 1163 1662 1203 fuerat

127 1229 319 1284 experiri.
383 1229 481 1279 Hic,
505 1230 596 1271 aliis
622 1229 882 1280 ducentibus,
907 1230 962 1271 ad
983 1229 1060 1270 viri
1086 1229 1166 1270 Dei
1195 1229 1458 1283 sepulchrum
1488 1234 1550 1270 est
1571 1244 1660 1283 per-

122 1295 285 1346 ductus,
309 1300 350 1337 et
374 1296 560 1350 sequenti
583 1301 704 1337 nocte
728 1301 948 1351 postquam
970 1301 1154 1345 Venerat,
1178 1295 1230 1336 ab
1253 1295 1363 1336 omni
1391 1295 1577 1336 caecitate
1599 1301 1661 1336 est

123 1362 337 1403 liberatus.
399 1363 458 1403 Et
488 1362 584 1416 quia
616 1362 669 1403 ad
701 1363 912 1403 lucernam
942 1363 1022 1403 Dei
1055 1361 1254 1416 confugit,
1278 1362 1419 1402 lumen
1450 1362 1661 1402 oculorum

123 1428 176 1470 ab
210 1428 301 1483 ipsa
336 1429 546 1483 percipere
581 1428 746 1479 meruit,
782 1444 986 1483 sanusque
1022 1434 1064 1469 et
1098 1428 1256 1477 videns,
1290 1427 1444 1469 Sancto
1480 1428 1660 1469 Godrico

123 1495 372 1546 medicante,
396 1495 532 1546 rediit,
557 1495 625 1549 qui
657 1510 870 1549 nunquam
901 1500 1025 1537 antea
1054 1496 1193 1536 lumen
1226 1494 1313 1535 coeli
1339 1495 1475 1536 videre
1505 1510 1662 1549 praeva-

125 1561 228 1609 luit3
264 1562 402 1615 sicque
431 1567 598 1603 sanctus
631 1561 712 1602 Dei
744 1561 949 1603 Godricus
980 1577 1090 1603 caeco
1111 1568 1209 1602 nato
1241 1560 1427 1602 medicus
1458 1561 1661 1615 probatis-

128 1627 255 1669 simus
284 1633 345 1669 est
368 1628 551 1677 effectus,
576 1628 645 1681 qui
665 1628 809 1670 vivens
830 1629 873 1669 in
902 1643 1070 1683 corpore
1095 1642 1307 1682 nunquan]
1337 1628 1474 1682 aliqua
1492 1627 1661 1669 medici-

127 1694 232 1736 nalis
253 1695 356 1736 artis
376 1695 526 1749 peritia
545 1694 683 1735 fuerat
705 1694 902 1737 imbutus.

489 1858 646 1884 CCXXIII.
684 1860 735 1884 DE
767 1859 880 1884 MUTO
912 1859 1019 1884 NATO
1052 1859 1100 1884 ET
1131 1859 1300 1884 CURATO.

191 1942 213 1995 ξ
236 1943 332 1983 612.
367 1941 456 1982 PER
476 1941 587 1982 idem
611 1946 777 1996 tempus
801 1941 970 1995 quidam
999 1941 1051 1982 ab
1074 1946 1168 1982 ortu
1196 1941 1341 1982 matris
1369 1945 1509 1982 mutus
1538 1947 1661 1983 natus

131 2013 193 2049 est
215 2008 257 2048 in
279 2008 376 2049 villa
402 2007 698 2048 Northimbriae
724 2023 813 2061 quae
841 2007 1035 2048 Goswich
1057 2012 1206 2048 vocata
1235 2013 1327 2056 est3
1364 2007 1445 2060 qui,
1468 2013 1585 2061 patre
1619 2013 1659 2049 et

130 2079 263 2115 matre
284 2074 473 2124 ducente,
492 2079 533 2114 et
549 2073 692 2114 multis
714 2074 765 2114 de
782 2073 993 2128 provincia
1009 2073 1111 2123 aliis,
1131 2073 1184 2114 ad
1200 2073 1276 2114 viri
1299 2073 1379 2113 Dei
1397 2074 1659 2127 sepulchrum

131 2141 354 2194 perductus
389 2145 480 2187 est3
516 2140 584 2194 qui
620 2140 826 2194 loquelam
860 2140 916 2180 ibi
957 2140 1141 2194 percepit
1173 2145 1214 2180 et
1247 2138 1515 2180 disertissime
1548 2140 1659 2194 loqui

131 2206 266 2261 coepit.
321 2206 432 2246 Miro
454 2206 581 2261 igitur
600 2206 724 2246 modo
747 2206 862 2247 Deus
883 2221 957 2261 per
979 2205 1181 2261 Spiritum
1206 2205 1338 2246 Suum
1360 2211 1567 2259 operatur,
1591 2207 1658 2260 qui

130 2287 203 2326 per
226 2272 463 2326 imperitum
488 2272 695 2326 quondam
720 2272 862 2327 lingua
893 2278 934 2313 et
957 2273 1117 2326 eloquio
1145 2272 1247 2313 alios
1277 2278 1416 2313 mutos
1445 2272 1661 2326 loquentes

130 2338 267 2379 reddit
289 2344 329 2379 et
352 2338 536 2380 eruditos
557 2338 707 2393 linguae
729 2338 871 2393 peritae
895 2338 1103 2393 suffragio.

127 2485 277 2511 CCXXIV.
315 2486 366 2511 DE
397 2486 567 2514 QUODAM
599 2486 716 2511 ILLUC
747 2487 792 2511 IN
825 2486 1003 2511 FERETRO
1035 2486 1205 2521 DELATO,
1238 2487 1286 2511 ET
1318 2486 1470 2512 DOMUM
1503 2487 1660 2512 SOSPITE

745 2552 1039 2578 REGREDIENTE.

189 2619 332 2672 §613
370 2618 454 2659 RES
489 2619 615 2660 etiam
649 2620 731 2660 alia
766 2619 911 2660 eodem
943 2624 1130 2674 tempore
1166 2619 1330 2668 accidit,
1366 2633 1454 2672 quae
1489 2633 1561 2672 pro
1595 2619 1657 2659 sui

125 2685 312 2726 novitate
334 2685 521 2726 miraculi
542 2686 696 2727 multos
717 2685 759 2725 in
785 2690 996 2740 stuporem
1018 2685 1235 2726 convertit.
1299 2685 1408 2725 Nam
1431 2683 1657 2725 3Ricardus

176 2778 184 2795 ¹
213 2777 386 2811 simundus
402 2780 441 2811 de
461 2778 566 2823 Veel]
605 2779 688 2812 This
713 2778 915 2819 individual,
933 2777 1040 2811 under
1067 2777 1125 2810 the
1149 2777 1325 2810 Latinized
1354 2789 1452 2810 name
1483 2777 1520 2810 of
1542 2777 1658 2810 Simon

125 2823 274 2866 Vitulus,
294 2835 410 2857 occurs
429 2824 463 2857 in
481 2824 538 2857 the
557 2824 690 2858 Boldon
704 2825 802 2858 Book
820 2836 856 2857 as
874 2824 931 2857 the
949 2823 1022 2857 lord
1040 2824 1077 2856 of
1092 2823 1313 2865 Plausworth,
1332 2836 1363 2868 p.
1379 2826 1457 2857 565.

167 2870 180 2888 ‘²
207 2869 304 2915 Qua]
334 2870 480 2914 “equff’
500 2870 670 2904 Bodleian
688 2871 764 2904 MS.

172 2916 185 2935 ³
213 2915 407 2961 Ricardus.j
445 2916 606 2958 Richard,
636 2928 696 2949 son
726 2917 764 2949 of
789 2916 950 2960 Geoffrey
975 2916 1014 2948 de
1047 2915 1268 2959 Hessewclle,
1296 2915 1516 2960 quitclaimed
1541 2922 1575 2949 to
1602 2915 1661 2948 the
