1839 3186
225 166 308 207 386
736 171 970 204 LIBELLUS
1007 172 1071 203 DE
1108 172 1226 203 VITA

224 294 396 335 puerum
421 278 768 334 speciosissimum
788 292 875 332 prae
893 275 987 319 filiis
1003 276 1231 326 hominum,
1252 280 1388 317 totum
1412 273 1763 323 candidissimum,

228 361 345 388 coma
372 345 569 401 crispanti
595 343 850 394 dulcifluum,
874 343 917 384 in
944 344 1125 385 brachiis
1152 347 1379 393 tenentem,
1402 347 1444 384 et
1466 356 1626 396 semper
1648 340 1764 394 quasi

229 427 371 456 versus
405 428 446 454 se
469 411 695 468 jocundius
726 427 795 452 ore
823 410 1120 452 subridentem.
1193 411 1313 451 Tunc
1340 410 1408 450 ille
1434 408 1503 463 qui
1534 423 1559 449 a
1580 407 1764 448 dexteris

231 478 318 536 ejus
343 484 530 529 steterat,
553 478 613 520 illi
650 478 828 528 dicebat,
856 477 1083 519 “Videsne
1121 476 1331 518 dominam
1364 475 1536 517 illam?”
1586 474 1648 515 At
1682 473 1763 522 ille,

233 546 430 596 “Etiam,
465 545 657 587 domne.”
728 545 846 585 Tunc
884 549 1063 594 sanctus,
1099 543 1408 599 “Peroptimus
1442 541 1563 584 valde
1599 545 1662 582 est
1699 539 1767 581 ille

233 613 440 669 speciosus
462 628 584 667 quem
606 612 649 653 in
669 610 849 652 brachiis
871 610 954 652 suis
978 615 1093 651 tenet
1116 610 1284 651 domina
1302 610 1382 652 ista
1403 608 1643 665 puerulus,”
1709 606 1767 647 Et

233 679 432 735 adjiciens
453 679 528 728 ait,
554 683 578 701 ‘⁶
597 677 731 727 Nosti,
747 675 925 732 juvenis,
945 692 1034 731 quae
1055 677 1241 718 facturus
1260 677 1340 718 sis?
1356 677 1379 693 '³
1413 676 1490 718 Oui
1512 675 1593 726 ille,
1619 674 1695 715 “N
1698 689 1762 723 on,

233 747 384 788 domne
407 745 506 786 1111.”
578 745 739 786 Iterum
771 749 951 794 sanctus,
980 744 1194 797 “Quando
1226 743 1358 785 sancti
1385 742 1455 784 isti
1485 742 1563 783 tibi
1593 741 1767 783 salutem

236 812 496 861 donaverint,
514 817 614 853 tunc
632 810 764 853 sancti
783 810 913 852 crucis
935 810 1190 866 signaculum
1208 811 1287 852 eris
1308 814 1562 865 accepturus,
1584 823 1631 849 ac
1648 807 1678 848 J
1683 822 1769 848 ero-

232 880 436 936 solymam
458 878 730 934 profecturus,
753 893 802 919 ac
836 877 1005 918 domina
1037 878 1108 919 illa
1139 892 1234 918 cum
1265 892 1391 932 puero
1422 891 1494 918 5110
1526 880 1664 917 tecum
1686 873 1769 916 sint

234 946 470 1002 profecturi,
488 950 528 986 et
542 944 646 1001 tibi(
652 945 839 999 quamvis
855 959 937 985 non
951 959 1019 986 eos
1033 959 1194 999 semper
1208 944 1261 986 sis
1273 943 1468 996 visurus‚)
1486 940 1768 984 auxiliaturi.”

200 1013 336 1055 ,Post
376 1013 468 1053 haec
499 1017 584 1054 tres
615 1012 798 1053 dexterae
839 1011 991 1066 digitos
1032 1012 1180 1059 erexit,
1221 1015 1262 1052 et
1298 1010 1461 1065 signum
1491 1008 1623 1050 0111015
1656 1008 1692 1049 01
1727 1008 1770 1049 111

232 1080 405 1121 1111111010
423 1079 572 1120 dextro
592 1078 783 1133 depinxit
799 1092 809 1130 3
846 1093 944 1119 nam
962 1093 1060 1118 mox
1076 1083 1123 1119 ut
1136 1093 1307 1119 manum
1320 1082 1488 1119 sanctus
1503 1074 1768 1125 abstraxerit,

236 1151 279 1188 et
304 1161 466 1188 sursum
488 1145 697 1196 extulerit,
722 1145 856 1186 forma
883 1144 1082 1200 signaculi
1108 1144 1252 1194 crucis,
1275 1144 1390 1186 velut
1413 1143 1573 1185 duobus
1597 1140 1771 1184 albenti-

233 1213 312 1255 bus
335 1212 413 1254 filis
435 1212 625 1262 candida,
648 1211 691 1252 in
713 1210 800 1267 ejus
819 1212 992 1253 humero
1014 1216 1187 1252 exarata
1211 1211 1479 1266 100111110111111.

301 1281 322 1335 §
359 1281 458 1321 405.
490 1279 731 1320 AEstimans
751 1278 878 1334 igitur
910 1293 952 1320 se
985 1283 1163 1333 aegrotus
1187 1278 1351 1319 omnino
1387 1292 1546 1327 sanum,
1571 1290 1619 1317 ac
1651 1273 1772 1316 levis-

233 1347 383 1388 simum
405 1346 598 1395 sentiens,
621 1346 735 1400 quasi
757 1346 949 1386 exiturus
970 1344 1024 1385 ad
1043 1345 1194 1386 ostium
1216 1345 1323 1386 illius
1344 1344 1540 1385 Ecclesiae
1561 1340 1774 1398 processit,

233 1429 356 1468 quem
376 1413 488 1454 idem
513 1417 680 1454 sanctus
710 1427 906 1453 revocans
938 1411 1012 1460 ait,
1038 1415 1062 1434 ‘⁶
1078 1411 1316 1461 Revertere,
1344 1409 1524 1467 juvenis,
1551 1413 1771 1458 revertere,

234 1485 275 1521 et
296 1480 378 1521 11110
411 1479 588 1528 accede,
629 1479 724 1533 quia
755 1479 877 1519 nimis
899 1478 1021 1520 citius
1046 1478 1149 1520 mihi
1171 1478 1283 1520 Visus
1315 1493 1357 1520 es
1387 1478 1523 1519 nuntii
1554 1476 1631 1518 tibi
1667 1490 1775 1516 com-

232 1547 346 1588 missi
375 1546 589 1601 negotium
625 1545 820 1587 oblivioni
852 1545 1102 1594 tradidisse3
1135 1560 1283 1600 nempe
1325 1545 1525 1586 ducturus
1558 1558 1600 1584 es
1635 1547 1774 1584 tecum

235 1613 447 1654 dominam
479 1612 617 1662 istam,
646 1627 730 1653 una
762 1627 854 1653 cum
891 1627 1018 1668 puero
1048 1627 1136 1661 suo,
1159 1627 1287 1666 usque
1318 1611 1360 1652 in
1396 1611 1565 1652 domum
1596 1608 1772 1650 meam?7

237 1680 333 1722 Hoc
355 1679 524 1735 quidem
546 1684 714 1721 sanctus
734 1678 803 1720 ille
833 1678 869 1720 ei
900 1678 1165 1734 praedixerat,
1192 1678 1264 1720 sed
1292 1679 1397 1720 forte
1419 1678 1462 1720 id
1483 1693 1508 1719 a
1528 1682 1667 1718 mente
1690 1673 1777 1731 ejus

283 1768 291 1787 ¹
315 1767 540 1814 Comparuit]
580 1767 664 1801 This
687 1766 827 1800 miracle
854 1767 882 1800 is
914 1767 992 1800 thus
1023 1767 1169 1800 detailed
1198 1767 1231 1800 111
1261 1766 1318 1800 1110
1349 1767 1461 1801 Α11011.
1493 1765 1589 1799 Harl.
1619 1764 1774 1809 Legend:

235 1815 256 1834 ‘⁴
271 1814 419 1857 Quidam
433 1815 569 1859 juvenis
583 1815 618 1848 in
631 1814 724 1847 curia
735 1814 850 1847 Sancti
866 1813 1056 1857 cuthberti,
1071 1825 1148 1847 cum
1162 1825 1249 1847 nova
1266 1813 1313 1847 ibi
1331 1818 1604 1847 construerentur
1621 1811 1777 1854 aedificia,

233 1861 382 1895 multum
411 1862 446 1895 in
476 1861 676 1894 sufferendis
705 1860 875 1905 lapidibus
904 1860 1079 1894 laboravit.
1144 1860 1212 1894 Hic
1245 1872 1265 1893 a
1293 1866 1411 1894 ruente
1445 1860 1590 1905 quodam
1623 1858 1778 1892 tabulatu

234 1907 368 1953 lapideo
387 1914 438 1941 est
452 1920 643 1953 oppressus.
681 1907 785 1953 Spina
803 1907 892 1940 dorsi
911 1919 989 1940 011111
1008 1907 1128 1940 ceteris
1146 1907 1349 1952 quibusdam
1368 1907 1500 1940 ossibus
1520 1911 1570 1940 est
1588 1905 1777 1946 confracta3

234 1960 353 2000 pectus
372 1960 405 1988 et
423 1955 597 1988 sinistrum
614 1954 723 1987 femur
741 1954 866 1988 attrita.
900 1953 1001 1987 Unde
1018 1965 1077 1999 per
1094 1953 1222 1999 aliquot
1239 1965 1373 1987 menses
1391 1954 1586 1999 desperatus
1604 1951 1774 1995 accubuit,

237 2007 269 2034 et
287 2001 424 2035 tandem
443 2001 501 2034 vix
528 2000 776 2045 aliquantulum
802 2000 1052 2043 convalescens,
1076 2000 1204 2046 incepit
1225 2000 1386 2045 gibbosus
1412 2006 1446 2034 01
1466 2011 1587 2033 curvus
1610 1998 1777 2040 incedere,

237 2047 369 2081 duobus
398 2047 529 2081 baculis
555 2047 635 2080 hinc
668 2047 747 2080 inde
776 2047 955 2081 subnixus.
1006 2047 1061 2079 Sic
1086 2059 1145 2092 per
1165 2059 1291 2080 annum
1313 2053 1346 2080 01
1370 2046 1549 2080 dimidium
1572 2057 1620 2088 50,
1647 2044 1777 2078 011110115

234 2094 439 2137 videntibus,
470 2094 709 2137 miserabiliter
733 2093 961 2139 protrahebat.
1011 2093 1124 2126 Multa
1148 2094 1284 2138 quidem
1307 2094 1472 2127 inutiliter
1489 2093 1530 2126 de
1548 2091 1689 2125 consilio
1707 2103 1778 2124 me-

237 2140 390 2174 dicorum
412 2141 575 2182 fomenta,
604 2140 770 2185 potiones,
798 2139 980 2185 emplastra
1005 2140 1225 2185 consumpsit.
1277 2140 1359 2173 Idus
1382 2140 1479 2181 Julii,
1508 2139 1591 2172 feria
1608 2138 1674 2182 VI,
1701 2149 1777 2171 cum

230 2188 360 2231 jaceret
383 2187 553 2231 fatigatus,
578 2192 611 2219 et
634 2186 787 2230 vigilans,
818 2192 856 2219 ut
880 2186 944 2219 sibi
968 2186 1155 2230 videbatur,
1175 2186 1259 2220 vidit
1278 2187 1475 2231 hujusmodi
1496 2185 1672 2219 visionem.
1723 2184 1780 2217 Ad

236 2234 389 2267 tumbam
412 2234 520 2267 sancti
544 2233 683 2267 Godrici
710 2232 810 2266 flexis
835 2232 977 2277 genibus
1001 2233 1036 2265 in
1062 2233 1211 2266 oratione
1236 2234 1470 2278 procumbens,
1497 2232 1674 2278 conspexit
1697 2231 1781 2264 duos

236 2280 333 2323 viros,
361 2280 469 2313 forma
492 2280 703 2325 conspicuos,
731 2279 811 2313 hinc
834 2279 913 2313 inde
936 2279 1000 2313 sibi
1026 2286 1200 2321 astantes,
1227 2286 1259 2313 et
1283 2292 1327 2314 ex
1345 2281 1499 2326 opposita
1520 2285 1615 2325 parte
1633 2277 1777 2324 sepulcri

236 2327 375 2360 tertium
403 2327 471 2360 illis
498 2327 618 2360 decore
646 2331 875 2372 praestantem.
925 2326 1024 2359 Vidit
1053 2327 1156 2360 etiam
1185 2327 1322 2360 beatum
1349 2327 1546 2369 Godricum,
1576 2337 1676 2370 quem
1706 2325 1778 2370 ipse

235 2379 354 2407 notum
372 2373 517 2407 habebat
535 2374 569 2406 in
581 2373 661 2416 vita,
679 2385 738 2418 per
754 2372 830 2406 illos
848 2378 1092 2415 transeuntem,
1107 2379 1141 2407 et
1158 2373 1233 2407 illos
1252 2374 1499 2418 quodammodo
1517 2372 1778 2406 ministrantem.

237 2420 301 2453 Cui
320 2426 466 2463 sanctus,
490 2420 546 2464 qui
577 2431 620 2452 ex
646 2425 740 2465 parte
758 2419 869 2453 stabat
890 2420 1055 2465 opposito,
1079 2420 1240 2465 praecepit
1264 2426 1300 2453 ut
1325 2432 1439 2454 curam
1463 2424 1576 2465 ageret
1599 2418 1641 2452 ad
1668 2417 1780 2463 sepul-

236 2478 329 2500 crum
343 2467 489 2510 jacentis
506 2466 647 2500 infirmi.
698 2466 796 2499 Vidit
814 2466 915 2500 etiam
935 2472 1178 2511 consequenter
1194 2473 1382 2500 matronam
1401 2472 1546 2500 stantem
1564 2465 1599 2498 in
1614 2464 1778 2498 Ecclesiae

234 2513 348 2546 medio
364 2513 557 2557 gloriosam,
574 2524 784 2557 puerumque
802 2517 975 2546 tenentem
992 2512 1027 2546 in
1044 2513 1191 2546 brachiis
1208 2513 1408 2547 mirabiliter
1425 2513 1628 2558 speciosum.
1681 2511 1778 2544 Tunc

236 2559 294 2592 ille
319 2560 376 2604 qui
394 2559 505 2593 stabat
529 2572 549 2593 a
567 2559 695 2593 dextris
719 2559 801 2592 dicit
823 2559 875 2593 ei:
902 2561 922 2577 ⁴⁶
937 2559 1081 2601 Quando
1105 2571 1164 2604 per
1187 2566 1322 2593 sanctos
1345 2560 1427 2593 istos
1453 2564 1654 2593 consecutus
1677 2556 1780 2590 fueris

236 2606 445 2651 sospitatem,
464 2606 598 2651 signum
616 2606 725 2639 crucis
742 2605 889 2650 accipies
906 2605 929 2639 J
932 2606 1145 2639 erosolimam
1163 2606 1385 2651 profecturus,
1412 2611 1444 2640 et
1463 2605 1599 2639 domina
1616 2605 1682 2638 ista
1700 2615 1777 2637 cum

234 2664 338 2697 puero
356 2664 416 2686 suo
434 2658 548 2686 tecum
571 2652 813 2698 proficiscetur,
832 2657 865 2685 et
883 2652 944 2686 tibi
962 2652 1045 2685 feret
1064 2653 1242 2695 auxilium,
1270 2651 1422 2697 quamvis
1441 2664 1515 2685 eam
1534 2663 1601 2685 non
1620 2650 1779 2684 continue

236 2699 282 2732 sis
307 2699 475 2733 1·15111·115.”
525 2699 607 2732 Post
633 2698 706 2732 haec
731 2698 839 2732 tribus
870 2698 984 2743 digitis
1013 2699 1185 2744 impressit
1212 2699 1241 2732 01
1269 2699 1403 2743 signum
1433 2698 1552 2732 Crucis
1575 2698 1610 2731 in
1638 2697 1778 2730 humero

236 2745 365 2787 dextre,
385 2751 418 2778 et
435 2757 516 2779 mox
534 2751 570 2779 ut
588 2757 726 2779 manum
742 2745 922 2788 subtraxit,
940 2745 1152 2790 signaculum
1171 2745 1280 2779 crucis
1299 2746 1332 2778 in
1352 2747 1424 2789 ejus
1442 2746 1596 2784 humere,
1614 2749 1776 2788 tanquam

235 2802 278 2824 ex
300 2791 366 2825 filis
390 2792 612 2826 candentibus
637 2792 761 2825 factam
783 2791 980 2837 comparuit.
1032 2791 1160 2825 Iterum
1185 2792 1266 2825 dicit
1290 2792 1363 2826 illi:
1390 2794 1409 2811 ‘⁶
1424 2792 1477 2825 Tu
1501 2791 1672 2825 dominam
1692 2789 1780 2822 hanc

232 2849 311 2915 {euni
329 2849 432 2883 puero
450 2850 519 2899 sue⁵
528 2839 674 2872 deduces
692 2850 798 2884 usquc
817 2838 851 2871 in
869 2838 1008 2872 domum
1032 2850 1155 2878 meam,
1182 2844 1215 2872 ct
1242 2838 1288 2872 ibi
1311 2838 1498 2872 morabitur
1516 2838 1624 2872 donee
1643 2836 1665 2870 J
1668 2847 1781 2870 eroso--

247 2895 348 2917 1ma1n
368 2891 494 2929 pergat.
