1839 3186
1566 208 1585 246 Q(

1592 207 1614 245 <51

499 223 559 253 ET
594 221 861 253 MIRAcums
897 221 933 252 s.
968 220 1186 252 GODRICI.
1532 207 1570 246 2.

73 423 161 449 OAP.
183 421 308 450 CXXX.
352 420 545 451 QUOMODO
576 420 775 446 MATRONA
797 420 981 450 QUAEDAM
1014 420 1227 445 LANGUIDA
1250 419 1326 445 PER
1353 418 1517 446 GUSTUM
1542 420 1614 445 PA-

468 486 535 514 NIS
565 487 648 512 ILLI
682 487 922 512 TRANSMISSI
952 487 1012 512 SIT
1042 470 1239 512 (ΣἩΗΑΤΑ.1

134 589 153 641 §
179 590 277 630 241.
315 587 564 629 REFERENTE
589 587 769 642 quodam
800 587 927 628 fratre
956 590 1111 636 nostre,
1138 585 1274 627 veraci
1295 585 1398 637 viro,
1419 585 1508 626 haec
1530 584 1612 625 duo

76 654 288 705 miracula,
318 654 482 696 vivente
504 654 593 695 viro
615 654 695 695 Dei
728 653 853 704 facta,
877 652 1071 707 comperi,
1095 667 1184 706 quae
1213 652 1495 694 subnectendo
1518 666 1613 692 con-

80 720 236 776 scripsi.
299 719 404 761 Erat
426 720 620 774 quaedam
638 725 830 761 matrona
850 718 994 769 fidelis,
1018 734 1107 773 quae
1124 723 1218 774 post
1240 723 1407 773 partum
1428 717 1611 768 infantis,

80 802 202 841 quem
233 801 365 841 nuper
398 786 598 837 ediderat,
620 786 737 842 gravi
767 785 1024 841 aegritudinis
1051 785 1241 826 molestia
1271 799 1481 840 oppressa,
1512 798 1614 825 non-

81 854 204 895 nullis
232 853 375 895 vicinis
404 856 446 894 et
478 852 620 895 amicis
652 852 702 894 de
733 852 992 908 reparatione
1031 851 1176 893 salutis
1212 866 1316 907 pene
1348 849 1616 906 desperabilis

82 924 185 961 erat.
247 919 355 972 Quia
388 918 517 974 igitur
542 919 670 960 frater
693 919 761 960 ille
794 918 893 974 ipsis
921 923 1010 960 erat
1039 917 1292 967 notissimus,
1315 916 1403 973 ejus
1428 916 1615 967 miseri-is,

83 985 427 1040 conquerentibus
456 985 612 1036 amicis,
640 985 844 1034 indoluit3
878 985 988 1026 unde
1020 989 1061 1026 et
1093 984 1135 1025 in
1163 999 1242 1038 quo
1278 983 1428 1039 potuit,
1458 984 1493 1024 ei
1521 983 1616 1024 sub*

81 1051 221 1094 venire
259 1051 470 1100 decrevit;
513 1057 554 1092 et
591 1051 687 1106 quia
721 1056 821 1092 tunc
857 1051 1056 1106 temporis
1092 1065 1210 1092 servo
1246 1050 1327 1091 Dei
1360 1049 1616 1104 frequentius

85 1118 238 1159 Missas
278 1122 544 1159 consueverat
585 1117 804 1167 celebrare,
848 1116 918 1158 illo
960 1116 1197 1167 deveniens,
1240 1116 1362 1171 coepit
1403 1115 1617 1171 angustias

84 1183 327 1239 aegrotantis
347 1183 530 1225 mulieris
552 1198 770 1239 exponere.
832 1183 917 1224 Pro
939 1181 1027 1238 ejus
1058 1183 1186 1238 igitur
1221 1182 1418 1237 languore
1439 1182 1502 1223 vir
1523 1181 1616 1232 Dei,

84 1255 251 1305 petente
288 1250 371 1300 illo,
406 1250 527 1305 coepit
559 1250 729 1291 Domini
763 1250 1026 1291 clementiam
1064 1249 1201 1290 tacitis
1227 1249 1396 1290 vocibus
1432 1263 1616 1298 exorare,

83 1316 275 1370 factaque
304 1316 489 1357 oratione
525 1316 708 1371 dansque
738 1316 798 1357 illi
837 1316 888 1357 de
923 1331 1028 1371 pane
1065 1330 1137 1357 suo
1167 1315 1363 1370 praecepit
1391 1313 1619 1355 infirmanti

85 1383 382 1424 transmittere.
446 1387 471 1405 “
491 1382 666 1433 Credo?
687 1383 833 1437 inquit,
867 1382 1006 1437 “quia
1036 1381 1158 1423 citius
1187 1381 1237 1422 de
1266 1381 1344 1422 hac
1378 1379 1619 1422 infirmitate

86 1448 299 1490 curabitur
329 1449 363 1490 si
392 1448 443 1489 de
478 1449 556 1490 hoc
583 1464 688 1504 pane
715 1449 924 1504 gustando
953 1448 1229 1504 perfruatur.”
1292 1448 1372 1500 Qui
1403 1451 1621 1502 acceptum

86 1529 238 1570 panem
267 1529 405 1556 secum
430 1515 685 1557 Dunelmum
714 1516 894 1565 detulit3
928 1515 1000 1556 ubi
1027 1520 1198 1570 accepta
1231 1514 1535 1568 aliquantulum
1569 1512 1620 1554 de

85 1580 211 1635 2aqua
226 1581 357 1622 sancti
376 1581 610 1632 Outhberti,
629 1587 804 1637 utraque
823 1581 985 1623 mulieri
1005 1580 1220 1636 languenti
1237 1580 1465 1622 transmisit
1482 1594 1492 1631 ;
1516 1594 1619 1634 quae,

84 1662 184 1688 mox
207 1651 254 1688 ut
276 1647 327 1688 de
347 1647 411 1689 his
440 1648 637 1703 gustavit,
658 1663 701 1690 se
731 1648 901 1690 sanitati
937 1647 1177 1689 restitutam
1208 1647 1423 1702 persensit,
1447 1646 1620 1700 Deoque

85 1713 241 1769 gratias
261 1713 452 1763 referens,
476 1714 579 1755 nihil
600 1714 866 1770 postmodum
891 1714 941 1755 de
962 1714 1136 1769 pristino
1159 1713 1299 1755 dolore
1321 1712 1553 1755 ³sustinuit.

86 1822 122 1855 in
139 1822 197 1856 the
221 1828 454 1868 arrangement
472 1823 509 1856 of
522 1822 579 1855 the
596 1833 806 1867 anonymous
825 1821 987 1855 Harleian
1010 1821 1144 1866 legend,
1161 1821 1222 1854 but
1240 1833 1295 1855 arc
1311 1821 1391 1854 here
1408 1820 1553 1865 brought
1571 1826 1624 1854 to-

87 1868 205 1913 gether
222 1869 272 1902 for
289 1869 346 1902 the
363 1875 493 1914 greater
514 1869 739 1902 convenience
757 1868 795 1901 of
814 1868 994 1902 reference.
1045 1870 1066 1886 ‘⁴
1080 1867 1273 1901 Assistente
1291 1867 1340 1901 illi
1359 1867 1504 1912 quodam
1522 1867 1624 1900 fratre

89 1914 170 1948 dum
183 1915 327 1960 graviter
344 1922 531 1960 aegrotaret,
543 1915 577 1947 in
596 1915 787 1960 oppositum
804 1914 966 1960 parietem
981 1914 1070 1947 acies
1083 1913 1251 1947 luminum
1267 1913 1424 1958 dirigens,
1442 1914 1489 1947 ait
1503 1913 1545 1946 ad
1558 1913 1624 1946 fra-

88 1966 174 1994 trem
192 1974 198 1996 :
226 1964 235 1981 (
249 1961 285 1994 N
288 1961 417 2006 unquid
436 1961 528 1995 vides
554 1960 612 1994 illa
628 1972 705 2006 quae
722 1961 819 1994 video
833 1961 858 1995 2³
910 1960 978 2003 Qui
996 1972 1073 1994 cum
1092 1972 1128 1993 se
1144 1960 1325 2005 quicquam
1344 1960 1456 1993 videre
1473 1965 1622 2004 negaret,

90 2007 121 2040 ei
140 2007 238 2051 dixit,
265 2006 357 2054 [MS.
377 2019 418 2041 en
437 2006 539 2053 dixi,]
561 2007 659 2041 ‘Illic
680 2007 832 2052 nequitia
852 2006 1037 2052 spiritualis
1058 2006 1092 2039 in
1110 2006 1222 2052 specie
1245 2006 1404 2040 foeminea
1426 2006 1625 2039 mirabiliter

90 2053 251 2087 adornata
270 2054 435 2098 consistit,
453 2060 486 2087 et
503 2065 559 2087 me
576 2054 618 2087 ad
640 2053 885 2099 turpitudinem
911 2064 1091 2098 provocare
1114 2052 1299 2087 contendit.
1350 2052 1417 2086 Sed
1434 2064 1492 2097 per
1510 2063 1622 2085 meam

92 2100 290 2143 orationem,
318 2100 477 2134 frustrato
503 2099 627 2143 labore,
655 2100 849 2144 fugabitur;
890 2105 928 2133 tu
955 2099 1070 2133 locum
1098 2099 1196 2132 illum
1225 2110 1313 2143 aqua
1337 2098 1517 2133 benedicta
1545 2110 1623 2132 con-

91 2146 232 2191 sperge.’
284 2146 360 2180 Ho'c
376 2146 477 2190 facto,
496 2146 633 2191 spiritus
650 2146 707 2179 ille
725 2146 893 2190 malignus
911 2145 1083 2179 evanuit.''

139 2194 160 2212 “
173 2192 260 2225 Cum
273 2192 309 2226 in
323 2192 464 2226 obscuro
482 2192 573 2226 solus
591 2199 699 2226 oraret
718 2192 895 2236 Ecclesiae,
913 2198 1008 2225 tanta
1023 2192 1085 2224 lux
1103 2191 1200 2225 illum
1219 2190 1420 2236 quandoque
1438 2190 1626 2224 circumda-

91 2238 162 2280 bat,
178 2244 217 2271 ut
233 2238 268 2271 in
289 2251 364 2272 eam
385 2239 530 2284 defigere
552 2250 620 2271 non
643 2244 757 2284 posset
774 2244 960 2284 aspectum.
1012 2237 1123 2280 Unde,
1142 2238 1230 2271 sicut
1248 2238 1411 2271 secretius
1436 2236 1534 2270 nobis
1551 2237 1624 2282 ipse

91 2285 248 2328 narravit,
267 2285 398 2330 quoties
421 2285 486 2318 hoc
504 2285 638 2329 signum
664 2285 758 2318 Deus
784 2284 943 2328 ostendit,
961 2290 1042 2318 tunc
1068 2296 1103 2317 se
1126 2284 1297 2329 postulata
1322 2283 1501 2317 efficaciter
1519 2283 1625 2328 impe-

92 2337 198 2364 trasse
224 2331 390 2375 cognovit.
442 2331 705 2364 Considentibus
729 2331 832 2364 etiam
855 2337 955 2376 atque
980 2330 1263 2374 ministrantibus,
1290 2330 1401 2364 dicere
1428 2330 1624 2363 consuevit:

94 2379 103 2397 ‘
117 2377 220 2411 Orate
236 2388 383 2419 mecum,
401 2384 434 2411 et
451 2377 493 2410 ad
511 2389 550 2410 ea
567 2389 644 2421 quae
661 2377 758 2410 video
774 2377 898 2410 mentis
917 2376 1031 2410 oculos
1053 2376 1181 2409 elevate
1198 2389 1205 2418 ;
1232 2377 1311 2421 quia
1328 2376 1448 2410 domus
1465 2375 1539 2409 haec
1556 2381 1627 2409 tota

92 2423 222 2458 coelesti
239 2423 315 2457 luce
333 2423 552 2469 resplendens
570 2423 636 2456 Dei
653 2423 866 2468 praesentiam
885 2423 1003 2456 adesse
1021 2422 1252 2456 demonstrat.⁵
1264 2423 1288 2438 ’'

141 2470 150 2489 ¹
179 2469 262 2503 This
280 2469 418 2515 chapter
434 2470 462 2503 is
480 2476 538 2503 not
555 2469 659 2503 found
677 2470 711 2503 in
729 2469 787 2502 the
806 2469 900 2503 Harl.
919 2469 995 2503 MS.

140 2515 157 2545 ².
170 2516 268 2560 Aqua
294 2516 326 2550 S.
343 2515 546 2561 cuthberti]
570 2515 693 2549 Water
722 2516 758 2549 in
788 2515 900 2549 which
926 2515 984 2549 the
1011 2515 1109 2549 relics
1136 2515 1173 2548 of
1197 2515 1245 2548 St.
1260 2514 1426 2547 Cuthbert
1449 2513 1517 2547 had
1543 2513 1629 2546 been

96 2561 230 2607 dipped.
280 2562 343 2596 See
369 2562 556 2596 additional
582 2562 752 2596 instances
775 2562 809 2595 in
835 2561 1031 2606 Reginald's
1059 2561 1211 2595 Libellus
1237 2560 1279 2594 de
1304 2561 1336 2595 S.
1351 2560 1550 2602 cuthberto,
1572 2571 1628 2605 pp.

94 2611 150 2652 35,
169 2611 226 2650 36,
243 2610 299 2652 91,
318 2611 396 2642 110.
448 2608 521 2641 The
537 2620 672 2654 process
689 2609 717 2642 is
736 2608 911 2642 described
928 2608 963 2641 in
981 2607 997 2653 ξ
1018 2610 1095 2641 250.

143 2655 156 2674 ³
173 2654 368 2701 Sustinuit]
398 2656 417 2674 “
430 2654 588 2688 Matrona
605 2655 760 2699 quaedam
778 2660 853 2699 post
870 2660 1003 2700 partum
1020 2653 1219 2699 gravissima
1232 2652 1431 2698 aegritudine
1443 2651 1627 2694 laborabat,

97 2701 151 2734 cui
169 2706 269 2734 notus
296 2708 366 2734 erat
394 2700 495 2734 frater
522 2701 578 2746 qui
606 2707 688 2734 tunc
716 2701 786 2734 viro
816 2700 880 2734 Dei
911 2701 1037 2734 Missas
1066 2700 1275 2745 frequentius
1305 2697 1505 2732 celebrabat.
1557 2697 1627 2730 Iste

96 2746 248 2780 mulieris
273 2747 444 2791 angustias
470 2747 500 2780 ei
519 2747 697 2791 diligenter
724 2747 894 2792 exposuit,
911 2753 944 2780 et
962 2746 1128 2780 auxilium
1147 2746 1288 2778 devotus
1306 2744 1458 2789 expetiit.
1509 2743 1629 2777 Oravit

98 2793 209 2838 igitur,
228 2799 262 2826 et
278 2799 354 2838 post
379 2793 562 2826 orationem
590 2793 683 2826 dedit
707 2793 756 2826 illi
783 2793 825 2826 de
849 2805 935 2838 pane
959 2804 1031 2836 suO,
1055 2792 1254 2837 praecipiens
1278 2797 1315 2824 ut
1338 2791 1432 2823 illum
1454 2790 1628 2823 transmit-

97 2845 182 2872 teret
199 2839 397 2883 aegrotanti:
425 2839 580 2883 ‘Credo,’
598 2840 765 2884 inquiens,
785 2842 793 2858 ‘
806 2839 895 2884 quod
921 2839 1093 2872 sanabitur
1118 2839 1145 2871 si
1164 2838 1205 2870 de
1225 2837 1289 2870 hoc
1312 2848 1398 2882 pane
1421 2834 1632 2881 gustaverit.'

101 2885 163 2918 Ille
181 2885 377 2928 transmisit,
396 2885 453 2918 illa
469 2885 628 2929 gustavit,
646 2891 747 2930 atque
765 2885 972 2919 convaluit.'’
1000 2884 1094 2918 Harl.
1114 2885 1339 2929 Anonymous
1356 2882 1503 2928 Legend.
