1839 3186
141 185 196 225 30
669 195 903 227 LIBELLUS
939 194 1003 226 DE
1039 194 1155 226 VITA

140 300 365 347 stiterant;
417 302 458 341 et
492 297 586 340 ideo
621 313 695 354 pro
725 298 790 340 his
822 313 996 353 quaeque
1040 297 1134 349 alia,
1171 296 1262 339 aliis
1299 301 1503 338 terrarum
1539 296 1683 338 incolis

141 365 488 423 concupiscibilia,
519 365 716 408 libentius
750 370 792 407 et
822 365 1119 407 studiosissime
1151 364 1447 406 commutando
1472 379 1681 419 compara-

139 435 225 478 bat.
309 434 375 475 De
408 433 556 488 quibus
594 432 765 488 singulis
801 432 1052 488 negotiando
1088 432 1312 487 plurimum
1353 431 1596 486 profecerat,
1641 435 1683 472 et

139 501 346 544 maximas
378 515 504 556 opum
540 499 708 541 divitias
740 500 783 541 in
816 499 964 541 sudore
1002 499 1144 541 vultus
1176 498 1238 541 sui
1270 497 1346 539 sibi
1377 497 1679 553 perquisierat3

140 569 238 624 quia
266 568 334 609 hic
366 568 499 609 multo
533 567 800 609 venundabat
837 565 947 621 quod
977 566 1077 607 alibi
1111 581 1163 608 ex
1196 564 1314 622 parvi
1348 564 1470 621 pretii
1507 565 1682 620 sumpti-

140 635 220 678 bus
241 639 578 691 congregaverat.

200 703 218 756 §
245 705 313 744 15.
352 701 519 743 Exinde
556 715 649 741 cum
680 699 885 754 aliquibus
916 699 1035 741 sociis
1065 699 1393 755 negotiatoribus
1427 698 1544 740 navis
1576 713 1682 740 mer-

141 769 307 811 catoriae
341 767 560 810 dimidium
593 766 754 816 habuit,
786 766 888 808 alias
912 781 1009 808 vero
1031 771 1223 820 quartam
1256 772 1418 820 partem
1438 765 1541 806 lucri
1564 765 1682 807 navis

141 836 311 879 alterius
348 834 427 877 sibi
463 849 538 875 sua
577 832 801 889 prudentia
840 832 1097 888 perquisivit.
1167 832 1358 887 Denique
1391 847 1466 888 pro
1503 832 1682 873 nauticae

140 903 289 959 peritia
332 901 572 956 disciplinae,
617 915 698 954 qua
738 900 846 941 inter
886 905 1097 942 consortes
1141 914 1235 942 suos
1278 900 1482 955 praecipue
1524 898 1679 948 calluit,

137 968 427 1026 gubernatoris
454 981 557 1022 opus
588 972 629 1008 et
660 965 841 1008 officium
866 966 1003 1008 sortiri
1036 965 1306 1022 1promeruit.
1378 966 1489 1007 Nam
1509 965 1552 1007 in
1573 965 1683 1007 illius

140 1036 241 1079 artis
280 1035 479 1091 regimine
514 1033 740 1089 plurimum
776 1034 938 1084 claruit,
978 1038 1020 1075 et
1057 1048 1109 1075 ex
1149 1033 1300 1075 notitia
1330 1034 1456 1075 maris
1489 1037 1531 1074 et
1562 1032 1680 1083 aeris,

140 1118 251 1145 aurae
273 1102 358 1145 sive
379 1101 642 1157 tempestatis
663 1101 817 1142 futurae
848 1105 964 1142 ortus
994 1105 1313 1156 superventuros
1345 1100 1560 1156 explorare
1592 1099 1682 1140 dili·-

140 1170 255 1226 genti
280 1168 586 1211 examinatione
615 1168 822 1223 cognovit.
886 1167 1013 1209 Unde
1034 1167 1151 1223 signa
1175 1172 1473 1222 tempestatum
1505 1181 1558 1208 ex
1580 1165 1683 1208 serie

141 1242 183 1278 et
204 1236 245 1278 vi
273 1241 492 1278 ventorum
516 1240 557 1276 et
578 1235 683 1276 facie
707 1235 1008 1276 immutationis
1033 1249 1175 1276 aerum
1209 1235 1418 1290 colligens,
1445 1234 1580 1275 multa
1602 1233 1683 1274 cal-

141 1303 317 1346 liditatis
338 1308 428 1344 arte
459 1317 542 1344 suae
572 1302 815 1357 composuit,
849 1306 889 1342 et
918 1301 1170 1356 remigantes
1204 1316 1343 1343 secum
1372 1302 1507 1342 multa
1535 1300 1682 1342 sollici-

142 1370 299 1412 tudinis
336 1385 507 1412 censura
543 1369 759 1425 disposuit,
798 1368 1062 1419 confortavit,
1093 1369 1353 1424 praemonuit,
1383 1373 1425 1410 et
1461 1367 1682 1424 praemuni-

144 1437 250 1479 endo
271 1436 495 1479 roboravit.

143 1722 233 1747 CAP.
266 1721 305 1746 V.
389 1719 582 1750 QUOMODO
629 1719 942 1745 NEGOTIATURUS
985 1720 1142 1744 SEMPER
1186 1719 1426 1744 SANCTORUM
1474 1719 1542 1743 DEI
1585 1718 1681 1743 LOCA

170 1788 347 1814 SAGRATA
379 1787 595 1822 INVISERIT,
623 1787 672 1812 ET
702 1787 820 1816 QUAM
852 1787 1009 1812 DEVOTE
1040 1787 1084 1812 IN
1116 1787 1215 1811 ILLIs
1247 1786 1390 1811 PREGEs
1423 1768 1683 1811 EFFUDERIT.2

203 1889 312 1941 §16.
346 1887 459 1929 Opus
499 1886 626 1942 igitur
666 1886 823 1928 nautici
867 1886 1038 1928 sortitus
1078 1885 1302 1941 regiminis,
1348 1886 1491 1927 multae
1533 1885 1682 1926 claruit

143 1955 351 2012 probitate
385 1954 565 1996 virtutis.
627 1953 767 1994 ³Nam
805 1958 846 1994 et
880 1951 896 1974 4
916 1953 1109 1994 robustus
1143 1957 1184 1993 et
1210 1952 1370 2008 integer
1391 1957 1479 1994 erat
1512 1952 1679 2003 viribus,

192 2081 201 2100 ¹
230 2079 454 2126 Promemit]
484 2079 558 2112 The
584 2090 796 2124 anonymous
816 2077 913 2113 Harl.
930 2078 1005 2111 Ms.
1033 2077 1112 2111 thus
1138 2084 1287 2112 narrates
1314 2079 1362 2113 St.
1380 2079 1537 2112 Godric's
1564 2078 1683 2112 earlier

145 2127 205 2161 life
220 2139 226 2161 :
254 2128 276 2145 “
290 2126 426 2160 Solebat
443 2127 506 2159 iter
524 2125 615 2159 solus
633 2136 735 2170 agens
754 2125 873 2157 devote
891 2124 982 2169 quod
1006 2124 1216 2169 intelligebat
1235 2125 1276 2158 de
1294 2125 1489 2159 coelestibus
1513 2125 1683 2168 meditari,

146 2180 180 2208 et
198 2173 415 2207 Dominicam
435 2172 643 2215 Orationem,
662 2183 739 2204 cum
758 2171 930 2216 Symbolo,
950 2183 1025 2215 quae
1043 2171 1207 2205 didicerat
1224 2172 1266 2205 ab
1292 2172 1446 2215 infantia,
1472 2172 1682 2217 frequentius

147 2220 328 2254 ruminare.
380 2219 420 2252 In
439 2218 620 2252 Lindeseia
636 2217 784 2263 primum
802 2229 861 2262 per
880 2223 1023 2262 quatuor
1048 2229 1153 2251 annos
1178 2218 1309 2252 minora
1333 2219 1555 2252 mercimonia
1579 2218 1683 2264 pedes

147 2266 310 2310 exercuit,
340 2265 419 2298 inde
447 2265 539 2310 prius
569 2264 611 2297 ad
640 2265 801 2297 Sanctum
830 2264 1003 2297 Andream
1032 2264 1067 2297 in
1096 2264 1258 2307 Scotiam,
1285 2265 1407 2298 deinde
1435 2265 1606 2310 profectus
1632 2270 1683 2298 est

149 2314 306 2347 Romam.
354 2312 523 2345 Reversus
541 2311 742 2356 quibusdam
760 2310 1027 2355 negotiatoribus
1045 2316 1096 2344 est
1121 2311 1350 2355 adinjunctus,
1369 2317 1402 2344 et
1420 2323 1498 2345 curn
1522 2312 1570 2345 eis
1595 2323 1683 2345 mer-

148 2366 299 2394 caturam
317 2359 451 2403 navigio
469 2363 520 2392 est
537 2369 726 2402 aggressus.
777 2357 853 2390 Ibat
870 2357 905 2390 in
924 2357 1147 2401 Britanniam,
1167 2358 1377 2401 Flandriam,
1394 2358 1549 2402 Daciam,
1575 2363 1609 2391 et
1634 2358 1682 2391 sic

148 2407 283 2440 divitias
301 2404 535 2450 congregabat,
554 2404 682 2437 habens
700 2403 800 2436 unius
823 2404 1032 2436 mercatoriae
1049 2404 1143 2437 navis
1162 2404 1353 2448 dimidium,
1380 2410 1413 2437 et
1430 2405 1567 2438 alterius
1586 2398 1683 2450 quar2

147 2459 216 2487 tam
234 2458 377 2498 partem.
427 2451 583 2495 Denique
600 2462 660 2495 pro
677 2450 824 2483 nauticae
841 2450 962 2495 peritia
987 2449 1188 2496 disciplinae,
1213 2451 1447 2495 gubernatoris
1466 2452 1615 2485 officium
1632 2456 1683 2484 est

148 2498 323 2533 sortitus.''

196 2547 209 2567 2
236 2546 277 2579 In
294 2545 352 2578 the
375 2544 468 2579 Harl.
489 2555 577 2589 copy
594 2543 733 2589 chapter
751 2543 796 2578 V.

195 2594 209 2614 3
229 2593 318 2626 Nam
339 2618 346 2626 .
367 2618 374 2625 .
395 2618 401 2624 .
419 2589 572 2636 viribus]
604 2590 667 2623 See
692 2589 763 2623 also
791 2587 832 2635 ἕξ
852 2590 907 2633 73,
926 2592 1004 2632 201,
1030 2589 1096 2622 and
1122 2601 1278 2635 compare
1304 2590 1410 2633 Beda,
1429 2590 1502 2624 Vit.
1522 2590 1555 2624 S.
1575 2590 1683 2624 Cuth-

148 2640 268 2678 bercti,
286 2650 359 2683 cap.
378 2638 422 2671 vi.
473 2638 493 2655 “
507 2636 590 2670 Erat
608 2636 698 2669 enim
717 2636 875 2669 robustus
895 2647 1032 2681 corpore
1050 2643 1083 2668 et
1101 2636 1231 2681 integer
1248 2636 1399 2670 viribus!
1403 2636 1411 2653 '

193 2687 206 2706 ⁴¹
234 2683 430 2730 Robustua]
460 2683 534 2716 The
559 2694 769 2728 anonymous
796 2683 958 2716 Harleian
983 2682 1149 2715 narrative
1167 2688 1200 2715 at
1218 2682 1285 2716 this
1302 2683 1398 2727 point
1414 2682 1607 2716 introduces
1625 2682 1683 2716 the

146 2732 319 2775 following
330 2729 534 2775 description
553 2729 591 2762 of
613 2729 670 2762 the
697 2729 852 2774 persona]
878 2740 1085 2774 appearance
1110 2728 1148 2761 of
1169 2729 1216 2763 St.
1237 2729 1375 2772 Godric,
1401 2728 1513 2762 which
1538 2729 1566 2762 is
1592 2734 1682 2762 tran-

147 2778 280 2812 scribed
297 2778 343 2822 by
362 2777 561 2821 Capgrave:
587 2777 608 2794 ‘⁴
624 2775 706 2808 Erat
724 2776 814 2808 enim
840 2776 953 2809 animo
978 2780 1135 2808 strenuus
1162 2781 1195 2808 et
1220 2775 1416 2819 industrius,
1443 2787 1580 2820 corpore
1605 2787 1683 2808 vero

147 2824 274 2857 viribus
292 2824 422 2867 integer
440 2829 473 2856 et
490 2822 659 2865 robustus,
678 2827 806 2855 statura
828 2822 994 2865 modicus,
1018 2821 1176 2854 humeros
1201 2821 1329 2855 habens
1352 2821 1451 2864 latos,
1476 2827 1595 2866 pectus
1612 2833 1683 2854 am-

146 2871 254 2916 plum,
279 2870 401 2903 faciem
424 2869 635 2914 productam,
662 2867 777 2902 oculos
799 2869 936 2914 glaucos
962 2874 995 2901 et
1014 2867 1198 2901 clarissime
1223 2868 1402 2912 radientes,
1420 2868 1550 2901 hirsuta
1568 2879 1683 2912 super—

147 2917 237 2959 cilia,
250 2916 395 2949 frontem
412 2915 527 2958 latam,
546 2927 643 2948 nares
668 2915 800 2960 patulas
826 2921 858 2948 et
883 2915 1075 2960 productas,
1094 2926 1214 2947 nasum
1234 2914 1391 2948 decenter
1409 2914 1441 2947 in
1462 2920 1613 2947 extremo
1631 2925 1681 2946 re-
