1839 3186
211 184 294 224 130
725 191 958 224 LIBELLUS
981 191 1059 223 *DE
1094 192 1210 224 VITA

206 298 269 339 ita
290 302 332 339 et
352 297 565 340 mundatis
586 297 723 339 animo
752 298 810 339 nil
838 297 924 339 fore
958 297 1162 339 invisibile
1194 297 1346 338 dicitur
1367 296 1478 352 quod
1497 301 1624 338 rectae
1646 295 1742 337 fidei

209 365 455 407 credulitate
478 365 727 420 deposcitur.
790 364 917 405 Unde
948 365 1011 406 vir
1045 365 1136 414 iste,
1160 364 1228 419 qui
1255 362 1429 405 mirifica
1456 368 1650 419 operatus
1680 368 1743 405 est

209 437 251 473 et
273 437 415 473 tamen
437 432 750 473 consistentium
782 431 922 472 oeulos
949 431 1084 472 tenuit
1115 437 1237 486 prout
1259 431 1402 481 voluit,
1426 431 1587 485 longius
1608 430 1743 485 posita

209 514 258 540 ac
290 499 323 540 si
359 500 401 540 111
436 499 626 554 proximo
659 498 795 539 locata
830 513 911 538 non
939 497 1229 538 tantummodo
1259 497 1379 548 Vidit,
1415 497 1487 539 sed
1520 502 1561 539 et
1597 497 1744 551 quibus

207 565 328 606 libuit
350 566 427 607 sibi
456 565 773 606 consistentibus
804 565 1025 606 enarravit.
1096 564 1192 604 Hoc
1220 568 1361 605 tamen
1391 579 1474 605 non
1508 564 1586 605 nisi
1624 564 1741 619 spiri—

207 632 390 673 tualibus
428 633 527 673 viris
556 632 753 673 secretius
788 632 831 672 in
872 630 1122 672 confessione
1159 630 1381 679 disseruit;
1417 646 1465 671 ac
1498 629 1743 684 quandoque

208 699 442 740 astantibus
461 698 527 740 vel
549 699 625 739 sibi
653 698 984 739 ministrantibus
1014 697 1145 746 nobis,
1182 696 1419 752 hujusmodi
1455 697 1615 751 eloquia
1650 712 1740 751 pro-

207 765 380 806 fundere
422 765 666 806 consuevit:
717 768 741 786 “
763 764 878 805 Ante
919 764 1167 817 colloquium
1212 768 1410 813 vestrum,
1462 764 1584 819 paulo
1628 768 1738 812 ante,

210 831 461 873 Ierosolimis
490 831 579 879 fui;
614 836 655 872 et
682 831 739 872 ibi
766 831 900 871 multa
921 830 1196 885 praemit-anda
1224 831 1432 885 conspexi.
1503 830 1614 871 Nam
1635 831 1741 871 sicut

207 914 281 953 pro
304 898 466 940 diversa
488 898 687 952 qualitate
711 897 835 938 facies
853 897 1068 938 hominum
1090 897 1375 948 immutantur,
1399 898 1459 938 ita
1479 912 1644 938 necesse
1666 902 1742 946 est,

207 966 303 1019 quia
327 970 368 1006 et
390 965 591 1015 naturale,
613 969 661 1005 ut
683 964 938 1006 diversorum
963 963 1129 1005 discreti
1159 968 1201 1004 et
1235 963 1418 1018 dispares
1449 979 1584 1005 mores
1614 964 1740 1004 habe-

207 1036 358 1081 antur3
399 1046 447 1073 ac
469 1032 575 1073 sicut
605 1031 732 1072 animi
760 1031 942 1085 dispares
974 1030 1209 1071 differentes
1239 1030 1395 1071 habent
1419 1035 1609 1071 motuum
1640 1046 1738 1084 qua-

205 1098 358 1148 litates,
381 1099 442 1139 ita
470 1103 510 1139 et
547 1098 721 1139 diversae
756 1101 850 1139 sunt
876 1096 1065 1138 efficaciae
1101 1097 1264 1137 illorum
1295 1096 1468 1138 dissonae
1490 1097 1739 1138 voluntates.

208 1164 322 1206 Hinc
340 1181 383 1206 re
402 1179 502 1206 vera
522 1164 755 1219 provenisse
772 1164 957 1218 intelligo
979 1163 1089 1218 quod
1117 1163 1242 1204 modo
1268 1163 1518 1205 Ierosolimis
1546 1162 1633 1204 fieri
1664 1164 1740 1205 sub

206 1232 370 1273 novella
408 1231 712 1273 constructione
745 1231 965 1285 conspicio.
1037 1230 1174 1271 Video
1210 1230 1377 1284 quidem
1404 1231 1461 1271 ibi
1492 1246 1541 1271 ea
1564 1228 1740 1271 aedificia

206 1313 455 1353 magnopere
493 1298 612 1347 dirui,
650 1313 738 1352 quae
772 1297 980 1351 quondam
1021 1297 1104 1338 illic
1136 1296 1322 1338 videram
1355 1312 1449 1338 cum
1481 1297 1740 1352 permaxima

207 1365 333 1406 studii
365 1365 581 1420 diligentia
610 1364 824 1406 sublimius
854 1364 955 1419 erigi
976 1379 1024 1405 ac
1048 1363 1265 1412 fabricari3
1305 1362 1422 1420 cujus
1442 1364 1568 1405 urbis·
1589 1364 1740 1404 moenia

206 1436 305 1473 tunc
341 1432 419 1473 hoc
456 1432 738 1472 moderamine
771 1431 853 1472 sita
889 1431 1067 1480 fuerant,
1097 1430 1169 1472 sed
1200 1430 1361 1471 diverso
1397 1431 1539 1472 ordine
1575 1430 1737 1486 pristini

204 1498 373 1540 habitus
394 1500 456 1540 sui
478 1499 535 1540 sic
556 1497 707 1553 figuras
742 1497 1007 1539 immutant.''
1080 1497 1279 1538 Similiter
1299 1498 1426 1539 etiam
1455 1498 1506 1538 de
1528 1498 1641 1547 locis,
1676 1512 1739 1538 re⁸

206 1565 408 1620 gionibus,
431 1566 516 1607 sive
541 1565 668 1606 etiam
689 1565 859 1605 urbibus
880 1564 1138 1618 loquebatur,
1162 1579 1336 1618 quarum
1360 1565 1463 1606 situs
1484 1564 1669 1605 ordinem
1690 1579 1739 1605 ac

206 1637 424 1673 structurae
457 1632 700 1686 qualitatem
731 1632 808 1672 hae
831 1631 897 1672 vel
929 1631 1000 1672 illa
1035 1630 1315 1672 similitudinis
1350 1632 1483 1686 specie
1514 1646 1556 1672 se
1586 1631 1738 1672 habere

205 1698 478 1753 profitebatur
495 1716 506 1747 3
542 1699 592 1739 de
610 1698 757 1752 quibus
781 1713 870 1752 quae
892 1713 1010 1739 nosse
1029 1697 1252 1753 potuimus⁷
1270 1697 1330 1738 ita
1350 1703 1398 1738 ut
1419 1698 1486 1739 ille
1508 1687 1738 1739 asseruerat

205 1780 304 1807 vera
325 1766 447 1807 fuisse
470 1765 669 1819 comperti
691 1779 844 1806 sumus.

263 1832 281 1884 ᾗ
308 1835 403 1874 123.
443 1832 648 1872 Locorum
683 1832 928 1885 qualitatem
962 1830 1023 1871 ita
1057 1830 1220 1885 proprie
1245 1830 1516 1880 describebat,
1537 1830 1738 1884 quemad-

204 1899 375 1939 modum
409 1903 451 1940 et
485 1914 534 1939 ea
564 1913 653 1952 quae
693 1913 831 1938 coram
868 1912 909 1939 se
944 1896 1101 1952 lposita
1122 1897 1321 1945 videbat;
1359 1898 1575 1951 aliquoties
1609 1897 1736 1937 etiam

205 1966 515 2021 protestabatur
541 1980 583 2006 se
614 1980 740 2006 naves
761 1966 803 2005 in
824 1964 969 2019 pelago
1001 1963 1306 2018 2pe1=iclitantes
1327 1964 1479 2014 videre,
1514 1978 1624 2004 nunc
1645 1964 1738 2004 Vela

205 2033 382 2073 distorta
402 2037 620 2074 ventorum
642 2030 808 2072 flatibus
831 2030 1041 2085 deperire;
1079 2030 1203 2070 modo
1224 2030 1333 2070 malo
1355 2030 1520 2079 detrito,
1540 2029 1737 2084 navigan-

204 2100 310 2140 tium
336 2114 470 2140 remos
494 2112 693 2152 aquarum
728 2097 933 2152 profunda
962 2111 1044 2136 non
1076 2096 1338 2151 contingere;
1374 2097 1618 2150 quandoque
1639 2111 1736 2137 vero

205 2165 456 2220 praedicebat
478 2165 546 2219 qui
567 2169 711 2219 portus
740 2164 821 2204 illis
846 2163 1047 2204 3lethiferi
1069 2162 1218 2211 forent,
1244 2164 1309 2204 vel
1334 2163 1374 2203 in
1397 2178 1476 2217 quo
1497 2164 1622 2204 maris
1644 2163 1736 2204 sinu

205 2230 417 2287 fluctivagi
439 2230 670 2285 4submergi
701 2224 977 2271 ⁵debuissent.
1045 2229 1204 2284 Saepius
1239 2229 1557 2283 colloquentium
1579 2230 1736 2271 solebat

204 2298 331 2340 verba
366 2299 665 2352 interrumpere
698 2302 739 2338 et
777 2297 925 2346 dicere,
961 2300 985 2318 “
1009 2296 1172 2349 QuaesQ
1211 2295 1371 2347 fratres,
1410 2311 1600 2344 oremus;
1640 2295 1736 2350 quia

205 2380 312 2415 ecce,
335 2365 451 2406 navis
483 2365 526 2406 in
559 2364 704 2419 pelago
732 2364 1019 2418 periclitatum
1055 2367 1096 2404 et
1117 2367 1209 2403 orta
1240 2367 1466 2417 tempestas
1487 2367 1632 2403 contra
1667 2376 1736 2402 eos

204 2429 457 2486 grassatur.”
490 2431 703 2485 Factaque
725 2431 921 2480 oratione,
948 2430 1099 2470 iterum
1121 2429 1333 2471 consuevit
1357 2428 1546 2484 adjicere,
1571 2434 1595 2451 “
1613 2428 1735 2469 Nunc

205 2499 323 2540 navis
346 2513 440 2539 mea
472 2498 696 2553 applicuit;
733 2501 774 2537 et
807 2497 971 2537 turbine
1010 2496 1167 2545 sedata,
1205 2496 1386 2550 pericula
1418 2510 1527 2537 saeva
1562 2492 1733 2537 evasit.'’

206 2564 325 2606 Talia
349 2565 509 2619 eloquia
531 2564 748 2612 conseruit,
767 2563 863 2617 quia
882 2563 1047 2617 navigio
1068 2563 1348 2617 periclitantes
1380 2562 1494 2617 quasi
1523 2576 1660 2602 coram
1692 2576 1734 2602 se

205 2633 361 2686 positos
382 2631 501 2674 vidit.
564 2630 686 2671 Vidit
719 2630 843 2677 enim,
864 2634 912 2670 ut
934 2629 1050 2670 nobis
1078 2629 1264 2678 asseruit,
1299 2629 1359 2669 ita
1380 2628 1574 2683 praeclaro
1600 2627 1733 2669 cordis

203 2699 393 2739 contuitu
416 2714 488 2753 per
518 2697 693 2751 aequoris
731 2695 816 2736 alta
847 2696 1102 2750 navigantes,
1142 2694 1490 2748 quemadmodum
1524 2693 1734 2749 perlucido

253 2820 261 2840 ¹
282 2819 427 2864 Posita]
450 2819 584 2859 Postea,
606 2818 652 2852 H.
873 2819 885 2836 ²
906 2815 1171 2861 Periclitantes]
1197 2815 1312 2849 Nares
1330 2815 1570 2860 periclitantes,
1594 2814 1641 2847 H.

249 2866 262 2885 ³
284 2865 479 2911 Lem-afferi]
504 2865 654 2907 Letiferi,
678 2864 719 2898 Β.
1051 2863 1062 2881 ⁴
1082 2862 1281 2907 Submergi]
1306 2862 1489 2903 submersi,
1512 2861 1558 2894 H.

251 2914 263 2932 ⁵
284 2912 509 2957 Debuissent]
534 2911 751 2945 Debuissent.
779 2910 876 2944 Vidit
894 2909 996 2951 enirn,
1016 2908 1062 2943 H.
1078 2909 1235 2953 omitting
1252 2909 1309 2942 the
1327 2907 1562 2941 intcrmediate
1580 2918 1731 2952 passage.
