1839 3186
101 162 183 201 150
624 169 855 202 LIBELLUS
885 169 950 201 DE
982 169 1101 200 VITA

108 370 196 395 CAP.
220 369 331 394 LXVI.
402 370 452 394 DE
475 370 611 395 ANIMA
635 370 919 396 DUNELMENSIS
949 370 1103 397 PRIORIS
1133 371 1250 400 QUAM
1273 369 1386 396 VIDIT
1416 369 1467 394 DE
1498 368 1645 394 MUNDO

193 436 404 470 TRANisE,
439 436 487 461 ET
527 436 645 466 QUAM
681 437 879 463 COGNOVIT
909 437 1019 462 DONA
1050 437 1247 463 COELESTIA
1282 419 1553 463 PERCEPISSE.1

176 537 316 590 §ML
360 535 659 576 DILIGENTIBUS
700 536 803 577 solet
842 550 928 577 esse
964 537 1144 577 amicum
1180 536 1345 578 dilectio
1385 536 1447 578 sui
1491 534 1642 578 doloris

120 602 278 657 aperire
306 608 534 649 secretum;
569 617 666 642 nam
707 602 816 655 quod
850 602 921 643 alii
956 602 1080 643 infert
1114 602 1264 644 doloris
1298 603 1500 654 aculeum,
1537 617 1646 643 com-

117 668 315 723 patientis
335 668 471 709 animo
493 666 540 708 fit
562 668 804 721 quandoque
826 668 1054 709 subsidium
1072 686 1082 717 3
1118 673 1159 710 et
1180 669 1328 711 vulnus
1360 669 1510 710 doloris
1534 668 1645 723 quod

122 734 343 789 detegitur,
369 734 491 775 amici
513 734 682 775 solantis
702 734 883 775 remedio
911 739 1179 789 temperatur.
1242 735 1368 776 Unde
1390 735 1558 789 quidam
1579 750 1645 776 re-

124 800 293 856 ligiosus
324 801 374 841 de
403 806 510 841 coetu
540 800 895 849 Dunelmensium‚
924 801 993 854 qui
1030 816 1161 856 nuper
1195 802 1365 852 obierat,
1399 801 1550 843 civium
1580 801 1646 842 vel

122 881 375 920 quorumque
392 865 574 907 affinium
584 866 742 907 animos
757 866 873 921 gravi
889 867 1071 908 moeroris
1084 868 1393 922 perturbatione
1410 867 1647 909 detriverat.

125 933 210 974 Hic
243 933 350 973 enim
391 933 443 973 ab
481 932 579 987 ipsis
617 933 831 974 cunabulis
871 934 947 974 sub
982 934 1160 989 regulari
1196 934 1412 988 disciplina
1447 933 1491 974 in
1525 933 1648 975 Beati

124 998 344 1040 Outhberti
375 998 624 1040 monasterio
658 999 858 1041 educatus
887 999 1048 1052 fuerat;
1086 1000 1154 1054 qui
1188 1000 1396 1054 gradatim
1432 1015 1505 1055 per
1537 1015 1649 1054 quae-

123 1065 220 1106 dam
254 1064 488 1106 officialium
520 1064 749 1107 ministeria
782 1070 950 1121 propter
984 1066 1061 1121 piae
1093 1067 1348 1108 maturitatis
1383 1081 1466 1108 suae
1499 1066 1650 1108 merita

122 1131 307 1182 honesta,
332 1132 386 1173 ad
406 1131 617 1186 fastigium
639 1132 788 1173 summi
814 1131 1020 1187 prioratus
1041 1133 1252 1188 attigerat.
1314 1131 1441 1188 Cujus
1474 1132 1653 1188 rigorem

124 1198 221 1239 vitae
246 1203 287 1238 et
318 1198 672 1239 conversationem
704 1198 970 1239 eontinentiae
1005 1199 1235 1253 quicunque
1267 1204 1453 1250 noverat,
1492 1199 1651 1254 Spiritu

124 1263 293 1304 Domini
326 1263 434 1305 illius
454 1278 617 1319 gressus
643 1264 763 1319 dirigi
797 1265 987 1306 dubitare
1007 1281 1089 1307 non
1117 1271 1295 1320 poterat.
1357 1265 1545 1307 Tandem
1565 1280 1653 1306 ma-

124 1335 243 1372 turus
264 1335 390 1371 aetate
413 1336 454 1371 et
481 1330 642 1380 merito,
673 1331 858 1372 debitum
881 1331 1012 1374 carnis
1043 1332 1278 1388 persolvens
1298 1332 1462 1374 transiit
1491 1347 1543 1373 ex
1573 1332 1652 1373 hoc

124 1396 294 1437 mundo.
356 1395 483 1451 Cujus
502 1397 647 1438 mortis
681 1397 831 1448 exitus,
865 1398 1007 1440 multis
1038 1399 1116 1454 piis
1141 1399 1262 1439 corde
1297 1399 1437 1439 intulit
1472 1398 1652 1440 tristitiae

125 1462 348 1504 desolantis
372 1462 556 1513 affectus,
579 1478 676 1504 nam
698 1464 887 1519 exemplo
909 1464 1029 1506 simu]
1051 1470 1092 1506 et
1113 1465 1239 1506 verbo
1259 1465 1402 1506 multis
1422 1465 1617 1520 proderat
1635 1481 1647 1513 3

126 1537 167 1570 et
189 1533 287 1570 actu
314 1533 355 1570 et
392 1529 551 1579 habitu,
575 1534 622 1570 ut
648 1530 806 1571 cunctis
837 1535 925 1572 erat
956 1546 1038 1572 non
1068 1531 1287 1587 opinabile,
1311 1546 1406 1572 vere
1426 1531 1655 1573 monachus

125 1601 228 1637 erat.

185 1661 327 1714 §142
361 1661 539 1714 Quidam
586 1662 713 1717 igitur
755 1663 907 1704 civium
939 1664 1027 1705 viro
1074 1662 1154 1704 Dei
1195 1664 1295 1705 satis
1333 1663 1557 1714 familiaris,
1600 1662 1655 1705 ad

127 1743 310 1769 eremum
347 1728 580 1769 solitudinis
604 1726 690 1783 ejus
719 1729 918 1779 ascendit,
952 1734 993 1770 et
1030 1730 1147 1785 gravi
1188 1731 1321 1772 ferens
1351 1730 1402 1771 de
1437 1730 1545 1771 tanti
1577 1730 1655 1772 viri

125 1794 278 1844 ²abitu,
315 1794 415 1835 satis
437 1809 535 1835 voce
566 1794 763 1849 languida
781 1800 822 1836 et
844 1795 1006 1851 lugubri
1045 1796 1302 1849 querimonia
1332 1795 1418 1852 ejus
1442 1797 1578 1838 exitus
1598 1796 1658 1837 rei

127 1861 222 1901 talis
246 1859 439 1910 ostendit,
464 1864 505 1900 et
530 1860 651 1911 dixit,
687 1865 711 1883 ‘⁶
732 1861 882 1910 Grave,
905 1866 1024 1916 pater
1058 1863 1128 1912 mi,
1162 1862 1422 1917 dispendium
1443 1878 1585 1918 nuper,
1612 1868 1655 1903 te

128 1927 357 1981 ignorante,
380 1926 557 1967 ecclesiae
580 1926 849 1969 Dunelmensi
883 1928 1046 1978 accidit,
1069 1928 1164 1982 quia
1182 1929 1259 1983 piae
1287 1929 1330 1969 in
1354 1929 1534 1970 Domino
1568 1942 1657 1969 me-

129 1993 270 2033 moriae
292 1991 517 2046 ³R0ge1·ius
551 1992 672 2033 Prior
693 2008 833 2034 eorum
855 1994 982 2042 obiit;
1016 1994 1125 2035 unde
1151 1995 1247 2047 quia
1268 2000 1309 2035 et
1336 1995 1437 2035 mihi
1476 1999 1565 2036 erat
1587 1994 1658 2035 do-

128 2058 262 2098 lorum
285 2058 490 2108 solatium,
514 2063 554 2098 et
576 2058 696 2098 multi
718 2059 874 2100 consilii
902 2059 1048 2114 saepius
1069 2060 1390 2111 condimentum,
1415 2058 1501 2115 ejus
1522 2060 1658 2102 obitus

129 2124 231 2165 mihi
258 2123 387 2177 (quod
410 2128 451 2164 et
471 2124 648 2175 multis,)
683 2124 984 2166 irremediabile
1020 2126 1157 2167 luctus
1185 2126 1325 2167 intulit
1347 2126 1577 2176 dissidium,
1615 2132 1657 2168 et

180 2232 189 2252 ¹
210 2233 250 2266 In
267 2232 325 2266 the
344 2233 439 2268 Harl.
457 2232 533 2265 MS.
551 2232 688 2277 chapter
706 2232 838 2268 LXIV.
1053 2234 1066 2253 ²
1082 2233 1216 2280 Abitu]
1240 2234 1358 2277 Obitu,
1375 2235 1422 2268 H.

181 2280 195 2300 ³
214 2279 406 2324 Rogemus]
437 2279 600 2322 Rogerus,
629 2278 676 2313 H.
737 2279 802 2312 His
829 2279 929 2313 death
952 2280 1112 2313 occurred
1138 2293 1212 2314 A.r›.
1233 2284 1333 2325 1149,
1359 2293 1414 2315 see
1432 2281 1449 2327 ξ
1469 2283 1526 2316 84.
1585 2281 1659 2315 The

135 2325 301 2359 narrative
319 2325 356 2358 of
378 2325 473 2358 Prior
490 2325 680 2357 Germanus
704 2325 872 2359 furnishes
890 2337 929 2359 us
947 2327 1028 2359 with
1053 2338 1147 2360 some
1170 2327 1369 2371 particulars
1394 2328 1585 2373 respecting
1601 2327 1659 2361 the

137 2371 238 2405 death
265 2372 303 2404 of
316 2371 383 2404 this
407 2371 528 2415 Roger,
546 2370 655 2404 which
680 2370 801 2404 should
826 2378 884 2405 not
909 2372 951 2405 be
972 2372 1052 2406 here
1078 2373 1231 2408 omitted.
1280 2374 1410 2407 “Idem
1436 2374 1538 2418 igitur
1563 2380 1658 2419 pater

136 2430 214 2451 cum
239 2417 416 2462 praesentis
434 2417 514 2450 vitae
539 2428 674 2449 cursum
701 2417 913 2462 complesset,
932 2419 966 2451 in
992 2425 1165 2452 senectute
1189 2420 1278 2453 bona
1296 2419 1336 2453 de
1353 2420 1479 2453 mundo
1505 2420 1658 2454 sublatus

137 2470 205 2506 est3
231 2465 328 2507 cujus
346 2463 511 2508 depositio
528 2462 680 2507 pluribus
699 2464 831 2497 exstitit
847 2464 1011 2498 moderati
1029 2465 1152 2498 doloris
1170 2466 1301 2499 occasio
1315 2479 1323 2507 3
1350 2478 1416 2499 non
1442 2466 1551 2500 solum
1569 2466 1660 2500 enim

136 2522 322 2556 pauperum
338 2510 414 2554 pius
432 2515 587 2554 acceptor
600 2509 659 2542 sed
677 2515 710 2542 et
724 2509 865 2543 divitum
885 2511 1017 2544 exstitit
1034 2512 1154 2544 unicus
1172 2512 1371 2554 consolator,
1383 2512 1472 2545 unde
1489 2513 1660 2545 neminem

135 2556 185 2590 illi
221 2556 432 2589 consimilem
465 2555 499 2588 in
532 2555 681 2599 prioratu
712 2562 939 2589 surrecturum
972 2558 1174 2590 universitas
1212 2558 1413 2601 conjiciebat
1445 2558 1659 2603 populorum.

137 2602 273 2647 Aliquis
290 2603 404 2646 itaque
423 2601 608 2634 dolentium
635 2601 677 2634 ad
703 2601 745 2634 B.
760 2602 897 2635 Godrici
917 2604 1104 2648 properavit
1122 2603 1265 2648 asylum,
1284 2610 1317 2636 et
1334 2616 1435 2648 quam
1453 2604 1565 2637 flebile
1583 2603 1660 2637 reli-

133 2648 243 2693 gionis
277 2648 455 2681 dissidium
481 2647 656 2680 Fratribus
683 2647 969 2681 Dunelmensibus
995 2649 1184 2692 accidisset,
1211 2650 1352 2694 aperuit.
1414 2649 1477 2683 Cui
1504 2650 1659 2693 sanetus,

135 2696 144 2712 ‘
160 2694 288 2727 Horam
306 2694 520 2727 resolutionis
538 2694 610 2736 ejus
628 2700 706 2726 ante
724 2699 878 2738 quartum
898 2694 1002 2727 ferme
1021 2695 1110 2727 diem
1137 2695 1308 2728 evidenter
1329 2696 1494 2739 intellexi,
1513 2701 1545 2729 et
1563 2696 1660 2740 spiri-

134 2745 205 2773 tum
224 2740 376 2783 ejusdem
390 2740 432 2772 ad
446 2739 590 2784 paradisi
609 2739 887 2785 [beatitudiuem]
907 2740 1105 2784 perductum
1122 2741 1281 2774 veraciter
1297 2741 1439 2786 agnovi.'
1489 2742 1539 2775 Eo
1557 2741 1659 2786 igitur

132 2793 264 2819 mortuo
284 2786 331 2819 vir
350 2786 488 2818 Domini
508 2785 676 2819 Godricus
704 2785 835 2818 Priores
854 2786 1101 2820 Dunelmenses
1118 2787 1181 2820 sibi
1200 2788 1399 2832 praepositos
1417 2788 1529 2833 elegit,
1548 2793 1581 2821 et
1595 2787 1657 2820 sub

129 2843 244 2865 corum
263 2832 437 2876 regimine,
456 2832 564 2877 quoad
584 2831 726 2874 vivebat,
745 2831 950 2866 militabat.”
969 2832 986 2877 ξ
1005 2835 1061 2866 36.
