1839 3186
666 203 724 235 To
759 203 855 235 THE
889 201 1116 234 PREFACE.
1544 190 1659 232 xxvii

129 305 228 340 SEcT.
928 303 1029 337 SECT.

227 361 360 398 morte
385 361 626 412 peremptus
647 356 687 399 d.
931 353 997 399 73.
1029 354 1130 396 CAP.
1154 369 1267 397 Lv111.

228 424 340 467 Alia.
381 424 486 477 (Hic
508 424 652 479 incipit
675 439 763 479 cap.
785 422 855 465 lvi.
1029 444 1079 485 de
1105 443 1408 485 Amundavffla

259 507 300 532 m
324 491 414 533 ⁰⁰⁶1·
440 491 602 545 Wlnt')
1025 511 1313 553 invalitudinis
1335 510 1469 551 virtus
1491 509 1637 551 extitit

134 601 185 646 72
230 602 317 645 OAP
354 619 439 644 LVII
1027 578 1099 620 sed
1123 579 1191 633 qui
1216 578 1382 620 vivente
1413 577 1536 618 decor
1563 592 1657 632 per-

190 636 199 645 ·
321 637 330 646 ⁵
444 636 453 645 ‘
1057 661 1098 686 m
1128 645 1254 686 nebat

224 692 387 734 sederet
447 692 601 734 coelesti
663 692 853 747 perfusus
1102 661 1126 687 a

259 760 491 811 dulcedine,
512 759 634 815 coepit
926 779 992 824 74.
1027 780 1129 823 GAP·
1155 796 1238 821 er.

225 826 339 867 Bene
384 842 421 869 v.
466 827 508 868 S.
557 826 639 880 (bis
680 825 722 866 in
759 825 849 867 cod.
1141 870 1148 877 ,
1256 868 1263 876 ,

263 893 424 949 wint.)
1023 875 1063 911 et
1085 870 1234 910 deinde
1254 868 1356 909 illud
1399 935 1424 942 .,
1489 934 1496 942 .

224 975 372 1015 eorpus
395 976 478 1001 non
499 960 674 1001 alteram
695 959 850 1001 resexit
1023 937 1148 992 pedes
1170 952 1267 978 vero
1289 951 1329 977 n.
1352 936 1623 990 reliquierant

255 1027 297 1068 in
318 1043 358 1082 p.
1024 1004 1335 1045 deoscularetur

1019 1071 1254 1125 potuissent

224 1094 329 1135 citra
350 1094 475 1135 limen

223 1176 317 1203 vero
343 1161 543 1203 bonorum
565 1161 785 1202 verborum

178 1304 275 1333 QUID
306 1303 434 1328 EIDEM
464 1303 620 1329 ITERUM
652 1303 703 1327 DE
734 1302 879 1328 GLORIA
912 1301 1112 1328 PASSIONIS
1143 1302 1229 1328 SUAE
1261 1301 1598 1330 SIGNIFIGAVERIT.

1316 1370 1582 1398 REGINALDUS.

177 1438 357 1480 DOMNUs
380 1438 688 1481 Oantuariensis
705 1438 867 1479 diutina
884 1437 996 1479 exilii
1016 1436 1260 1492 fatigatione
1283 1436 1477 1479 decoctus
1495 1444 1652 1480 secreto

116 1506 313 1548 nuncium
331 1505 386 1547 ad
413 1506 660 1547 heremitam
678 1505 957 1547 venerabilem
987 1503 1156 1554 direxit,
1187 1508 1235 1545 ut
1257 1504 1326 1559 qui
1355 1504 1466 1546 mala
1495 1505 1531 1546 ei
1554 1521 1651 1547 ven—

117 1577 210 1615 tura
231 1573 493 1628 praedixerat,
517 1588 638 1627 quem
663 1572 827 1614 demum
851 1571 975 1612 finem
1000 1571 1246 1613 sortirentur
1267 1571 1418 1613 certius
1445 1571 1648 1615 edoceret.

119 1638 305 1682 Veniens
340 1640 467 1695 igitur
494 1656 577 1695 prae
613 1640 769 1681 foribus
807 1639 954 1690 astitit,
988 1643 1029 1680 et
1063 1638 1159 1692 quia
1191 1639 1245 1680 ad
1280 1638 1367 1694 ejus
1403 1639 1650 1694 colloquium

115 1705 267 1748 habere
296 1721 379 1748 non
410 1711 573 1762 poterat
595 1722 817 1757 accessum,
843 1721 917 1762 per
938 1706 1159 1760 quemdam
1190 1705 1361 1747 fratrem
1393 1706 1650 1748 Dunehnen-

116 1787 201 1814 sem
230 1788 319 1827 quae
353 1774 430 1815 sibi
459 1773 624 1815 fuerant
652 1772 839 1829 injuncta
868 1772 1092 1814 intimavit.
1167 1773 1325 1825 Quibus
1360 1773 1443 1815 illic
1480 1774 1646 1826 auditis,

114 1839 310 1881 inclinato
340 1840 383 1881 in
411 1840 615 1895 gremium
642 1841 777 1895 capite
811 1839 967 1881 diutius
997 1840 1209 1891 conticuit,
1233 1845 1275 1881 et
1296 1840 1357 1881 ita
1378 1840 1545 1881 demum
1578 1857 1650 1883 ora

113 1906 296 1948 resolvit.
351 1911 376 1929 “
393 1907 504 1948 Vere
521 1907 710 1962 quaedam
729 1912 887 1949 secreta
901 1907 936 1948 ei
950 1906 1146 1948 mandavi
1164 1922 1267 1961 quae,
1286 1913 1531 1963 suggerente
1551 1908 1648 1964 Spi—

112 1973 196 2014 ritu
219 1973 386 2024 Sancto,
409 1974 616 2028 praesensi.
668 1974 920 2016 Revertatur
936 1974 1075 2028 itaque
1092 1974 1277 2025 nuncius,
1298 1979 1338 2015 et
1361 1974 1472 2016 dicat
1496 1975 1647 2017 domno

111 2054 185 2081 suo
220 2055 271 2081 ne
305 2040 530 2082 admodum
566 2042 738 2083 moleste
764 2041 872 2082 ferat
903 2040 936 2082 si
966 2040 1021 2081 ad
1055 2046 1314 2082 momentum
1345 2041 1648 2096 aliquantulum

112 2106 215 2148 dura
250 2107 467 2149 sustineat.
531 2108 622 2161 Quo
658 2108 767 2149 enim
807 2107 1004 2149 diutinior
1037 2107 1226 2149 extiterit
1264 2123 1395 2163 poena,
1434 2109 1647 2164 gloriosior

110 2173 206 2215 inde
226 2174 442 2228 proveniat
465 2189 628 2216 corona.
690 2175 806 2216 Infra
827 2189 899 2216 sex
921 2175 1072 2230 quippe
1091 2175 1296 2216 mensium
1318 2175 1516 2217 circulum
1537 2177 1644 2232 regi-

110 2254 178 2281 am
199 2246 472 2295 consequetur
493 2241 734 2283 amicitiam.
796 2241 859 2283 At
880 2247 981 2283 tunc
1010 2241 1215 2283 Godricus
1241 2257 1322 2283 non
1352 2242 1429 2284 erit
1452 2242 1493 2283 in
1522 2258 1644 2285 carne

108 2306 306 2349 victurus.
370 2307 485 2349 Infra
515 2323 664 2351 novem
694 2323 791 2351 vero
822 2309 1028 2352 mensium
1058 2308 1282 2350 terminum
1314 2309 1402 2351 sedi
1434 2325 1517 2351 suae
1549 2326 1643 2352 cum

106 2373 283 2428 plurimo
304 2375 548 2417 restituetur
567 2375 733 2426 honore,
767 2375 925 2417 deinde*
947 2373 1038 2417 finis
1066 2374 1248 2416 finietiur
1268 2390 1362 2418 cum
1384 2392 1430 2418 eo
1453 2392 1505 2418 ex
1531 2378 1642 2419 omni

106 2446 237 2495 parte,
260 2441 371 2496 quod
391 2446 533 2483 tamen
554 2443 591 2484 ei
611 2442 798 2483 futurum
821 2442 898 2483 erit
920 2441 974 2482 ad
995 2442 1175 2483 salutare
1197 2443 1472 2494 commodum,
1495 2444 1640 2486 multis

106 2522 203 2548 vero
239 2508 454 2549 hominum
487 2508 542 2549 ad
574 2509 719 2551 salutis
750 2508 979 2550 remedium
1012 2514 1054 2549 et
1085 2508 1173 2564 opis
1205 2514 1362 2564 optatae
1397 2511 1638 2553 subsidium.

108 2572 214 2615 Haec
244 2575 393 2616 nuncio
415 2573 502 2630 ejus
532 2576 706 2630 explica,
740 2581 782 2617 et
803 2575 985 2617 crebrius
1007 2575 1172 2630 replica.
1236 2575 1341 2619 Cum
1365 2577 1474 2618 enim
1507 2578 1639 2618 archi-

107 2641 296 2696 episcopo
333 2641 421 2683 haec
458 2642 630 2683 referret
666 2657 807 2684 eorum
842 2642 928 2697 ipse
964 2642 1251 2694 ministerium,
1288 2643 1446 2698 Spiritu
1483 2644 1637 2686 Sancto

105 2707 327 2758 revelante,
350 2708 472 2750 citius
500 2709 705 2751 advertet.
767 2709 826 2750 Et
847 2706 979 2764 major
999 2707 1070 2750 fiet
1092 2710 1282 2751 omnibus
1304 2709 1454 2765 Anglis
1476 2726 1527 2752 ex
1550 2710 1637 2767 ejus

105 2772 272 2815 redditu
293 2774 452 2826 laetitia,
477 2790 600 2829 quam
621 2775 701 2818 fuit
724 2776 822 2817 olim
843 2776 885 2817 in
907 2775 1136 2817 exsulaturi
1158 2791 1323 2830 egressu
1346 2777 1586 2820 moestitia.”

162 2839 268 2881 Haec
287 2841 450 2896 legatus
474 2842 645 2884 audiens
670 2843 835 2885 dicebat
856 2842 934 2884 sibi
962 2857 1045 2883 non
1073 2842 1129 2883 sic
1151 2842 1317 2896 quidem
1343 2843 1531 2885 satisfieri
1555 2845 1634 2887 nisi

103 2906 157 2947 ad
188 2907 433 2962 colloquium
466 2907 554 2963 ejus
590 2909 626 2949 ei
662 2909 956 2951 concederetur
987 2908 1167 2951 admitti.
1231 2909 1323 2962 Quo
1359 2910 1529 2953 tandem
1560 2912 1633 2954 vix
