1839 3186
524 228 583 259 ET
618 228 883 260 MIRACULIS
918 228 953 260 s.
986 228 1203 260 GODRICI.
1546 214 1629 260 207

98 333 306 375 viventem
341 332 566 374 salmonem
602 333 814 388 repperit;
855 347 975 387 quem
997 332 1183 373 oblatum
1219 346 1357 373 eoram
1381 331 1529 373 Altare
1561 332 1630 373 de-

98 400 247 454 posuit.
310 398 394 439 Sed
429 399 551 454 piscis
585 399 652 440 ille
693 399 881 454 pennulis
911 414 958 439 ac
990 399 1169 452 squamis
1200 398 1420 453 palpitans,
1455 414 1555 440 mox
1587 414 1629 440 se

100 465 376 520 protrahendo
408 466 451 506 in
481 466 631 507 lectulo
651 466 728 508 viri
746 465 839 515 Dei,
868 465 1093 516 descendit,
1120 470 1161 506 et
1182 480 1207 505 a
1225 464 1399 520 pedibus
1429 480 1558 519 usque
1590 465 1631 506 in

98 532 302 587 gremium
322 531 431 573 illius
452 532 701 583 conscendit,
726 537 767 573 et
788 532 844 573 ibi
862 531 1076 586 requievit.
1147 531 1373 573 Advocans
1394 531 1461 572 ille
1492 532 1632 573 minis-

99 603 210 639 trum
254 598 374 649 dixit,
421 603 447 621 ‘⁶
470 598 605 649 Vade,
649 604 690 640 et
737 598 940 640 sacerdoti
978 603 1119 639 nostro
1149 596 1272 654 hujus
1302 597 1484 639 muneris
1520 598 1634 639 defer

99 665 334 715 exennium,
376 665 472 719 quia
501 670 621 706 nocte
655 665 734 707 hac
777 665 984 720 pollicitus
1018 679 1109 706 sum
1141 665 1251 719 quod
1284 679 1365 705 non
1399 665 1485 706 sine
1524 664 1634 719 pisce

99 731 221 772 hodie
244 731 477 773 comederet
498 732 702 774 mecum.”
771 731 972 773 Deferens
1000 747 1096 787 ergo
1118 732 1234 772 illum
1259 723 1408 772 coram*
1422 746 1487 771 me
1510 731 1634 786 depo-

102 798 198 848 suit,
225 798 293 852 qui
317 814 390 853 per
417 798 540 840 horas
569 804 653 841 tres
685 798 769 840 fere
800 798 942 840 vivens
964 804 1004 839 et
1029 798 1236 854 palpitans
1263 797 1330 839 1in
1360 812 1457 839 area
1489 798 1636 839 domus

102 864 351 919 obliquando
391 880 477 906 sese
504 865 585 906 huc
616 871 658 907 et
689 865 785 906 illuc
816 865 1055 919 aliquandiu
1085 864 1306 920 protraxit.
1370 864 1517 919 Itaque
1549 865 1635 919 qui-

103 946 262 985 cunque
276 931 392 972 illum
413 932 604 981 vidimus,
621 932 773 987 gaudio
794 932 964 973 resoluti
978 932 1078 986 pisci
1096 932 1152 973 sic
1165 930 1370 987 joculanti
1385 931 1635 973 collusimus.

106 997 201 1038 Non
225 1003 390 1039 tantum
411 998 538 1053 igitur
558 999 802 1040 miraculum
820 999 930 1052 quod
951 998 1158 1040 acciderat
1180 998 1297 1040 nobis
1318 997 1636 1039 admirationem

104 1063 257 1115 intulit,
293 1063 523 1118 2quantum
546 1070 587 1106 et
607 1065 735 1106 nimia
754 1063 1018 1119 jocunditate
1047 1065 1247 1120 replevit3
1290 1066 1637 1120 cognovimusque

106 1131 256 1186 singuli
275 1131 385 1185 quod
406 1131 560 1173 virtute
582 1131 837 1187 prophetica,
869 1147 950 1186 qua
969 1131 1061 1172 haee
1082 1131 1223 1172 futura
1243 1132 1506 1186 praedixerat,
1531 1130 1636 1187 ejus-

107 1197 202 1238 dem
222 1197 388 1239 virtutis
409 1199 598 1252 potentia
617 1199 771 1254 piscem
788 1198 995 1240 viventem
1012 1198 1053 1238 in
1074 1198 1190 1239 arido
1207 1203 1353 1253 stagno
1368 1198 1637 1253 produxerat.

110 1264 275 1305 Piscem
295 1264 470 1318 denique
506 1265 635 1316 illum,
668 1265 756 1321 ipso
792 1266 1068 1320 preecipiente,
1092 1280 1231 1306 coram
1254 1265 1342 1320 ipso
1368 1265 1638 1315 comedimus,

106 1335 147 1372 et
189 1330 354 1373 Christo
396 1331 558 1373 debitas
597 1337 736 1387 grates
773 1332 1002 1382 retulimus,
1037 1330 1164 1387 Cujus
1204 1331 1423 1373 clementia
1450 1347 1526 1373 nos
1566 1332 1640 1373 tali

105 1397 303 1438 miraculo
326 1397 498 1453 dignata
522 1403 583 1441 est
603 1399 792 1450 invisere,
811 1405 852 1440 et
874 1399 992 1441 nobis
1006 1397 1138 1441 fidelis
1160 1399 1266 1441 servi
1289 1398 1362 1440 Sui
1384 1398 1399 1420 3
1406 1399 1639 1455 potentiam

108 1463 330 1506 declarare.

156 1577 164 1595 ¹
186 1576 232 1610 In
248 1589 325 1610 area
342 1578 452 1611 domus
469 1576 692 1624 obliquanda]
722 1577 834 1611 These
852 1577 961 1612 words
979 1577 1022 1612 do
1039 1582 1099 1612 not
1116 1589 1217 1612 occur
1234 1577 1269 1611 in
1289 1576 1336 1610 H.
1343 1589 1352 1619 3
1378 1575 1412 1609 in
1433 1576 1477 1611 Β.
1495 1576 1577 1623 they
1590 1588 1646 1610 are

56 1656 58 1658 .
106 1623 239 1657 written
256 1623 391 1669 beyond
409 1625 466 1658 the
483 1624 563 1659 line.

153 1670 167 1691 2
183 1670 381 1717 Quantum]
410 1671 533 1715 Quam,
554 1671 602 1705 H.

152 1717 165 1736 ³
185 1717 378 1751 Potentiam
393 1717 589 1764 declarare]
618 1719 639 1736 ‘⁶
651 1717 733 1751 Post
750 1718 935 1752 matutinas
952 1718 1034 1764 petii
1050 1730 1069 1751 a
1082 1718 1152 1751 viro
1167 1717 1231 1751 Dei
1248 1716 1422 1750 licentiam
1437 1717 1645 1761 quiescendi,

110 1769 143 1797 et
161 1764 234 1809 ipse
252 1764 384 1798 Gallice
402 1764 490 1798 dixit
506 1764 590 1798 mihi
608 1777 615 1799 :
642 1766 651 1782 ‘
666 1765 776 1798 Patris
794 1771 827 1798 et
846 1765 927 1798 Filii
946 1771 979 1798 et
996 1765 1141 1810 Spiritus
1163 1764 1289 1807 Sancti,
1308 1770 1341 1797 et
1358 1763 1448 1797 beati
1466 1763 1644 1809 Johannis,

108 1810 381 1844 benedictionem
406 1811 542 1854 habeas,
562 1817 595 1844 et
612 1812 802 1856 requiescas
820 1812 855 1845 in
871 1811 978 1857 pacc.'
1027 1812 1223 1856 Itcrumque
1241 1822 1296 1843 me
1314 1810 1493 1851 advocans,
1512 1811 1646 1844 Gallica

109 1856 280 1891 locutione
305 1858 354 1891 sic
379 1858 450 1892 ait:
478 1857 566 1891 ‘Die
591 1857 702 1899 mihi,’
720 1858 840 1903 inquit,
859 1861 1016 1892 ‘meeum
1043 1858 1097 1891 die
1123 1858 1268 1891 crastina
1290 1857 1512 1890 manducabis
1526 1859 1551 1890 ?'
1601 1858 1646 1891 Et

111 1915 193 1948 ego:
230 1906 239 1922 ‘
252 1904 341 1937 Mihi
371 1904 495 1950 poterit
523 1905 676 1938 sufficere
710 1905 800 1949 quod
828 1912 866 1939 tu
898 1906 1024 1950 poteris
1059 1905 1232 1938 invenire?
1287 1905 1334 1937 At
1366 1904 1423 1937 ille
1456 1904 1646 1949 subridens,

110 1952 119 1968 ‘
134 1950 257 1994 Nihil,'
275 1951 332 1995 ait,
352 1952 424 1984 ‘est
440 1951 516 1995 hoc,
533 1951 598 1984 nisi
618 1951 727 1985 siccus
752 1952 849 1997 panis
867 1958 899 1985 et
914 1964 1031 1985 caseus
1050 1957 1083 1985 et
1100 1963 1198 1996 aqua,
1217 1951 1306 1996 quod
1324 1957 1391 1984 tuae
1409 1952 1644 1985 consuetudini

111 1997 233 2030 durum
252 1997 324 2031 erit.
375 1998 518 2031 Fluvius
536 2010 669 2043 quoqne
694 2005 807 2032 noster
832 1999 977 2041 exaruit,
995 2005 1033 2032 ut
1050 2010 1117 2031 non
1135 1998 1178 2031 sit
1196 2010 1272 2043 spes
1298 1997 1367 2031 ulla
1384 1998 1535 2042 piscandi
1551 2011 1559 2040 3
1586 1999 1644 2032 sed

111 2049 225 2078 tamen
250 2044 312 2078 tibi
336 2056 396 2090 per
421 2044 485 2078 Dei
510 2045 651 2089 gratiam
678 2045 933 2090 perquiremus.’
984 2045 1138 2079 Crastina
1164 2045 1217 2078 (lie
1243 2044 1342 2078 turba
1374 2045 1578 2078 conveniens
1604 2046 1646 2079 ad

111 2091 372 2135 solemnitatem,
392 2091 541 2125 fluminis
566 2091 699 2125 alveum
725 2092 815 2126 sicco
840 2104 926 2138 pene
944 2092 1085 2138 vestigio
1111 2092 1345 2137 pertransibat.
1406 2091 1505 2125 Unus
1530 2099 1643 2126 autem

112 2149 228 2171 eorum
246 2138 303 2183 qui
321 2138 476 2172 transivit
493 2138 634 2172 fluvium
661 2139 834 2183 calciatus,
853 2139 937 2173 vidit
954 2151 974 2172 a
990 2139 1094 2173 latere
1120 2138 1308 2172 salmonem
1327 2139 1452 2181 vivum,
1471 2150 1571 2183 quem
1590 2140 1648 2173 de-

113 2184 191 2217 tulit
208 2184 242 2217 in
259 2185 445 2230 Capellam,
464 2191 496 2218 et
514 2185 557 2219 ad
573 2185 737 2219 honorem
757 2186 871 2220 Sancti
890 2186 912 2220 J
916 2186 1057 2219 ohannis
1075 2191 1153 2219 ante
1172 2185 1290 2219 Altare
1309 2185 1464 2230 deposuit
1481 2185 1648 2231 palpitan-

114 2236 195 2265 tem.
244 2231 331 2264 Mox
350 2238 462 2265 autem
480 2232 630 2266 saliendo
650 2232 824 2266 descendit
841 2233 876 2266 in
893 2233 1020 2266 lectum
1046 2233 1154 2266 sancti
1173 2232 1245 2275 viri,
1264 2237 1297 2265 et
1313 2232 1498 2277 procedens
1516 2244 1535 2265 a
1552 2234 1647 2278 pcdi-

114 2277 177 2311 bus
195 2290 301 2323 usque
319 2278 361 2311 ad
378 2279 556 2323 gremium,
574 2278 621 2312 ibi
640 2279 777 2324 quievit.
839 2280 902 2314 Ille
919 2280 1112 2313 ministrum
1138 2279 1316 2322 advocans,
1335 2279 1422 2312 dixit
1441 2279 1469 2312 ei
1488 2291 1495 2313 ε
1521 2281 1528 2297 ‘
1544 2280 1648 2313 Defer

115 2331 229 2358 nostro
255 2325 419 2358 sacerdoti
444 2337 567 2359 munus
586 2325 675 2371 quod
701 2326 731 2359 ei
748 2326 812 2360 hac
837 2332 936 2360 nocte
955 2326 1118 2372 promisi.⁷
1168 2326 1243 2359 Nos
1269 2326 1371 2371 igitur
1395 2325 1580 2370 gaudentes
1607 2327 1648 2360 de

115 2377 208 2404 tanta
226 2372 348 2405 virtute
374 2372 447 2405 Deo
472 2373 596 2417 gratias
626 2372 781 2417 egimus3
808 2379 841 2407 et
859 2385 971 2407 coram
989 2385 1028 2407 eo
1055 2373 1128 2419 ipso
1150 2373 1280 2419 piscem
1305 2372 1413 2417 illum,
1432 2384 1471 2406 eo
1493 2373 1648 2417 jubente,

114 2418 361 2452 comedimus.’⁷
389 2418 551 2453 Harleian
569 2420 794 2465 Anonymous
812 2420 960 2466 Legend.
