1839 3186
511 205 569 236 ET
604 205 868 238 MIRACULIS
905 205 940 236 S.
965 203 1184 236 GODRICI.
1532 194 1611 234 189

82 408 169 435 ΟΑΡ.
193 407 365 433 LXXXVI.
427 406 618 436 QUOMODO
649 407 841 433 SPIRITUM
873 406 1182 432 PROCUMBENTIS
1213 406 1258 431 IN
1290 406 1443 432 PRAELIO
1475 406 1615 432 EADEM

139 475 249 500 HORA
285 474 410 507 VIDIT,
443 474 491 498 ET
522 475 564 499 ID
601 474 749 499 STATIM
781 474 986 499 MINISTRIS
1022 474 1105 498 SUIS
1152 473 1358 507 EDIXERIT,
1393 473 1470 498 VEL
1516 474 1616 503 QUA-

139 541 256 566 LITER
286 541 375 566 HAEC
407 540 540 565 OMNIA
571 540 611 565 EI
646 541 860 565 REVELATA
892 524 1106 565 FUERINT.1

142 642 285 695 §lea
324 640 603 680 PERURGENTE
626 639 884 681 necessitatis
921 638 1109 689 articulo,
1145 638 1314 692 quidam
1343 638 1616 693 compatriota

82 707 209 761 ipsius
233 706 466 761 compulsus
480 711 541 747 est
555 706 607 747 ab
626 705 917 747 Dunelmensis
939 705 1117 760 episcopi
1136 705 1334 746 ministris
1350 705 1401 746 ab
1424 705 1616 760 imposito

84 773 161 814 sibi
197 773 359 815 sceleris
400 772 557 827 expiari
593 772 822 814 commisso.
886 772 1021 827 Igitur
1054 772 1261 812 celebrato
1295 771 1481 821 concilio,
1520 787 1614 812 con-

84 838 220 881 flictus
238 839 387 881 ‘³duelli
404 838 552 895 judicii
575 839 780 880 sententia
807 839 848 879 in
873 854 966 879 eum
999 838 1279 893 proscribitur,
1301 843 1349 879 ut
1370 838 1614 879 innocentiae

84 905 212 960 ipsius
250 907 580 961 experimentum
618 905 713 946 talis
744 904 919 960 depositi
954 905 1177 946 certamine
1201 905 1469 959 probaretur;
1505 904 1616 958 quod

85 972 152 1013 ille
188 987 269 1013 non
297 973 445 1022 renuit,
479 972 574 1025 quia
608 971 858 1013 conscientia
878 976 998 1020 teste,
1028 986 1101 1026 pro
1128 970 1320 1025 imposito
1351 971 1502 1012 scelere
1532 985 1615 1012 non

86 1038 268 1093 expavit.
340 1039 440 1079 Dies
470 1038 597 1093 igitur
617 1038 684 1078 ille
709 1036 901 1092 praefixus
923 1037 1138 1078 certamini
1159 1037 1201 1077 in
1228 1038 1417 1091 proximo
1446 1037 1612 1087 institit,

85 1110 127 1146 et
158 1104 220 1145 vir
257 1104 324 1146 ille
357 1119 398 1146 se
434 1104 488 1144 ad
519 1118 701 1159 pugnam
735 1103 969 1159 expeditius
1002 1102 1262 1158 praeparavit.
1341 1103 1499 1145 Fuerat
1537 1103 1616 1145 iste

85 1169 258 1225 alicujus
278 1171 501 1212 mansionis
522 1170 702 1225 episcopi
736 1170 1026 1211 Dunelmensis
1046 1169 1219 1220 villicus,
1249 1169 1318 1223 qui
1353 1169 1395 1211 in
1427 1185 1473 1211 eo
1504 1170 1616 1225 apud

87 1237 284 1278 domnum
312 1253 431 1279 suum
458 1236 697 1278 diffamatus
732 1242 793 1278 est
825 1237 940 1291 quasi
972 1236 1208 1291 dissipasset
1229 1236 1338 1277 bona
1358 1236 1513 1291 ipsius,
1548 1236 1618 1290 qui

88 1319 160 1358 pro
181 1303 337 1345 incerto
359 1308 562 1359 proventu
584 1303 653 1357 qui
675 1304 716 1344 in
737 1303 812 1344 tali
838 1303 986 1358 saepius
1007 1301 1054 1343 fit
1077 1302 1323 1350 discrimine,
1348 1302 1470 1358 coepit
1493 1303 1615 1344 corde

88 1370 238 1425 pavido
256 1385 465 1412 servorum
483 1370 562 1410 Dei
589 1370 745 1410 auxilia
766 1385 962 1424 quaerere.
1034 1368 1294 1410 Praecedenti
1316 1369 1442 1425 igitur
1464 1369 1541 1420 die,
1566 1369 1619 1411 ad

90 1436 223 1477 virum
250 1436 342 1487 Dei,
372 1437 440 1491 qui
462 1437 503 1477 in
524 1436 712 1491 proximo
747 1441 848 1485 erat,
877 1435 1059 1486 advenit,
1083 1440 1124 1476 et
1145 1436 1254 1477 illius
1285 1450 1326 1477 se
1355 1437 1619 1478 committens

89 1503 356 1553 orationibus,
379 1503 435 1544 ibi
457 1503 645 1557 quaedam
666 1503 910 1544 munuscula
937 1502 1156 1543 oblationis
1186 1517 1269 1544 suae
1300 1503 1490 1558 deposuit
1510 1520 1520 1552 ;
1558 1518 1620 1544 re-

88 1569 358 1624 grediensque
390 1570 657 1620 Dunehnum,
682 1568 888 1624 judicium
915 1569 1158 1624 producitur
1187 1574 1234 1610 ut
1265 1568 1338 1610 viri
1367 1569 1475 1611 illius
1507 1570 1621 1610 inno-

91 1636 227 1677 centia
244 1637 369 1677 duelli
383 1637 606 1677 certamine
620 1641 932 1677 monstraretur.
974 1635 1190 1690 Congressi
1212 1635 1387 1690 denique
1408 1636 1621 1690 utriusque

91 1702 175 1744 litis
208 1703 452 1753 defensores,
487 1718 603 1743 mora
633 1702 771 1756 aliqua
800 1717 883 1743 non
911 1707 1052 1743 tamen
1080 1702 1241 1756 prolixa
1277 1703 1545 1757 protrahitur,
1579 1708 1620 1744 et

93 1768 191 1810 diris
213 1769 362 1811 ictibus
393 1785 457 1811 res
494 1769 754 1810 discutienda
785 1768 1003 1809 dirimitur.
1067 1768 1252 1809 Tandem
1276 1774 1416 1810 tamen
1438 1769 1500 1810 vir
1520 1784 1622 1824 prae-

93 1834 228 1877 dictus
248 1837 369 1877 morti
393 1835 638 1890 procumbit,
663 1841 704 1876 et
725 1835 871 1876 anhelo
906 1835 1023 1876 illum
1051 1840 1217 1890 pectore
1238 1835 1428 1890 spiritum
1449 1835 1622 1877 reddere

92 1902 307 1943 vulnerum
328 1903 553 1943 multitudo
575 1901 721 1957 coegit.

153 1969 175 2023 ξ
199 1971 294 2010 181.
329 1969 408 2010 Vir
429 1969 509 2009 Dei
530 1968 669 2023 igitur,
695 1983 794 2009 mox
815 1973 862 2009 ut
884 1968 993 2010 solus
1021 1968 1063 2009 in
1086 1968 1189 2009 cella
1214 1982 1287 2009 sua
1309 1968 1517 2019 decubuit,
1538 1968 1619 2010 tin-

93 2034 355 2076 tinnabulum
385 2036 564 2090 pulsans,
596 2034 806 2076 ministros
837 2050 931 2076 suos
962 2035 1104 2076 adesse
1126 2035 1349 2089 praecepit3
1386 2035 1532 2089 quibus
1563 2035 1623 2076 in-

92 2101 253 2156 gressis,
278 2102 398 2152 dixit,
430 2107 454 2124 “
478 2102 617 2152 Orate,
642 2102 822 2151 obsecro,
858 2116 931 2156 pro
960 2101 1098 2142 anima
1120 2101 1357 2142 Adelwoldi
1378 2102 1520 2152 nostri,
1555 2102 1624 2156 qui

93 2168 286 2209 hesterna
307 2169 372 2210 die
394 2169 461 2209 hic
481 2168 593 2223 apud
623 2183 696 2209 nos
727 2168 918 2215 exstitit;
953 2168 1049 2222 quia
1078 2168 1201 2208 modo
1235 2168 1346 2222 apud
1368 2169 1622 2210 Dunelmum

95 2233 137 2274 iu
173 2234 336 2289 3placea
362 2235 596 2276 certaminis
634 2234 758 2275 morti
793 2234 1025 2289 procubuit,
1063 2239 1104 2275 et
1137 2232 1240 2275 flatu
1272 2234 1399 2276 effuso
1433 2235 1623 2290 spiritum

95 2300 271 2342 emisit.”
333 2301 551 2356 Flevitque
580 2302 643 2343 Vir
674 2301 754 2342 Dei
792 2299 893 2342 fletu
927 2316 1090 2356 magno,
1123 2306 1164 2341 et
1199 2300 1382 2355 graviter
1415 2302 1624 2356 suspirans

94 2367 347 2410 orationibus
381 2369 574 2409 ardenter
614 2367 779 2416 institit,
820 2372 944 2421 atque
986 2366 1073 2422 ejus
1108 2368 1267 2408 exitum
1299 2367 1479 2409 Domino
1515 2383 1622 2409 com-

94 2434 320 2476 mendavit.
393 2434 509 2476 Servi
546 2449 642 2476 vero
679 2434 786 2475 illius
825 2433 989 2475 omnino
1019 2433 1211 2475 frivolum
1252 2435 1514 2489 reputabant,
1548 2450 1622 2476 nec

143 2538 151 2557 ¹
180 2538 220 2571 In
238 2538 295 2571 the
314 2538 410 2573 Harl.
429 2538 504 2572 MS.
523 2538 662 2584 chapter
680 2538 815 2573 XCIV.

140 2584 154 2605 2
174 2584 320 2630 Duelli]
344 2585 406 2618 See
426 2582 444 2630 ἓ
465 2588 543 2619 221.
595 2585 704 2618 There
730 2597 785 2618 arc
802 2585 957 2629 frequent
982 2585 1151 2619 instances
1177 2585 1215 2618 of
1235 2585 1292 2618 the
1317 2584 1477 2630 adoption
1503 2584 1540 2617 of
1553 2583 1621 2617 this

95 2630 196 2663 mode
214 2632 251 2664 of
264 2631 420 2676 deciding
436 2632 589 2676 litigated
607 2632 790 2677 questions.
843 2631 950 2674 Thus,
968 2632 1052 2665 fines
1071 2644 1156 2665 were
1173 2632 1251 2677 paid
1269 2632 1319 2664 for
1336 2631 1393 2664 the
1410 2630 1570 2675 privilege
1589 2630 1627 2663 of

95 2676 220 2721 having
233 2677 339 2721 duels,
358 2681 411 2722 28,
427 2681 482 2722 30,
498 2681 539 2712 31
554 2679 643 2712 Hen.
660 2678 720 2721 IL,
747 2677 907 2711 Madox's
927 2678 1081 2723 Excheq.
1098 2690 1154 2724 pp.
1168 2681 1222 2722 66,
1244 2679 1299 2719 71;
1319 2677 1384 2710 and
1402 2678 1435 2710 in
1454 2677 1511 2710 the
1529 2689 1621 2710 same

95 2723 186 2756 work
208 2724 236 2756 is
255 2736 273 2757 a
290 2725 401 2758 notice
424 2725 461 2758 of
479 2725 536 2758 the
558 2736 717 2770 recovery
735 2724 772 2757 of
789 2724 868 2757 land
892 2724 1034 2758 decided
1057 2725 1102 2769 by
1120 2725 1187 2758 this
1209 2735 1355 2769 process,
1378 2735 1410 2768 p.
1431 2725 1508 2757 294.
1558 2724 1621 2757 See

96 2769 166 2802 also
185 2770 297 2815 Dugd.
316 2771 464 2805 Monast.
483 2772 531 2805 iii.
551 2774 631 2805 306.
680 2772 712 2804 A
726 2771 816 2815 large
834 2770 1012 2804 collection
1030 2771 1068 2804 of
1081 2772 1250 2804 instances
1267 2771 1301 2803 in
1316 2769 1425 2802 Which
1442 2769 1620 2814 law-suits,

96 2816 181 2849 after
209 2816 333 2861 having
360 2817 445 2850 been
472 2818 586 2851 before
603 2817 660 2850 the
680 2817 813 2860 Courts,
831 2829 918 2850 were
944 2829 980 2851 so
999 2817 1211 2861 terminated‚
1236 2828 1315 2861 may
1332 2816 1374 2850 be
1400 2827 1478 2849 seen
1505 2817 1539 2850 in
1564 2817 1621 2850 the

98 2861 208 2896 Index
226 2869 260 2895 to
278 2863 335 2896 the
353 2863 571 2897 Abbreviatio
590 2863 806 2906 Placitorum,
824 2875 857 2908 p.
877 2866 955 2897 539.

143 2909 156 2928 ³
175 2909 298 2943 Placen
316 2909 533 2956 certaminis]
561 2910 623 2943 See
640 2909 698 2943 the
716 2916 799 2943 next
816 2910 957 2943 scction.
