1839 3186
181 186 264 227 164
707 198 941 231 LIBELLUS
978 199 1042 230 DE
1076 198 1192 230 VITA

183 300 375 352 ludibria,
401 317 496 343 cum
518 303 624 345 servi
647 303 727 346 Dei
749 303 935 346 animum
956 319 1178 360 occupasse
1202 303 1374 347 vidisset
1391 304 1445 346 ad
1467 304 1561 355 alia,
1584 319 1722 360 geme-

185 368 350 410 bundus
370 368 608 424 imploravit
630 375 834 425 quatenus
854 386 928 426 pro
949 371 1115 413 nomine
1137 371 1345 413 ¹caritatis
1366 372 1523 426 aliquid
1544 371 1580 413 ei
1601 372 1723 412 bene·
1766 397 1769 399 -

188 433 328 475 ficium
344 434 615 490 impenderet,
635 438 745 479 unde
762 453 844 480 suae
859 437 1006 493 inopiae
1021 438 1206 480 miserias
1219 438 1441 479 relevando
1455 442 1722 493 temperaret.

190 501 337 543 Motus
357 501 420 544 vir
441 502 522 544 Dei
549 502 734 559 2pietate
759 504 892 555 celeri,
915 504 973 545 nil
998 509 1216 546 cunctatus
1237 504 1292 545 ad
1316 504 1465 546 Altare
1486 519 1606 546 suum
1629 519 1724 545 con-

189 568 362 618 scendit,
390 574 431 610 et
453 569 504 610 de
532 585 579 611 eo
601 586 751 626 panem
784 571 1000 613 candentis
1032 570 1211 622 ³similae,
1236 586 1330 612 cum
1360 586 1443 612 uno
1473 576 1615 612 tamen
1648 586 1723 611 nu-

190 634 398 687 mismate,
420 636 605 691 protulit,
630 653 719 692 quae
742 638 887 679 eadem
911 637 1018 679 forte
1040 637 1106 679 die
1134 637 1191 679 ibi
1212 637 1381 691 quidam
1408 637 1583 680 devotus
1604 637 1724 678 obtu-

191 700 325 749 lerat,
364 707 406 743 et
428 703 629 745 accedens
650 704 816 759 propius
837 704 896 745 illi
919 704 1097 752 dicebat,
1132 708 1158 726 ‘⁴
1181 704 1277 745 Hoc
1297 719 1443 759 parum
1475 704 1586 759 quod
1620 703 1724 744 mihi

192 766 381 810 Christus
416 769 611 824 dignatus
639 775 701 812 est
740 771 934 821 tribuere,
966 776 1015 812 tu
1047 770 1089 811 in
1119 771 1285 812 nomine
1319 769 1498 812 4sanctae
1539 770 1728 811 caritatis

192 834 361 889 accipe;
397 836 493 889 quia
527 836 561 878 si
596 836 690 891 plus
723 837 879 891 aliquid
914 837 1163 888 habuissem,
1199 837 1344 878 libenti
1376 837 1514 878 animo
1541 852 1616 892 pro
1650 836 1725 878 tali

193 901 425 943 reverentia
445 902 521 943 tibi
543 903 823 945 tribuissem.''
885 904 986 957 Quae
1008 903 1076 945 ille
1097 904 1332 959 suscipiens,
1368 903 1524 959 gratias
1545 903 1645 958 egit,
1683 908 1724 945 et

191 966 344 1008 iterum
376 967 603 1011 lacrimosis
632 985 727 1011 cum
761 970 1009 1026 singultibus
1041 970 1114 1021 ait,
1153 975 1177 992 ‘⁶
1201 970 1381 1011 Obsecro
1421 970 1524 1012 meis
1553 969 1727 1012 miseriis

191 1034 377 1084 condole,
405 1040 446 1076 et
467 1035 548 1077 huc
572 1036 772 1078 accedens
799 1037 979 1092 corporis
1005 1035 1128 1092 hujus
1148 1036 1235 1078 lues
1258 1037 1463 1079 ulcerosas
1494 1051 1621 1077 manu
1656 1052 1726 1078 ex-

192 1100 380 1155 plorante
402 1102 624 1157 continge3
660 1103 814 1158 poteris
836 1103 1003 1158 quidem
1030 1104 1088 1145 eis
1120 1103 1288 1158 aliquod
1324 1104 1513 1145 levamen
1533 1102 1724 1159 adjicere,

193 1171 235 1208 et
251 1161 366 1221 ⁵quae
386 1168 476 1210 dira
496 1169 755 1211 cruciatuum
774 1185 927 1225 genera
947 1185 1020 1225 pro
1042 1170 1231 1226 religioso
1253 1170 1478 1211 certamine
1500 1169 1726 1211 excolendo

192 1235 471 1288 persolverim,
515 1235 575 1277 ita
608 1230 625 1258 ⁶
641 1236 762 1278 citius
804 1236 965 1278 nosse.”
1038 1236 1224 1290 Quorum
1265 1237 1484 1279 miseratus
1523 1237 1585 1278 vir
1628 1236 1723 1284 Dei,

191 1315 362 1342 manum
392 1302 692 1357 compatienter
727 1303 765 1345 ei
789 1303 1008 1352 adhibuit;
1044 1308 1086 1345 et
1124 1303 1248 1358 pallio
1284 1308 1434 1354 erecto,
1468 1303 1523 1344 ad
1555 1303 1726 1345 ascellas

191 1367 455 1410 brachiorum
476 1374 518 1410 et
538 1369 621 1411 alia
641 1370 928 1426 integumenta
943 1375 1110 1412 artuum
1126 1375 1371 1420 ceterorum,
1394 1369 1557 1426 singula
1571 1370 1726 1424 quaevis

190 1434 412 1489 palpando,
435 1436 668 1479 mollientes
694 1441 912 1479 contactus
941 1437 1142 1479 admovit.
1204 1436 1279 1487 At,
1303 1441 1349 1478 ut
1371 1437 1457 1492 ipse
1479 1436 1632 1492 saepius
1661 1452 1724 1478 re-

191 1500 301 1550 tulit,
320 1502 480 1556 quoties
496 1507 713 1545 contactus
729 1518 876 1545 manus
896 1503 1185 1545 ⁷immittentis
1206 1503 1411 1559 apposuit,
1434 1518 1595 1558 semper
1615 1518 1723 1553 caro,

190 1572 238 1608 ut
258 1568 401 1622 pluma
436 1569 602 1625 hispida
624 1575 666 1612 et
690 1569 872 1625 rigenter
901 1570 1094 1619 tremula,
1132 1585 1280 1612 manus
1310 1569 1517 1625 palpantis
1548 1569 1724 1625 aufugit.

193 1632 379 1689 Eratque
415 1633 502 1691 ejus
530 1651 677 1691 eorpus
706 1641 843 1678 totum
877 1636 992 1692 quasi
1013 1637 1169 1678 anseris
1189 1635 1374 1691 8plumas
1404 1641 1592 1687 exutum,
1613 1636 1724 1691 quod

190 1700 301 1755 poris
343 1702 623 1744 ulcerantibus
654 1703 775 1758 riget,
811 1708 854 1745 et
881 1704 1087 1746 tuberosis
1121 1703 1339 1745 vulnerum
1374 1703 1527 1745 aculeis
1568 1703 1723 1753 sordet,

190 1766 461 1823 9quandoque
477 1768 718 1811 scabredine
733 1769 929 1811 indurata
951 1769 1207 1821 ¹⁰tremebat,
1225 1775 1267 1811 et
1282 1770 1469 1824 squalida
1485 1769 1724 1811 cicatricum

191 1834 394 1877 foramina
414 1835 677 1890 praeferebat.
749 1836 855 1879 Cum
888 1836 1059 1878 tandem
1095 1836 1152 1878 sic
1188 1851 1349 1892 semper
1381 1840 1597 1878 contactus
1629 1851 1723 1877 caro

190 1901 305 1943 velut
345 1902 524 1944 tremula
555 1902 785 1958 aufugeret,
829 1908 871 1945 et
911 1903 978 1945 ille
1019 1903 1077 1945 sie
1120 1902 1372 1944 demorando
1412 1903 1723 1953 inhorresceret,

192 1982 362 2010 manum
383 1974 670 2012 consternatus
687 1969 742 2012 ad
765 1985 807 2012 se
829 1969 1010 2020 reduxit,
1038 1975 1163 2025 atque
1190 1984 1275 2025 prae
1304 1969 1578 2012 admiratione
1601 1968 1724 2012 11stu-

191 2039 337 2089 pentes
362 2035 502 2077 vultus
532 2035 574 2077 in
595 2036 712 2077 illum
733 2051 840 2092 saepe
861 2036 1038 2078 retorsit.

252 2101 274 2156 ξ
298 2103 394 2143 155.
428 2101 491 2143 At
518 2102 684 2144 larvalis
717 2102 851 2144 forma
886 2103 942 2145 sic
968 2103 1026 2144 illi
1052 2102 1174 2153 dixit,
1199 2107 1225 2125 ‘⁶
1248 2102 1446 2143 Haeccine
1467 2102 1632 2156 quantis
1652 2101 1725 2143 do-

193 2167 347 2210 loribus
382 2168 630 2210 indesinenti
663 2170 843 2224 corporis
876 2168 1135 2211 ¹2⁷afflietione
1158 2169 1328 2219 desudo,
1364 2173 1406 2209 et
1437 2173 1594 2223 quanta
1628 2183 1724 2210 cum

193 2234 457 2276 anxietatum
477 2235 667 2277 molestia
686 2236 819 2278 vitam
841 2235 1028 2278 ducendo
1057 2235 1407 2291 per-miserabilem
1428 2235 1500 2276 vix
1521 2235 1720 2283 subsistam

195 2305 237 2342 et
265 2305 325 2351 tu,
354 2302 387 2343 si
409 2316 504 2343 vere
535 2301 740 2344 solitarius
765 2317 888 2351 esses,
914 2317 995 2343 non
1024 2307 1066 2344 te
1087 2301 1314 2343 minoribus
1334 2300 1724 2343 incommoditatum

195 2366 516 2409 desolationibus
546 2367 824 2410 indesinenter
845 2367 1061 2424 affligeres.
1132 2369 1242 2410 Nam
1260 2383 1326 2409 me
1348 2367 1541 2409 continue
1554 2365 1725 2424 jejuniis

242 2478 252 2498 ¹
274 2477 447 2512 Caritatis.
494 2476 629 2510 Sanetae
646 2477 806 2520 caritatis,
828 2478 876 2512 H.

240 2524 253 2543 ²
271 2523 434 2568 Pietate]
487 2523 602 2565 ietate,
620 2523 738 2557 sceleri
756 2524 815 2566 nil,
834 2524 879 2558 H.

238 2571 251 2590 ³
270 2570 419 2616 Similae]
443 2570 466 2588 “
481 2569 584 2603 Panis
601 2569 643 2602 de
660 2569 772 2603 simila
794 2570 914 2603 melior
931 2576 982 2604 est
999 2576 1033 2604 et
1049 2570 1207 2604 mundior
1224 2577 1258 2604 et
1274 2571 1465 2604 nutribilior
1482 2581 1583 2615 quam
1600 2569 1723 2605 aliUS.’'

195 2618 356 2651 Vincent.
375 2615 548 2650 Bellovac.
565 2616 588 2649 S
614 2627 662 2649 ec.
683 2615 767 2649 Nat.
786 2616 833 2648 xi.
851 2618 907 2659 48,
925 2628 958 2662 p.
977 2619 1042 2651 821
1059 2630 1068 2659 ;
1096 2629 1152 2651 see
1172 2617 1244 2650 also
1263 2617 1311 2651 xi.
1330 2618 1386 2661 47,
1404 2629 1436 2663 p.
1455 2619 1533 2652 820.

240 2665 254 2685 ⁴
273 2664 399 2697 Sanctae
414 2663 574 2697 caritatis.
623 2662 788 2708 Compare
807 2659 825 2707 ἕ
845 2665 923 2696 248.

240 2711 253 2730 ⁵
275 2709 383 2755 Qum]
404 2709 527 2752 Quam,
549 2709 597 2742 H.
1033 2709 1046 2729 ⁶
1066 2708 1205 2755 Citius]
1233 2709 1378 2752 Certius,
1396 2709 1442 2743 H.

241 2757 253 2777 ⁷
274 2754 518 2801 Immittentis]
547 2755 697 2788 Written
716 2766 805 2800 upon
823 2765 865 2788 an
883 2766 1016 2788 erasure
1033 2755 1067 2788 in
1091 2755 1147 2797 B.;
1175 2756 1194 2773 ‘⁶
1207 2755 1429 2796 immittens,”
1449 2755 1498 2789 H.

242 2804 254 2822 Β
275 2801 439 2848 Plumas.]
468 2800 534 2834 Vel
551 2801 687 2846 plumis,
707 2801 782 2835 MS.
803 2801 862 2843 B.;
888 2800 999 2835 which
1016 2801 1155 2845 reading
1171 2801 1200 2835 is
1217 2801 1363 2847 adopted
1380 2802 1413 2835 in
1436 2802 1483 2836 H.

242 2851 254 2871 ⁹
276 2846 507 2893 Quandoque]
536 2847 714 2892 Quodque,
736 2847 784 2882 H.

232 2897 255 2917 ¹⁰
278 2893 479 2940 Tremebut.]
509 2893 686 2939 Crepebat‚
708 2893 770 2935 H.;
796 2893 929 2927 written
947 2893 980 2927 in
1004 2894 1046 2928 Β.
1062 2905 1103 2927 on
1122 2905 1163 2926 an
1182 2905 1326 2928 erasure.

228 2943 251 2963 ¹¹
272 2942 470 2987 Stapentea]
496 2940 653 2985 Stupens,
675 2940 723 2973 H.
1040 2940 1066 2962 ¹2
1082 2939 1306 2986 Afflictione]
1333 2940 1574 2984 Afflictionem,
1598 2939 1644 2974 H.
