1839 3186
185 170 269 210 146
705 177 941 211 LIBELLUS
972 177 1037 210 DE
1067 177 1184 210 VITA

192 283 305 325 Wiri
328 280 507 324 fluminis
533 281 849 337 navigabundus
876 281 1150 323 deferebatur.
1213 281 1318 323 Orta
1343 282 1472 337 igitur
1490 282 1638 337 grandi
1659 282 1719 323 in-

188 349 387 405 temperie
423 354 463 390 et
494 349 730 403 procellosa,
767 348 866 389 dum
898 364 984 403 prae
1021 363 1220 403 aquarum
1252 349 1415 390 turbine
1446 364 1547 390 aura
1572 348 1719 390 fortius

190 415 307 457 fieret
340 416 560 470 impacata,
601 415 736 456 subito
769 415 959 456 navicula
994 415 1065 455 illa
1100 430 1181 468 qua
1219 415 1437 465 residebat,
1472 419 1720 470 tempestate

192 488 418 538 grassante,
455 481 737 529 subvertitur;
772 486 813 521 et
840 480 907 521 ille
928 496 1128 534 aquarum
1158 481 1360 536 profundo
1396 481 1609 531 dimersus,
1642 480 1722 536 spi-

196 549 323 590 ritum
346 548 515 590 vitalem
547 548 735 588 emittere
767 547 1102 601 compellebatur.
1164 547 1255 599 Quo
1286 553 1450 588 mortuo
1481 552 1522 588 et
1546 548 1722 602 sepulto,

196 615 260 658 vir
281 615 361 656 Dei
382 619 502 655 tanta
523 614 773 655 desolatione
800 628 873 667 pro
909 611 995 668 ejus
1029 618 1118 654 tam
1144 613 1311 654 horrida
1332 619 1463 654 morte
1485 613 1719 664 deterritur,

196 681 306 736 quod
323 681 395 723 vix
416 681 553 734 aliqua
574 679 849 721 consolatione
871 679 1069 733 respirare
1090 694 1207 734 posse
1230 679 1475 721 crederetur.
1533 679 1721 721 Tandem

196 763 269 803 per
298 748 454 801 aliquot
485 761 613 787 annos
642 745 896 800 gravissimae
929 745 1178 800 poenitentiae
1210 745 1286 786 sibi
1315 746 1451 787 luctus
1481 746 1646 796 indixit,
1680 750 1722 786 et

195 814 312 869 quasi
342 814 429 868 ipse
461 811 599 853 omnia
630 816 800 866 peccata
820 811 958 852 fratris
989 811 1165 852 delenda
1188 811 1443 866 suscepisset,
1472 812 1724 867 gravissimis

195 879 464 921 afflictionum
489 877 738 919 cruciatibus
772 892 859 919 sese
890 892 1025 918 coram
1049 877 1228 918 Domino
1258 883 1441 919 mactare
1472 894 1554 919 non
1590 878 1724 920 desiit.

199 946 358 987 Mirum
397 945 537 998 itaque
573 949 614 985 et
649 944 770 985 nimis
801 944 1008 998 prolixum
1041 949 1147 985 esset
1180 944 1341 999 singula
1376 959 1549 999 quaeque
1583 960 1725 1000 prose-

196 1012 359 1067 quendo
404 1011 579 1059 edicere,
624 1025 717 1064 quae
752 1009 837 1065 ipse
871 1025 945 1065 pro
988 1010 1250 1065 impetranda
1281 1010 1340 1051 illi
1385 1010 1465 1052 Dei
1506 1011 1726 1052 clementia

198 1079 356 1120 solebat
392 1076 604 1118 efficiendo
646 1077 861 1118 sustinere.
939 1076 1048 1117 Nam
1091 1076 1260 1117 loricam
1303 1077 1573 1118 recentiorem
1612 1077 1724 1119 nudo

197 1144 358 1200 corpori
379 1143 597 1199 apposuit3
633 1148 673 1183 et
695 1142 815 1183 cilicii
847 1142 1071 1198 1rigoribus
1105 1143 1274 1184 alterius
1306 1143 1427 1184 cilicii
1456 1159 1586 1199 genus
1626 1143 1726 1185 satis

197 1210 432 1252 horribilius
473 1215 514 1251 et
543 1209 749 1251 hirsutum
783 1209 915 1264 magis
953 1208 1159 1258 excoluit3
1193 1209 1353 1265 vigilias
1383 1210 1600 1265 protelare,
1638 1225 1725 1251 ora-

197 1278 331 1319 tiones
362 1276 646 1331 multipliciter
678 1276 951 1330 frequentare,
975 1271 1016 1317 et
1041 1275 1180 1317 omnia
1209 1276 1395 1317 membra
1426 1276 1564 1318 dolore
1596 1276 1724 1318 incre-

200 1344 316 1385 dibili
338 1342 614 1385 exsauciando
637 1343 884 1383 exulcerare.

257 1410 275 1463 ᾧ
299 1413 396 1452 138.
428 1409 556 1450 Unde
583 1409 813 1450 miseriator
848 1414 889 1449 et
921 1408 1152 1450 misericors
1174 1408 1391 1459 Dominus,
1425 1407 1512 1464 ejus
1542 1407 1726 1450 miserias

198 1477 429 1527 miseratus,
454 1475 528 1516 tali
558 1475 681 1516 modo
712 1474 919 1516 doloribus
955 1474 1081 1530 ipsius
1115 1475 1331 1525 consuluit,
1372 1480 1413 1516 et
1449 1476 1582 1517 cordis
1615 1475 1723 1517 illius

199 1543 465 1584 contritiones
495 1541 671 1583 sanavit.
734 1541 866 1582 Nocte
903 1542 1012 1582 enim
1048 1541 1238 1595 quadam,
1272 1541 1371 1582 dum
1392 1542 1454 1583 vir
1475 1541 1564 1583 ²ille
1595 1541 1724 1583 solitae
1763 1597 1766 1598 γ

200 1609 375 1651 orationi
410 1608 709 1663 procumberet,
744 1607 808 1648 3et
846 1622 887 1648 se
918 1623 991 1663 pro
1013 1607 1160 1662 spiritu
1183 1607 1322 1649 fratris
1354 1608 1606 1663 gravissimis
1636 1622 1726 1650 sus-

199 1676 397 1731 piriorum
420 1674 624 1715 4lacrimis
658 1673 853 1722 afficeret,
888 1689 993 1723 ecce,
1028 1673 1163 1715 subito
1191 1674 1361 1715 fratrem
1382 1690 1517 1725 suum,
1548 1690 1622 1730 pro
1647 1689 1726 1728 quo

201 1742 462 1797 implorabat,
494 1756 631 1782 coram
662 1755 704 1781 se
735 1740 996 1781 assistentem
1034 1740 1244 1795 conspicit,
1268 1745 1309 1781 et
1330 1741 1470 1781 taliter
1504 1756 1598 1782 eum
1628 1741 1725 1782 allo-

203 1814 322 1850 cutus
352 1809 438 1850 ait:
475 1812 499 1829 ‘⁶
526 1807 617 1857 Eia,
655 1807 782 1847 frater
812 1807 869 1847 mi
902 1806 1094 1856 Godrice‚
1127 1822 1240 1848 serve
1262 1806 1355 1857 Dei,
1387 1808 1587 1848 hactenus
1616 1807 1726 1848 mala

201 1875 335 1916 multa
355 1873 541 1923 sustinui,
562 1880 603 1914 et
626 1873 714 1913 dira
730 1878 1029 1914 tormentorum
1044 1873 1224 1927 pericula
1240 1873 1506 1928 perpetiendo
1519 1873 1721 1928 percurri3

201 1952 309 1982 nunc
332 1956 429 1983 vero
464 1940 546 1981 tuis
583 1940 770 1994 precibus
813 1938 992 1995 adjutus,
1029 1939 1072 1979 in
1102 1939 1270 1981 civitate
1306 1939 1541 1981 Jerusalem
1575 1954 1727 1994 magna

202 2008 391 2058 consisto,
415 2012 456 2048 et
477 2006 638 2062 gaudiis
672 2006 779 2047 illius
806 2006 1050 2061 perfruendo
1073 2006 1181 2046 bona
1200 2006 1333 2046 multa
1353 2006 1553 2060 possideo.
1621 2006 1725 2047 Haec

204 2079 266 2115 est
288 2074 522 2115 Jerusalem
544 2072 743 2113 altissima
775 2078 815 2113 et
847 2073 1044 2127 superior,
1067 2077 1108 2112 et
1128 2087 1210 2112 non
1231 2072 1301 2112 illa
1335 2072 1556 2114 novissima
1588 2077 1629 2112 et
1660 2072 1726 2112 in-

203 2140 338 2191 ferior,
356 2140 426 2181 ubi
447 2155 610 2181 mecum
631 2138 810 2180 concivis
827 2139 917 2189 eris,
941 2144 982 2179 et
1004 2138 1161 2180 solutus
1181 2153 1206 2178 a
1229 2153 1409 2193 corpore,
1427 2138 1481 2179 ad
1500 2153 1567 2179 me
1587 2138 1726 2180 venies

203 2212 251 2247 ut
275 2207 331 2247 ibi
364 2206 622 2261 sempiternis
653 2205 815 2260 gaudiis
842 2205 1100 2260 perfruaris.”
1169 2204 1353 2258 Eratque
1377 2206 1494 2245 vultu
1523 2205 1623 2246 satis
1653 2219 1727 2244 ex-

203 2272 403 2314 hilaratus
427 2278 468 2313 et
479 2272 699 2327 jocundus,
722 2271 878 2312 amictu
902 2271 1214 2312 candidissimus
1236 2276 1276 2311 et
1298 2276 1518 2326 conspectu
1542 2271 1725 2311 decorus.

205 2338 406 2395 Ejusdem
426 2339 569 2379 formae
587 2338 804 2379 videbatur
821 2353 905 2379 esse
924 2344 1047 2391 atque
1068 2342 1250 2385 staturae,
1274 2336 1389 2392 cujus
1407 2342 1447 2378 et
1468 2342 1565 2378 ante
1583 2336 1728 2378 mortis

205 2420 287 2447 suae
305 2404 536 2460 depositum
557 2404 808 2459 probabatur
827 2404 1036 2445 exsistere.
1075 2404 1233 2456 Quibus
1253 2403 1386 2445 verbis
1411 2402 1728 2458 superadjiciens

206 2472 359 2522 intulit,
383 2471 609 2525 “Agnosce
625 2470 734 2524 quod
756 2485 830 2525 ego
851 2470 936 2524 ipse
956 2485 1059 2520 sum,
1075 2470 1143 2523 qui
1157 2469 1364 2523 quondam
1380 2475 1578 2519 mortuus,
1604 2469 1726 2509 modo

206 2539 347 2580 vivens
369 2586 371 2589 ι
392 2538 434 2578 in
476 2536 648 2577 Summa
687 2536 920 2577 Jerusalem
961 2536 1139 2577 concivis
1181 2536 1311 2576 sum.”
1392 2536 1549 2588 Quibus
1590 2535 1724 2584 dictis,

206 2605 349 2646 statim
382 2603 576 2650 evanuit;
616 2608 656 2642 et
686 2602 753 2642 ille
786 2602 911 2642 nimio
941 2602 1128 2656 perfusus
1160 2601 1323 2655 gaudio,
1358 2601 1620 2642 desolationis
1657 2601 1728 2641 do-

204 2672 333 2712 lorem
354 2675 485 2712 tantae
508 2668 796 2710 consolationis
816 2668 1018 2709 levamine
1031 2667 1293 2721 temperavit.
1367 2667 1533 2708 Exinde
1549 2667 1727 2707 Domino

206 2743 246 2778 et
275 2737 437 2778 Christo
463 2734 566 2792 Ejus
587 2734 649 2777 vir
677 2734 744 2775 ille
781 2734 966 2776 devotior
999 2733 1174 2781 exstitit,
1198 2739 1239 2773 et
1264 2732 1432 2773 Domini
1468 2732 1729 2773 clementiam

254 2835 264 2855 ¹
284 2833 493 2879 Rigor-ibus]
517 2833 661 2878 Rigoris,
682 2831 730 2865 H.
1105 2830 1118 2848 ²
1136 2830 1230 2877 Illa]
1259 2831 1334 2874 Dei,
1356 2831 1403 2865 H.

251 2881 265 2902 3
285 2881 332 2915 Et
348 2893 380 2914 se
390 2879 481 2925 prm]
506 2879 550 2912 Et
568 2891 658 2924 saepe
675 2890 744 2924 pro,
765 2878 812 2911 H.
1105 2878 1116 2895 ‘¹
1136 2877 1327 2923 Lacrima]
1356 2877 1541 2920 Lamentis,
1562 2877 1610 2910 H.
