1839 3186
532 156 591 187 ΕΤ
626 154 894 188 MIRACULIS
931 155 966 186 S.
993 154 1211 186 GODRICI,
1555 139 1637 184 279

104 261 243 312 issent,
265 261 407 316 utique
423 276 550 302 manu
569 260 650 302 ista
661 260 936 310 ministrante,
957 275 1030 314 per
1049 274 1147 301 usus
1168 274 1394 314 pauperum
1411 258 1453 299 in
1471 258 1634 300 thesau-

102 343 169 369 ros
191 328 373 369 coelestes
393 343 467 383 pro
489 326 575 383 ejus
595 327 761 382 negotio
781 326 1111 381 pertransissent.
1163 326 1221 367 Et
1235 324 1325 381 jam
1348 325 1419 366 diu
1441 331 1502 367 est
1525 325 1634 380 quod

103 409 225 436 causa
262 394 402 435 domni
433 394 496 436 tui
524 395 678 436 bonum
709 393 876 447 quidem
910 391 1033 433 finem
1064 391 1210 434 sortita
1241 391 1398 442 fuisset,
1437 391 1514 433 nisi
1555 392 1633 432 cle-

103 461 260 502 mentia
289 461 442 503 Christi
472 476 545 516 pro
580 459 703 516 hujus
735 459 1068 515 transgressionis
1098 459 1213 500 obice
1244 458 1461 513 indignata
1495 459 1632 499 adhuc

102 527 372 582 implacabilis
416 527 452 568 ei
492 527 604 568 facta
644 526 900 567 consisteret.
982 525 1070 566 Nec
1115 524 1326 566 contentio
1376 524 1457 566 ista
1507 525 1631 579 sopiri

103 593 268 649 poterit,
302 594 414 649 prius
450 608 574 648 quam
606 592 790 648 pecuniae
828 592 937 633 illius
976 606 1139 633 summa
1181 592 1335 633 Sancto
1371 590 1401 631 J
1405 591 1557 632 ohanni
1588 596 1630 632 et

101 660 203 701 mihi
240 660 404 702 reddita
439 660 518 709 sit;
567 674 656 714 quae
695 674 795 700 mox
835 664 882 700 ut
923 659 1132 714 persoluta
1171 658 1294 699 fuerit
1335 657 1626 699 controversiae

100 725 227 781 ipsius
264 727 512 768 calumniam
548 726 603 767 ad
641 725 904 767 commodum
938 740 1058 767 suum
1089 725 1323 767 absolutam
1355 723 1630 779 pi'oviclebit.”

103 793 263 845 Quibus
282 794 455 835 nuncius
476 793 627 834 domno
649 807 722 834 suo
743 797 785 833 et
806 792 931 833 matri
960 791 1137 834 familias
1173 791 1397 841 declarans,
1434 795 1629 844 utrosque

102 858 259 914 ingenti
291 865 457 915 stupore
490 858 677 915 perculit,
709 863 750 899 et
780 858 927 900 timore
956 858 1082 899 corda
1108 857 1319 906 dissolvit;
1355 856 1629 912 cognovitque

101 924 253 981 conjux
288 925 375 982 ejus
407 927 546 967 omnia
581 940 670 980 quae
703 930 860 966 secreto
893 924 1165 974 commiserat,
1208 929 1250 965 et
1289 938 1463 979 pensum
1500 928 1628 965 tantae

101 993 287 1046 pecuniae
325 1008 399 1048 pro
434 992 595 1047 peccati
634 991 696 1033 sui
737 991 906 1032 erimine
947 1006 989 1033 se
1030 990 1287 1032 reddituram
1325 990 1623 1045 promittebat;

98 1058 303 1113 missaque
325 1059 411 1101 viro
430 1058 511 1100 Dei
532 1058 718 1113 pecunia,
744 1057 887 1099 statim
909 1056 1263 1099 confoederationis
1284 1057 1502 1098 concordia
1521 1057 1629 1098 inter

99 1124 388 1167 dissidentium
409 1125 636 1166 certamina
662 1129 724 1166 est
752 1124 985 1166 subsecuta.
1057 1124 1166 1165 Nam
1198 1138 1246 1165 ea
1281 1139 1369 1178 quae
1406 1124 1628 1164 calumnia-

99 1191 223 1233 batur
259 1192 366 1233 infra
400 1192 524 1234 breve
563 1196 728 1245 tempus
769 1195 1013 1233 consecutus
1053 1195 1129 1240 est,
1163 1205 1212 1232 ac
1244 1190 1351 1231 inter
1383 1189 1629 1231 dissidentes

100 1258 212 1312 pacis
233 1259 373 1312 quieta
395 1258 579 1299 amicitia
600 1258 878 1299 confoederata
908 1263 984 1300 est.
1047 1257 1136 1298 Ubi
1156 1257 1309 1312 triplex
1336 1256 1523 1297 miraculi
1548 1256 1627 1298 vir-

100 1329 169 1366 tus
192 1325 396 1380 apparuit,
420 1325 568 1380 prima,
594 1323 702 1378 quod
725 1324 840 1365 Deus
861 1324 1058 1365 exaudire
1079 1324 1211 1364 noluit
1233 1323 1431 1377 quamdiu
1455 1322 1517 1364 vir
1548 1322 1627 1362 Dei

98 1390 281 1433 infensus
301 1392 484 1439 exstitit3
511 1390 701 1441 secunda,
720 1390 830 1444 quod
851 1390 1095 1432 abscondita
1116 1390 1158 1431 in
1182 1389 1329 1445 spiritu
1351 1389 1623 1444 persenserit;

98 1457 223 1499 tertia
243 1473 352 1509 vero,
376 1458 485 1513 quod
505 1458 664 1512 peccati
688 1456 846 1498 facinus
867 1458 1074 1498 occultum
1096 1456 1353 1512 corripiendo
1377 1455 1592 1497 ¹correxit.

96 1750 183 1775 CAP.
209 1749 376 1775 CXLVIII.
441 1749 630 1778 QUOMODO
661 1747 904 1773 GRAVISSIME
936 1748 1156 1773 AEGROTARE
1186 1747 1376 1781 COEPERl'r,
1404 1747 1451 1771 ET
1482 1747 1626 1771 DIVINA

164 1816 303 1841 SUBITO
338 1816 498 1841 VISIONE
528 1815 787 1840 SEMI-ANIMIS
827 1815 1062 1840 REPARATUS
1093 1815 1164 1849 SIT,
1207 1815 1255 1839 ΕΤ
1296 1813 1485 1843 QUOMODO
1525 1813 1625 1838 CECI-

162 1882 297 1916 NERIT,
320 1882 368 1907 ET
400 1882 450 1906 DE
483 1882 583 1907 LUCE
614 1881 731 1911 QUAM
764 1864 908 1908 VIDIT.2

163 1966 186 2020 ξ
208 1968 305 2008 265.
343 1966 520 2007 FAeTUM
542 1971 603 2007 est
624 1970 671 2007 ut
692 1965 755 2007 vir
780 1964 860 2006 Dei
881 1964 1024 2005 morbo
1047 1968 1259 2018 correptus
1290 1963 1502 2013 acerrimo,
1536 1962 1626 2004 des-

97 2037 264 2088 peratus
285 2033 455 2083 cunctis,
479 2032 699 2087 languidus
724 2032 831 2073 lecto
854 2031 1131 2080 decumberet,
1156 2034 1197 2071 et
1218 2030 1351 2071 solum
1372 2030 1518 2071 mortis
1539 2030 1625 2070 exi-

95 2107 186 2139 tum
207 2099 319 2140 lenta
340 2099 463 2140 caedis
482 2097 735 2149 infirmitate,
772 2102 819 2139 ut
849 2097 1087 2152 putabatur,
1123 2101 1396 2151 exspectaret.
1469 2096 1625 2137 Missus

142 2203 150 2222 ¹
173 2203 355 2250 Correxit]
383 2205 404 2223 “
418 2203 481 2237 Vir
497 2202 664 2246 militaris,
678 2202 808 2236 amicus
826 2202 896 2235 viro
908 2201 986 2244 Dei,
997 2213 1135 2235 causam
1157 2201 1286 2236 habens
1303 2214 1415 2236 coram
1428 2203 1623 2247 justitiariis

94 2249 325 2294 decidendam,
343 2262 402 2295 pro
419 2255 507 2283 terra
531 2261 632 2294 quam
658 2249 721 2282 sibi
740 2248 874 2282 dicebat
891 2248 1054 2281 violenter
1071 2248 1231 2290 ablatam,
1248 2250 1321 2293 ejus
1339 2249 1546 2283 orationibus
1563 2261 1622 2283 ne-

92 2296 223 2340 gotium
248 2308 347 2329 suum
372 2296 533 2329 attentius
559 2295 817 2329 commendavit.
869 2294 1024 2339 Cumque
1051 2295 1193 2328 redisset
1210 2295 1359 2339 domum,
1379 2296 1496 2329 eadem
1523 2302 1623 2329 noete

93 2347 222 2375 secreto
239 2342 398 2388 praecepit
416 2343 513 2375 uxori
536 2353 617 2385 suae,
634 2347 672 2374 ut
690 2341 773 2374 duos
798 2340 924 2374 solidos
948 2341 1098 2374 mitteret
1116 2341 1185 2374 viro
1203 2341 1279 2375 Dei.
1329 2342 1423 2385 Quos
1440 2342 1499 2375 illa
1516 2343 1622 2376 susci-

93 2389 200 2433 piens,
219 2389 289 2422 viro
313 2389 496 2432 nesciente,
524 2388 674 2429 retinuit,
701 2393 734 2421 et
759 2387 829 2421 suis
854 2387 972 2421 usibus
1001 2387 1192 2421 reservavit.
1256 2388 1367 2422 Causa
1396 2389 1532 2433 quidem
1560 2389 1621 2422 viri

93 2435 189 2468 annis
204 2435 335 2468 duobus
353 2435 490 2479 integris
507 2446 575 2468 non
591 2434 703 2479 potuit
719 2434 890 2467 terminari
906 2446 914 2475 ;
940 2433 1159 2479 quamobrem
1176 2434 1315 2468 mittens
1332 2435 1373 2468 ad
1392 2447 1525 2468 servum
1544 2435 1620 2478 Dei,

92 2481 231 2526 rogabat
248 2481 406 2515 obnixius
424 2487 461 2514 ut
478 2493 537 2526 pro
555 2493 615 2514 suo
632 2480 768 2525 negotio
786 2480 971 2513 Dominum
998 2485 1162 2523 exoraret,
1181 2492 1346 2514 excusans
1365 2481 1454 2526 quod
1479 2481 1622 2526 ipsemet

94 2533 229 2572 propter
253 2528 491 2573 occupationes
516 2527 559 2561 ad
586 2538 662 2560 eum
689 2526 801 2560 venire
830 2538 896 2560 non
925 2532 1050 2571 posset.
1098 2526 1154 2560 Ad
1182 2526 1246 2560 hoc
1264 2527 1313 2560 vir
1340 2527 1404 2561 Dei
1432 2527 1622 2570 subridens,

95 2573 164 2612 ait:
191 2574 293 2619 ‘Ipse
319 2574 403 2607 duos
432 2574 557 2607 solidos
586 2573 740 2618 promisit
766 2574 888 2606 Sancto
918 2573 1077 2616 Johanni,
1104 2585 1187 2617 quos
1213 2585 1298 2606 uxor
1327 2575 1399 2617 ejus
1429 2573 1569 2618 accepit,
1589 2579 1622 2607 et

96 2619 206 2653 adhuc
224 2632 290 2653 non
316 2621 512 2653 transmisit.
562 2620 635 2664 Ego
652 2625 777 2663 autem,
796 2620 823 2652 si
842 2619 1022 2662 venissent,
1041 2619 1117 2652 illos
1141 2619 1344 2664 pauperibus
1370 2631 1570 2664 erogassem,
1589 2625 1622 2653 et

96 2677 198 2699 causa
223 2666 340 2711 ipsius,
359 2678 434 2711 quae
450 2666 560 2700 adhuc
577 2678 637 2711 pro
654 2666 719 2699 ista
735 2666 998 2710 transgressione
1028 2665 1255 2710 suspenditur,
1272 2665 1375 2699 finem
1399 2666 1517 2699 sortita
1534 2671 1622 2699 esset

95 2711 265 2746 idoneum.
328 2713 415 2746 Cum
444 2725 521 2746 vero
549 2712 724 2758 persoluti,
752 2712 794 2745 lis
821 2712 863 2745 ad
892 2724 990 2745 suum
1014 2711 1230 2745 commodum
1259 2711 1420 2745 finietur.'
1469 2711 1623 2745 Nuntius

98 2758 163 2791 ista
187 2759 332 2792 narravit
349 2759 466 2801 domi3
492 2764 523 2792 et
542 2759 588 2792 1111
616 2759 789 2799 mirantes,
806 2759 984 2803 pecuniam
1012 2757 1251 2799 reddiderunt,
1278 2758 1459 2802 statimque
1485 2758 1528 2791 ad
1549 2760 1622 2802 ejus

98 2805 154 2849 qui
172 2805 308 2849 petebat
324 2805 518 2848 utilitatem,
535 2805 577 2838 lis
602 2805 660 2838 illa
677 2816 735 2849 per
752 2805 966 2838 concordiam
987 2810 1038 2838 est
1055 2803 1201 2849 sopita.''
1228 2804 1339 2839 Anon.
1360 2804 1455 2838 Harl.
1474 2804 1621 2849 Legend.

144 2851 156 2869 ²
182 2851 327 2897 Chapter
346 2851 517 2885 CXXIX.
537 2851 571 2884 in
589 2851 645 2884 the
665 2851 758 2885 Harl.
779 2851 853 2884 MS.
