1839 3186
156 208 183 247 4
730 217 1095 250 ARGUMENTUM.

1489 286 1684 310 CAPITULUM

160 331 377 385 Quomodo
393 330 680 386 negotiaturus
697 345 857 386 semper
873 335 1109 372 sanctorum
1126 330 1206 371 Dei
1220 330 1309 370 loca
1324 334 1486 372 sacrata

220 398 419 448 inviserit,
445 403 486 439 et
507 413 630 452 quam
653 397 800 440 devote
821 397 864 438 in
884 397 963 439 illis
983 400 1123 452 preces
1145 396 1334 438 effuderit

165 465 381 519 Quomodo
408 464 710 520 Hierosolymis
735 479 903 519 peregre
930 464 1138 519 profectus
1159 468 1248 512 est;
1287 468 1328 504 et
1350 478 1488 504 servo-

219 547 312 574 rum
350 531 490 573 domni
529 531 591 573 sui
628 531 856 586 nequitiam
890 530 1159 586 perpendens,
1199 545 1224 572 a
1259 528 1487 571 ministerio

221 599 349 655 ipsius
371 598 552 653 dilapsus
577 602 638 639 est

166 666 354 719 Qualiter
374 665 525 706 iterum
546 668 781 706 sanctorum
801 663 893 704 loca
909 662 1105 713 inviserit,
1128 667 1170 703 et
1187 667 1343 716 quanta
1367 662 1489 703 devo-

221 732 345 773 tionis
366 731 510 773 ardore
531 735 665 772 mater
684 730 793 771 illius
814 744 1010 771 succensa
1030 729 1219 770 efferbuit
1263 762 1272 770 .

167 799 357 853 Qualiter
375 798 490 853 virgo
510 796 699 852 quaedam
719 797 776 838 eis
793 796 957 837 obviam
978 795 1158 846 advenit,
1178 800 1219 836 et
1241 795 1298 836 eis
1320 810 1392 850 per
1413 794 1492 835 iter

222 865 461 906 ministrans
482 878 507 905 a
525 862 703 914 nemine,
724 862 801 904 nisi
823 863 874 903 ab
896 862 987 913 illis,
1015 862 1144 904 videri
1169 862 1349 917 potuerit

167 931 383 985 Quomodo
404 929 583 985 patriam
604 935 645 971 et
666 935 858 985 parentes
888 929 1090 980 deserens,
1112 929 1297 984 regiones
1332 928 1493 984 ignotas

224 997 387 1047 adierit,
410 997 494 1039 sive
519 996 695 1051 qualiter
718 996 760 1037 in
781 997 844 1038 his
865 1000 1130 1038 conversatus
1152 995 1276 1036 fuerit

170 1064 387 1118 Quomodo
407 1063 552 1105 urbem
577 1064 767 1105 deserens
789 1063 951 1104 deserta
972 1062 1150 1118 petierit,
1174 1068 1215 1104 et
1236 1062 1293 1104 ibi
1318 1062 1494 1117 qualiter

226 1132 334 1172 inter
355 1130 583 1172 animantia
603 1129 806 1171 indomita
828 1129 979 1171 vixerit

171 1197 359 1251 Qualiter
389 1197 556 1239 tandem
586 1196 793 1251 quendam
823 1196 1051 1238 solitarium
1087 1195 1282 1250 repperit,
1315 1200 1356 1237 et
1395 1210 1494 1250 qua·

226 1265 306 1305 lem
329 1264 428 1305 vitae
452 1263 747 1305 continentiam
770 1278 864 1304 cum
884 1262 954 1303 illo
975 1264 1205 1304 exercuerit

171 1331 306 1384 Quam
338 1331 478 1373 sedule
510 1330 727 1385 aegrotanti
757 1330 876 1371 fratri
907 1329 1228 1377 ministraverit3
1267 1334 1308 1370 et
1334 1328 1495 1383 spiritui

228 1397 488 1453 egredientis,
511 1396 589 1438 nisi
610 1397 696 1452 ipse
717 1396 761 1438 id
775 1397 957 1447 vidisset,
980 1396 1092 1437 exire
1113 1395 1343 1451 prohibuit3
1368 1395 1433 1437 vel
1454 1395 1495 1435 in

227 1480 310 1520 qua
329 1464 461 1506 forma
483 1463 673 1519 spiritum
695 1462 782 1519 ejus
806 1463 954 1505 viderit

172 1531 361 1584 Qualiter
382 1536 549 1573 sanctus
573 1530 778 1572 confessor
799 1530 968 1571 Domini
993 1529 1247 1571 Guthbertus
1269 1529 1305 1569 ei
1328 1528 1495 1574 visibili-

228 1603 295 1640 ter
313 1598 518 1654 apparuit,
542 1602 583 1639 et
613 1597 713 1651 quid
735 1597 785 1638 de
814 1596 1047 1638 solitudinis
1075 1596 1165 1637 loco
1197 1596 1232 1636 ei
1256 1595 1495 1650 praeceperit

231 1665 296 1708 vel
318 1664 556 1720 praedixerit

172 1732 237 1774 De
258 1731 403 1773 itinere
432 1731 559 1786 ipsius
580 1730 758 1772 secundo
779 1730 834 1771 ad
857 1730 1152 1780 Ierosolimam,
1179 1729 1355 1783 qualiter
1377 1727 1499 1769 nudis

231 1798 406 1854 pedibus
426 1797 650 1849 incesserit,
674 1801 715 1839 et
743 1812 837 1838 cum
865 1802 1020 1852 quanta
1047 1795 1264 1838 devotione
1292 1795 1371 1836 iter
1396 1793 1499 1835 illud

188 1891 197 1894 „
231 1865 416 1921 exegerit

175 1932 311 1987 Quam
333 1932 481 1974 devote
501 1931 592 1973 loca
613 1935 757 1972 sancta
779 1930 994 1972 invisendo
1016 1929 1276 1980 circumierit,
1300 1933 1341 1970 et
1363 1927 1500 1983 qualia

232 1998 287 2040 ad
308 1998 569 2053 sepulchrum
590 1997 760 2038 Domini
783 1997 954 2039 senserit
974 1997 1038 2039 vel
1059 1996 1237 2037 oraverit
1274 2029 1282 2036 .

176 2065 364 2119 Qualiter
385 2064 583 2119 Angliam
604 2063 765 2105 rediens
792 2064 970 2118 primum
1002 2062 1235 2105 solitudinis
1264 2063 1400 2103 locum
1430 2060 1497 2102 ha-

232 2131 337 2181 buit,
363 2130 435 2173 sed
456 2131 508 2172 ab
530 2146 577 2172 eo
602 2130 797 2185 expulsus
821 2130 1074 2171 Dunelmum
1091 2128 1251 2170 venerit
1274 2161 1283 2170 .

178 2197 395 2252 Quomodo
426 2197 478 2238 de
499 2197 707 2238 Dunelmo
738 2197 879 2238 exiens
910 2197 1046 2237 locum
1078 2201 1233 2250 optatae
1269 2193 1502 2237 solitudinis

237 2263 425 2318 quaesivit
447 2268 488 2305 et
509 2264 675 2319 reperiit

178 2331 244 2372 De
270 2331 368 2385 lupo
392 2329 605 2371 immensae
641 2328 938 2385 magnitudinis
958 2328 1026 2383 qui
1054 2328 1090 2369 ei
1113 2328 1302 2378 occurrit,
1325 2326 1501 2381 qualiter

236 2397 392 2438 orando
425 2397 604 2451 impetus
631 2395 717 2452 ejus
753 2400 794 2437 et
826 2395 932 2437 vires
968 2394 1170 2450 effugerit,
1193 2399 1317 2449 atque
1349 2393 1401 2435 ab
1432 2392 1501 2434 illo

237 2463 388 2505 illaesus
409 2463 584 2504 evaserit
637 2495 645 2504 .

182 2530 247 2571 De
280 2529 513 2571 solitudinis
543 2544 625 2571 suae
652 2529 740 2570 loco
773 2528 827 2569 ad
863 2543 983 2582 quem
1019 2526 1201 2577 divertit,
1241 2526 1372 2581 qualis
1400 2524 1504 2567 situs

241 2596 349 2637 illius
368 2595 493 2637 fuerit

183 2662 285 2716 Quis
307 2661 521 2717 episcopus
541 2661 600 2703 illi
620 2661 753 2703 locum
777 2661 911 2716 ipsum
934 2659 1105 2711 dederit,
1131 2665 1173 2702 et
1195 2675 1220 2701 a
1241 2659 1388 2714 quibus
1408 2658 1505 2699 illuc

240 2729 464 2784 perductus
484 2728 538 2770 sit

185 2795 372 2848 Qualiter
393 2794 435 2835 in
455 2809 592 2836 eremo
616 2797 880 2835 conversatus
901 2792 967 2842 sit,
996 2797 1038 2833 et
1066 2791 1271 2846 quomodo
1294 2795 1506 2846 serpentes

241 2860 426 2902 edomuit
448 2865 490 2902 et
520 2860 757 2902 consodales
792 2865 961 2914 pacatos
980 2858 1186 2909 habuerit,
1213 2862 1254 2899 et
1276 2857 1439 2912 quando
1469 2856 1505 2897 ei

242 2927 361 2969 libuit
384 2927 474 2969 illos
495 2927 545 2969 de
565 2927 655 2969 loco
677 2941 749 2969 suo
771 2925 935 2981 ejecerit

1643 408 1683 435 v.

1635 591 1689 648 vj.

1619 724 1691 781 vij.

1607 858 1689 915 viij.

1633 993 1691 1033 ix.

1638 1258 1696 1314 xj.

1624 1458 1695 1514 xij.

1607 1659 1694 1715 xiij.

1574 1872 1579 1876 ’
1600 1859 1695 1900 xiv.

1631 2008 1700 2034 xv.

1613 2123 1698 2180 xvj.

1601 2256 1702 2313 xvij.

1585 2456 1702 2513 xviij.

1616 2590 1703 2633 xix.

1633 2738 1706 2765 XX.

1776 0 1787 74 -ι-

1776 298 1790 363 l

1786 392 1790 433 ε

1791 501 1796 561 1

1793 574 1796 600 x
