1839 3186
500 238 558 269 ET
593 237 857 270 MIRACULrs
893 238 939 269 5.
955 237 1170 270 00011101.
1523 226 1599 267 131

69 343 278 385 oculorum
308 342 423 384 radio
467 343 654 384 homines
688 344 729 384 in
763 342 889 383 humo
918 342 1175 397 gradientes:
1210 345 1251 382 et
1287 341 1364 382 1100
1397 341 1502 382 forte
1542 341 1600 382 illi

70 410 209 451 divino
230 425 398 453 munere
429 410 521 450 ideo
553 410 739 465 contigit,
774 409 883 464 quod
906 409 1074 450 Rectori
1098 409 1283 449 omnium
1314 409 1483 463 spiritus
1516 406 1603 463 ejus

68 475 178 517 fideli
199 477 426 518 ministerio
448 477 684 518 deservivit.

136 542 325 599 lNempe
358 559 431 598 per
464 543 708 584 decennium
735 547 831 583 ante
869 541 996 597 ipsius
1032 541 1205 590 obitum,
1246 541 1384 581 omnia
1408 556 1497 594 quae
1530 556 1604 594 per

70 609 212 651 decem
230 610 422 651 milliaria
443 610 549 650 circa
578 625 671 650 eum
699 608 990 663 circumposita
1017 613 1133 648 erant
1171 622 1243 648 seu
1277 606 1445 656 fiebant,
1469 607 1603 647 cordis

71 674 157 731 ejus
179 677 306 718 oculis
327 677 468 732 pervia
504 681 545 717 et
574 681 674 717 nota
704 680 833 725 erant,
858 681 899 716 et
922 675 1082 729 singula
1117 679 1259 728 aperte
1295 674 1524 728 patebant3
1561 678 1602 714 et

69 743 281 784 multoties
306 743 362 784 ac
376 741 534 783 infinite
552 743 764 784 consuevit-
784 742 922 783 omnia
938 741 1150 782 terrestria
1171 745 1212 781 et
1234 740 1444 781 mundana
1476 740 1604 781 oeulis

69 810 152 851 suis
174 810 341 851 subdita
364 809 472 850 clare
502 810 652 850 videre.
715 809 820 849 Haec
855 814 896 849 et
929 808 1121 863 perplura
1145 808 1209 849 his
1239 807 1387 848 similia
1419 807 1470 847 de
1506 807 1605 848 eivi-

69 877 227 918 tatibus
247 876 401 923 multis,
424 876 524 917 locis
546 876 610 917 vel
637 876 871 917 diversoriis
900 875 1023 930 plano
1045 874 1180 915 relatu
1202 874 1406 923 disseruit,
1442 873 1602 928 quibus,

71 943 230 998 Spiritu
252 943 438 992 docente,
462 943 563 984 talia
585 942 885 983 committenda
904 941 1118 996 persensit.
1157 940 1266 981 Nam
1289 941 1604 995 simplicioribus

68 1009 126 1050 nil
146 1010 224 1050 11151
247 1009 297 1049 (10
319 1010 552 1049 animarum
573 1009 760 1063 profectu
782 1008 844 1049 vel
869 1008 1036 1049 consilio
1058 1007 1315 1062 loquebatur,
1337 1023 1408 1062 pro
1430 1022 1603 1062 quorum

70 1076 196 1116 etiam
218 1076 420 1117 erratibus
453 1091 501 1116 ac
531 1076 706 1116 miseriis
741 1075 955 1116 multoties
983 1075 1162 1128 querulis
1182 1074 1352 1115 vocibus
1384 1074 1605 1114 illacrima-

70 1142 207 1183 batur.
271 1141 507 1197 Spiritualis
551 1143 661 1183 enim
694 1141 830 1191 homo,
867 1146 914 1182 ut
956 1140 1038 1181 Qa-it
1071 1140 1218 1182 beatus
1256 1140 1428 1188 Paulus,
1466 1140 1605 1181 onmia

61 1206 239 1264 judicat,
275 1214 317 1250 et
355 1209 442 1264 ipse
476 1224 501 1249 a
526 1209 690 1250 nemine
721 1207 985 1264 dijudicatur.
1050 1207 1229 1262 Spiritus
1265 1207 1374 1248 enim
1412 1206 1603 1256 Sanetus,

71 1275 152 1328 Qui
175 1290 316 1316 eorum
338 1291 379 1317 se
401 1275 612 1330 spiritibus
641 1276 864 1316 elementer
885 1274 1028 1316 inserit
1050 1279 1091 1315 et
1112 1274 1307 1323 infundit,
1333 1273 1427 1328 Ipse
1451 1273 1605 1315 talibus

68 1342 167 1384 viris
194 1343 270 1383 sibi
304 1342 451 1384 dicatis
471 1343 604 1383 multa
631 1347 789 1384 secreta
817 1347 858 1383 et
892 1342 1034 1396 ignota
1070 1342 1226 1382 revelat
1258 1356 1306 1381 ae
1338 1340 1524 1395 detegit3
1562 1346 1603 1381 et

70 1409 175 1450 sicut
216 1409 271 1450 ad
305 1409 519 1450 citharoedi
545 1413 783 1450 contactum
805 1423 1060 1463 unaquaeque
1082 1408 1237 1449 chorda
1258 1407 1425 1448 discreti
1447 1407 1605 1448 sonitus

68 1476 350 1517 modulamina
373 1475 524 1524 effleit;
552 1476 610 1517 sic
633 1476 813 1530 Spiritus
839 1474 1017 1516 Sanetus
1035 1490 1158 1516 venas
1172 1474 1306 1516 cordis
1327 1474 1602 1529 spiritualium

68 1542 283 1584 hominum
304 1547 491 1598 tangens,
511 1543 693 1584 diversas
709 1542 912 1583 virtutum
935 1541 1144 1583 effectivas
1165 1541 1372 1597 potentias
1388 1540 1403 1562 ³
1410 1541 1534 1596 parit.

117 1654 126 1673 ¹
149 1652 302 1699 Nempe]
328 1653 402 1687 The
426 1666 504 1699 pass
499 1666 567 1699 age
592 1654 777 1699 beginning
801 1654 881 1687 11010
900 1653 966 1686 and
992 1652 1116 1697 ending
1134 1652 1215 1685 with
1234 1652 1291 1685 the
1309 1652 1400 1685 word
1420 1654 1440 1671 “
1456 1652 1604 1685 (1110150

70 1699 150 1743 1115,’
155 1700 210 1733 ’15
227 1700 360 1733 written
379 1701 413 1734 in
431 1701 489 1734 the
511 1701 641 1746 margin
636 1682 697 1733 Dof
713 1701 757 1734 Β.
776 1701 810 1733 111
828 1713 847 1733 a
865 1700 1022 1733 different
1039 1699 1140 1733 hand.
1193 1699 1266 1732 The
1293 1699 1390 1732 Hznul
1408 1698 1483 1734 MS.
1502 1699 1603 1732 omits

70 1746 97 1780 it
114 1758 150 1779 as
167 1747 216 1780 far
233 1758 269 1780 as
287 1746 344 1780 the
361 1747 471 1780 words
490 1749 511 1766 “
525 1748 613 1781 clare
631 1747 782 1781 videre.”

116 1794 129 1812 ⁵²
148 1793 210 1826 Ait
228 1794 337 1826 heatus
354 1794 511 1840 Paulus]
537 1797 552 1827 1
576 1794 652 1827 Cor.
669 1794 704 1828 ii.
724 1797 778 1827 15.

119 1839 132 1858 ³
149 1839 278 1885 Paria]
304 1841 324 1858 “
337 1840 400 1873 Vir
419 1840 482 1874 Dei
502 1840 631 1874 solebat
650 1840 812 1874 divinitus
839 1839 1065 1873 remotissima
1086 1845 1245 1904 tanquam
1271 1838 1427 1883 proxima
1452 1843 1603 1871 contem-

69 1886 179 1931 plari3
206 1886 296 1919 unde
320 1886 418 1920 nobis
444 1887 644 1932 quandoque
669 1887 869 1929 astantibus,
895 1886 943 1919 ita
968 1886 1124 1919 dicebat:
1152 1884 1280 1918 ‘Paulo
1306 1890 1384 1918 ante
1401 1885 1449 1918 fui
1473 1885 1604 1918 101050-

69 1933 182 1977 lymis,
201 1938 234 1966 et
251 1932 298 1966 ibi
315 1945 401 1966 nova
419 1934 592 1979 conspexi,
611 1933 769 1967 videlieet
786 1933 930 1966 aedificia
948 1932 1045 1976 dirui,
1065 1944 1139 1977 quae
1157 1931 1237 1965 olim
1257 1931 1405 1964 videiam
1423 1930 1603 1964 sublimius

70 1979 249 2012 fabricari?
311 1979 474 2014 Similiter
498 1980 596 2014 nobis
622 1980 793 2013 indicabat
818 1980 961 2024 figmam
987 1986 1020 2012 et
1046 1980 1149 2012 situm
1179 1978 1385 2011 diversarum
1414 1979 1600 2023 r'egionum,

69 2026 203 2059 urbium
230 2031 263 2059 et
287 2025 450 2071 locorum,
476 2027 564 2060 sicut
593 2039 654 2060 nos
683 2033 800 2071 postea
819 2038 934 2059 velum
965 2038 1038 2059 esse
1066 2025 1304 2071 comperimus
1355 2024 1549 2070 Aliquando
1567 2036 1603 2058 50

68 2084 170 2106 naves
196 2072 230 2105 in
255 2072 373 2125 pelago
398 2074 628 2118 periclitantes
653 2073 767 2106 videre
793 2072 938 2116 dicebat,
965 2073 1112 2106 referens
1138 2072 1307 2117 quomodo
1333 2083 1368 2104 se
1393 2078 1474 2104 tunc
1500 2071 1602 2105 habe-

69 2125 143 2152 rent
161 2119 234 2152 vela
252 2120 346 2153 naris
364 2120 455 2154 illius
473 2126 531 2153 aut
549 2120 651 2163 illius,
667 2126 699 2153 et
718 2120 812 2154 remi.
865 2120 986 2152 Portus
1005 2131 1138 2164 quoque
1156 2118 1223 2151 illis
1240 2118 1431 2151 mortiferos
1448 2118 1604 2151 nomina-

70 2166 116 2198 vit
120 2165 326 2218 fpifedicens
345 2166 401 2199 ubi
421 2173 533 2200 essent
550 2172 668 2212 postea
682 2166 930 2211 submergendi.
978 2166 1190 2210 Quandoque
1208 2176 1397 2198 seimonem
1417 2165 1480 2199 sibi
1500 2164 1603 2198 collo-

70 2213 533 2265 quentiuminterrumpebat,
546 2214 681 2247 dicens:
700 2213 874 2256 ‘Oi-emus,
886 2213 1004 2246 1111105
1008 2213 1106 2257 ,quia
1119 2212 1213 2245 navis
1226 2211 1456 2264 periclitatur
1448 2224 1480 2245 111
1495 2211 1603 2245 mari.’

71 2259 115 2291 Et
126 2259 215 2292 facta
228 2259 389 2303 oratione,
402 2259 555 2294 dicebat:
576 2262 583 2278 ‘
596 2259 703 2293 Modo
716 2260 891 2305 applicuit,
907 2268 938 2292 et
952 2260 1102 2304 pericula
1115 2258 1328 2304 tempestatis
1340 2258 1457 2291 evasit.
1461 2258 1470 2269 '
1504 2258 1602 2291 Dixit

69 2306 159 2338 enim
174 2305 263 2358 quod
281 2305 364 2339 adeo
378 2307 554 2351 perspicue
568 2306 704 2340 videbat
721 2305 831 2339 cmdis
849 2312 989 2351 aspectu
1007 2318 1103 2350 naxig
1102 2312 1204 2339 antes
1222 2305 1256 2338 in
1273 2305 1370 2347 mari,
1389 2305 1477 2338 sicut
1495 2305 1602 2338 oculis

69 2352 251 2404 corpor-ise
235 2351 450 2386 wradientes'
442 2365 476 2386 111
494 2359 593 2386 ’[01·.10.
644 2353 813 2398 Equidem
831 2364 890 2404 pei
907 2353 1110 2386 decennium
1136 2358 1214 2385 ante
1232 2351 1338 2396 ipsius
1357 2351 1499 2395 obitum,
1519 2352 1604 2385 vidit

70 2398 184 2431 omnia
209 2410 283 2443 quae
308 2398 435 2432 fiebant
451 2411 510 2444 pei
531 2400 647 2433 decem
674 2399 831 2432 milliaria
857 2411 945 2432 eirca
970 2400 1095 2445 ipsum.
1144 2398 1324 2432 Multoties
1349 2404 1463 2431 autem
1490 2399 1604 2431 omnia

71 2456 146 2489 quae
163 2445 197 2477 in
216 2444 343 2478 mundo
361 2452 456 2479 erant
473 2445 592 2479 solitus
620 2452 669 2479 est
688 2446 812 2479 videre
864 2445 1013 2489 Hujusni
1002 2445 1071 2479 odi
1090 2457 1167 2478 1010
1185 2445 1331 2478 115101105
1357 2456 1422 2478 11011
1445 2445 1603 2478 omnibus

71 2502 174 2524 enan
168 2491 257 2532 rbat
283 2491 342 2524 sed
367 2492 408 2525 iis
427 2498 558 2525 tantun]
581 2492 703 2537 quibus
720 2492 753 2525 id
773 2498 963 2538 competere
983 2491 1173 2536 judicabat.
1222 2491 1493 2536 Simplicioribus
1511 2492 1601 2524 enim

71 2537 155 2570 nihil
172 2538 235 2570 nisi
255 2537 296 2571 de
314 2538 464 2572 consiliis
482 2539 604 2572 animae
622 2538 675 2572 vel
693 2538 851 2572 remediis
868 2545 1025 2585 peccator
1030 2550 1100 2580 um,
1119 2544 1152 2572 et
1169 2537 1234 2572 hoc
1251 2549 1341 2584 saepe
1358 2538 1539 2572 lacrimans
1553 2538 1603 2571 lo-

72 2584 272 2629 quebaturff'
299 2584 411 2618 Anon
430 2585 525 2620 Harl
545 2585 694 2631 Legend.
