1839 3186
187 171 272 211 162
714 179 949 213 LIBELLUS
984 181 1049 213 DE
1084 181 1199 214 VITA

189 384 277 410 CAP.
317 384 449 410 LXXII.
510 383 703 413 QUOMODO
750 385 963 411 MALIGNUS
1015 386 1193 412 SPIRITUS
1231 386 1327 412 VIRO
1363 385 1430 411 DEI
1476 384 1550 410 SUB
1597 385 1729 411 SPEOIE

247 450 466 476 PEREGRINI
496 450 716 486 APPARUIT,
742 452 877 481 ATQUE
907 452 1184 478 ELEEMOSINAS
1216 453 1292 479 SIBI
1322 452 1421 478 DARI
1451 452 1657 485 PETIER1T3
1680 452 1729 477 ET

249 517 418 547 QUANTA
450 517 751 544 TEMPTATIONIS
786 519 899 544 AURA
931 519 1079 545 POSTEA
1115 519 1339 546 SUBSECUTA
1362 501 1461 544 SIT.1

251 618 269 671 ᾗ
293 620 391 660 152.
424 618 624 660 TEMPORE
653 618 733 660 alio
770 618 931 668 aestivo,
952 617 1112 659 fervore
1135 617 1216 659 diei
1238 619 1465 661 exsistente
1486 618 1728 669 meridiano,

194 685 257 727 vir
275 685 357 727 Dei
393 684 469 727 ²de
500 686 610 727 intro
641 685 818 735 exstitit,
842 689 884 726 et
905 683 1027 725 alicui
1059 684 1211 725 coelesti
1233 686 1346 740 operi
1368 701 1535 741 operam
1557 686 1732 727 devotus

193 751 426 807 impendit3
461 756 503 793 et
532 766 638 802 ecce,
673 751 842 806 quidam
875 750 930 791 ad
965 750 1072 792 fores
1107 750 1235 805 ipsius
1269 751 1436 806 pulsans
1471 752 1621 807 aperiri
1654 751 1731 793 sibi

194 818 390 874 postulat,
420 819 490 873 qui
510 818 644 860 forma
676 822 718 859 et
757 817 905 859 habitu
940 816 1054 858 velut
1087 817 1325 872 peregrinus
1363 818 1604 873 apparebat,
1642 818 1731 873 pul-

196 900 370 939 sansque
410 885 465 926 ad
494 884 601 926 fores
635 884 807 926 reserari
845 883 922 925 sibi
961 883 1130 937 querulo
1167 884 1344 926 clamore
1377 885 1578 940 deplorat,
1613 890 1655 926 et
1688 900 1730 926 se

195 951 376 1006 aliquem
408 951 533 994 fuisse
564 950 812 992 heremitam
840 949 883 991 in
919 950 1109 1005 proximo
1148 956 1474 993 commorantem
1506 952 1730 993 asserebat.

197 1017 289 1071 Quo
311 1017 450 1059 sonitu
486 1017 614 1073 ipsius
635 1017 860 1073 ³pulsantis
880 1015 1067 1058 minister
1087 1017 1194 1059 servi
1216 1017 1296 1058 Dei
1326 1017 1654 1073 expergefactus,
1677 1017 1733 1059 ad

189 1082 365 1139 januam
388 1099 487 1125 mox
528 1084 722 1134 cucurrit,
765 1083 977 1126 sciscitans
1015 1083 1204 1138 quisnam
1241 1084 1309 1126 ille
1344 1084 1490 1127 fuisset
1523 1085 1593 1139 qui
1630 1083 1730 1126 4tali

195 1150 299 1192 hora
321 1151 392 1192 illo
413 1150 660 1194 advenisset.
722 1150 785 1191 At
808 1150 878 1191 ille
898 1146 1079 1191 ⁵batello
1098 1150 1281 1193 exterius
1297 1150 1558 1206 appendente
1579 1150 1731 1192 iterum

196 1217 304 1268 ferit,
346 1222 388 1259 et
431 1218 539 1259 ictus
567 1217 810 1272 ingeminat,
849 1216 1068 1258 obsecrans
1103 1221 1150 1258 ut
1183 1232 1348 1259 servum
1375 1218 1457 1259 Dei
1484 1217 1562 1260 sibi
1588 1217 1731 1260 videre

196 1284 333 1325 liceat.
367 1284 527 1337 Quibus
543 1298 660 1326 servo
677 1283 758 1324 Dei
780 1283 953 1324 interius
970 1283 1202 1324 demoranti
1220 1279 1518 1334 6denunciatis,
1533 1284 1730 1340 praecepit

196 1356 244 1391 ut
275 1350 334 1392 illi
365 1351 524 1392 clausas
547 1350 655 1393 fores
685 1354 899 1400 reseraret,
922 1354 964 1390 et
985 1364 1079 1390 eum
1104 1349 1158 1390 ad
1188 1365 1230 1392 se
1263 1351 1433 1392 introire
1454 1351 1729 1406 permitteret.

197 1417 278 1470 Qui
299 1416 354 1458 ad
375 1432 470 1459 eum
496 1416 709 1466 accedens,
743 1421 841 1458 ante
874 1416 1019 1458 limina
1046 1416 1246 1458 Ecclesiae
1272 1417 1448 1473 genibus
1474 1417 1733 1473 procurvatis

196 1484 486 1539 prosternitur,
530 1488 572 1525 et
608 1482 879 1539 supplicando
912 1482 1103 1538 precibus
1142 1484 1337 1538 explosus
1369 1482 1570 1534 efficitur3
1610 1498 1732 1539 quem

195 1565 313 1604 aquae
333 1550 562 1592 benedictae
593 1565 685 1591 rore
717 1549 980 1604 perfundens,
1016 1549 1067 1591 de
1094 1553 1218 1591 terrae
1246 1550 1403 1605 gremio
1429 1550 1628 1593 elevando
1647 1565 1733 1592 sus-

196 1617 308 1667 tulit,
342 1621 384 1658 et
419 1617 462 1658 in
500 1616 691 1658 cellulam
716 1615 899 1657 Oratorii
926 1616 989 1658 sui
1021 1615 1268 1658 introduxit.
1340 1617 1420 1670 Qui
1454 1617 1607 1658 iterum
1638 1631 1732 1658 cum

196 1698 314 1725 servo
336 1683 417 1725 Dei
439 1683 481 1725 in
503 1683 689 1724 oratione
710 1687 919 1738 prostrato
943 1683 1247 1732 consternitur-3
1287 1687 1328 1725 et
1362 1698 1409 1724 eo
1445 1688 1731 1739 consurgente,

197 1764 296 1791 mox
322 1750 454 1791 elatus
473 1749 673 1804 erigit-un
708 1749 777 1804 qui
799 1764 842 1791 se
874 1748 1052 1790 invicem
1074 1749 1395 1801 consalutantes,
1418 1750 1664 1803 residerunt,
1691 1754 1732 1791 et

197 1816 427 1858 diutissime
448 1816 585 1859 verbis
606 1830 693 1858 sese
717 1816 1001 1858 consolatoriis
1024 1816 1275 1858 refoverunt.

258 1883 280 1938 ᾗ
304 1885 401 1925 153.
437 1882 568 1925 ⁷Erat
589 1882 652 1924 vir
683 1882 751 1923 ille
773 1897 967 1937 procerus
996 1887 1158 1924 statura
1178 1888 1219 1924 et
1240 1882 1440 1938 hispidus,
1464 1897 1582 1924 coma
1601 1882 1731 1937 nigra,

200 1954 241 1990 et
269 1949 414 1992 villoso
435 1949 606 1991 indutus
639 1949 789 1991 habitu
817 1948 924 1991 sicut
944 1947 1182 1999 3caracalla,
1204 1964 1296 2003 quae
1318 1950 1477 1991 hirsuto
1499 1949 1671 1990 interius
1692 1953 1734 1990 et

200 2016 385 2058 exterius
407 2016 514 2072 riget
538 2020 723 2071 aspectu.
786 2013 916 2071 Cujus
937 2015 1151 2057 caracallae
1174 2015 1464 2057 indumentum
1487 2016 1530 2057 in
1553 2015 1735 2057 humeris

249 2116 258 2135 ¹
278 2116 426 2162 Chapter
444 2116 579 2150 LXXI.
597 2117 632 2150 in
650 2116 708 2150 the
727 2116 822 2151 Harl.
842 2116 919 2150 MS.
1096 2116 1110 2137 ²
1128 2116 1186 2151 De
1203 2116 1323 2163 intra]
1351 2116 1404 2150 De
1422 2116 1526 2161 intus,
1546 2115 1594 2151 H.

249 2162 263 2184 ³
281 2163 483 2208 Pulsantis.]
508 2163 680 2197 Pulsantis
698 2163 859 2208 strepitus
876 2162 1042 2207 minister,
1064 2162 1112 2196 H.

250 2210 262 2228 ⁴
285 2209 361 2242 Tali
376 2209 485 2256 l10ra.]
513 2209 689 2255 Although
706 2210 733 2243 it
747 2210 775 2243 is
789 2209 899 2243 stated
913 2209 986 2243 that
999 2215 1033 2243 at
1046 2209 1104 2243 the
1122 2209 1205 2243 time
1216 2209 1313 2243 when
1327 2209 1396 2243 this
1410 2208 1561 2243 incident
1574 2209 1735 2243 occurred

203 2255 252 2290 St.
266 2255 392 2289 Godric
409 2268 478 2289 was
495 2256 645 2301 engaged
671 2261 705 2289 at
721 2255 779 2289 the
804 2256 1021 2290 accustomed
1047 2255 1233 2299 devotions,
1259 2262 1317 2301 yet
1334 2256 1392 2289 the
1417 2261 1556 2289 context
1572 2267 1682 2289 seems
1700 2261 1735 2288 to

203 2301 311 2347 imply
321 2301 395 2335 that
412 2302 480 2336 this
497 2314 565 2336 was
583 2308 642 2336 not
658 2302 716 2336 the
730 2302 811 2348 only
826 2314 945 2336 reason
962 2302 1041 2348 why
1055 2302 1112 2336 the
1131 2302 1229 2336 doors
1246 2314 1333 2336 were
1351 2302 1476 2346 closed,
1494 2301 1561 2335 and
1578 2314 1597 2335 a
1611 2302 1690 2335 visit
1700 2307 1735 2335 at

204 2348 289 2382 such
314 2360 333 2381 a
356 2348 473 2393 period
498 2348 698 2382 considered
722 2349 989 2393 extraordinary.
1040 2349 1072 2382 It
1089 2360 1156 2382 was
1181 2349 1346 2394 probably
1370 2349 1405 2382 in
1429 2348 1635 2382 accordance
1652 2348 1735 2382 with

203 2394 261 2427 the
279 2400 411 2428 custom
434 2395 631 2428 mentioned
648 2395 682 2428 in
700 2395 758 2428 the
776 2395 864 2428 Rule
889 2395 927 2428 of
948 2395 1149 2439 St.lsidore‚
1176 2407 1249 2441 cap.
1271 2398 1325 2438 10,
1351 2395 1476 2440 quoted
1501 2395 1547 2439 by
1565 2394 1734 2438 Martene,

206 2440 248 2474 de
266 2441 384 2485 Antiq.
411 2440 609 2474 Monachor.
635 2441 784 2481 Ritibus,
803 2441 825 2475 i.
850 2441 898 2475 ix.
919 2439 937 2486 ξ
959 2444 993 2475 9.
1041 2442 1243 2487 “Tempore
1269 2454 1335 2486 quo
1362 2441 1555 2475 refectionis
1580 2440 1734 2474 debitum

205 2487 357 2530 solvitur,
371 2486 518 2521 claustra
534 2487 729 2520 monasterii
748 2487 955 2531 obserentur,
972 2499 1036 2521 nec
1053 2487 1144 2521 ullus
1156 2493 1338 2521 extraneus
1356 2488 1519 2521 interesse
1535 2492 1733 2532 praesumat,

314 2533 319 2539 .
780 2533 786 2539 .
906 2533 912 2539 .
1023 2534 1028 2540 .
1082 2534 1103 2548 ,‚

205 2533 1145 2626 ῃθὖᾳὲιῗῖἓίῐίῐίι).Ῠᾶὧῗὲῗῐῐιὶοὲἷζῗτεθέἓζαῗῗῃὲῗἷξῑόἑᾶἓοοῐ.
1181 2580 1213 2613 It
1230 2580 1259 2613 is
1276 2579 1456 2624 explained
1473 2579 1520 2624 by
1536 2578 1592 2612 Du
1608 2578 1734 2623 Gange,

208 2626 246 2670 (i.
262 2627 368 2671 1069)
380 2638 416 2660 as
435 2627 457 2644 “
469 2626 573 2659 Clava
590 2636 764 2670 campanae
778 2624 810 2666 ;''
836 2636 892 2658 see
920 2625 992 2658 also
1010 2627 1031 2644 “
1046 2625 1192 2659 Batillus
1207 2626 1227 2641 ’⁷
1242 2637 1285 2659 on
1307 2626 1365 2658 the
1391 2637 1484 2658 same
1500 2636 1586 2670 page
1610 2624 1648 2657 of
1660 2624 1735 2657 that

207 2673 382 2717 Glossary.
431 2672 463 2705 It
480 2672 509 2705 is
527 2671 610 2705 used
627 2671 661 2704 in
679 2671 747 2704 this
764 2682 862 2704 sense
878 2671 925 2716 by
943 2671 1120 2716 Reginald,
1139 2671 1181 2705 de
1199 2672 1322 2706 Mirac.
1340 2671 1374 2705 S.
1391 2671 1517 2705 Cuthb.
1534 2683 1568 2716 p.
1587 2671 1665 2706 170.

253 2719 267 2738 ⁶
287 2717 534 2764 Denunciatis]
561 2717 793 2760 Renunciaffis,
815 2717 862 2749 H.

254 2764 268 2789 ⁷
288 2764 406 2811 Erat]
435 2765 600 2809 Compare
617 2776 637 2797 a
653 2763 782 2797 similar
799 2763 1002 2808 description
1020 2768 1055 2796 at
1074 2760 1092 2807 ξ
1111 2765 1191 2797 248.

254 2812 268 2832 ⁸
289 2810 494 2857 Caracalla]
524 2810 564 2843 In
582 2810 639 2844 the
664 2809 794 2854 margin
812 2810 850 2842 of
863 2809 939 2843 MS.
961 2809 1004 2843 B.
1022 2809 1051 2842 is
1068 2809 1136 2842 this
1161 2814 1240 2842 note
1264 2809 1310 2854 by
1328 2809 1385 2842 the
1402 2810 1476 2842 first
1493 2809 1582 2842 hand
1599 2821 1606 2843 :
1633 2810 1655 2827 “
1670 2808 1735 2842 Oa-

208 2857 331 2891 racalla
348 2863 398 2890 est
411 2859 513 2890 vestis
527 2856 656 2899 villosa,
668 2868 743 2901 quae
756 2855 900 2900 Anglice
915 2855 1038 2889 dicitur
1052 2857 1061 2874 ζ
1075 2855 1183 2888 Bratt’
1201 2855 1253 2888 vel
1272 2858 1281 2874 ‘
1297 2855 1434 2889 Hakel.’
1449 2855 1470 2870 ”
1497 2856 1609 2888 These
1626 2855 1735 2888 words

208 2904 338 2948 require
355 2915 375 2936 a
392 2903 484 2947 short
502 2902 717 2937 illustration.
768 2901 841 2935 The
860 2904 882 2920 “
895 2901 1087 2935 caracalla”
1106 2913 1174 2935 was
1190 2913 1210 2935 a
1226 2902 1332 2946 rough
1350 2907 1445 2935 outer
1460 2906 1615 2946 garment
1629 2913 1637 2942 ;
1663 2901 1689 2934 it
1706 2901 1734 2934 is
