1839 3186
509 226 566 256 ET
600 225 863 257 MIRACULIS
901 225 936 256 s.
970 221 1184 255 GODRICI.
1562 210 1616 249 43

79 329 293 385 Baptistae,
327 328 505 371 ¹virecta
544 329 766 370 herbarum
801 328 1040 383 aliquandiu
1072 327 1327 378 comedebat,
1361 330 1402 367 et
1434 325 1514 367 mel
1546 325 1613 367 sil-

77 401 211 438 vestre
230 414 241 445 3
276 401 317 437 et
340 395 533 450 quicquid
557 396 594 436 ei
615 401 768 450 praeter
791 396 879 436 haec
896 396 938 437 in
954 394 1089 436 victus
1110 394 1305 435 alimonia
1326 392 1470 443 defuit,
1494 393 1612 447 copia

76 463 188 518 pomi
227 462 423 505 silvestris
459 477 554 503 cum
593 462 809 517 glandium
851 467 892 503 et
934 476 1088 503 nucum
1126 460 1351 501 acrimonia
1386 459 1610 501 austeriore

77 530 295 584 supplevit.
359 529 485 570 Nulla
515 529 552 569 ei
584 528 904 570 conversationis
938 527 1105 569 interim
1136 532 1250 568 certa
1285 526 1402 568 sedes
1432 526 1608 576 exstitit,

77 596 150 638 sed
178 611 307 651 vagus
337 600 378 637 et
408 596 605 650 profugus
635 602 759 650 atque
793 595 999 649 solivagus
1033 594 1141 635 inter
1176 593 1381 634 indomita
1417 592 1612 634 animalia

76 662 170 704 fuit.
233 662 482 716 Ubicunque
515 662 551 703 ei
586 677 670 703 nox
704 661 981 717 proveniendo
1012 660 1175 711 accidit,
1208 660 1266 702 ibi
1297 675 1419 715 super
1455 659 1611 700 nudam

76 729 250 770 humum
287 729 523 770 recubando
558 728 726 783 quievit,
761 743 844 769 non
878 733 1020 770 tamen
1055 727 1213 782 soporis
1252 726 1410 768 inertiae
1443 730 1610 767 tantum

77 811 225 837 vacare
266 796 437 846 studuit,
484 795 582 850 quin
617 796 743 837 immo
774 794 1023 850 perplurime
1058 794 1191 835 noctis
1223 798 1386 848 partem
1419 792 1460 833 in
1495 808 1613 834 sanc--

77 868 216 904 tarum
238 862 422 904 excubiis
453 862 701 912 orationum,
725 867 926 916 quantum
950 861 1084 902 carnis
1104 860 1307 916 fragilitas
1325 859 1608 915 permittebat,

80 929 270 971 exsolvit.
355 929 639 983 Quaecumque
664 928 905 970 animalium
936 927 1234 969 indomitorum
1254 942 1407 982 genera
1428 926 1608 975 inimica,

78 996 314 1050 serpentina
349 996 414 1036 vel
444 994 647 1050 2vulpina,
684 995 739 1036 ad
775 993 862 1050 ejus
898 994 1086 1035 cubicula
1120 993 1296 1035 fortuitu
1329 993 1608 1048 impegissent,

77 1077 209 1116 neque
242 1061 351 1103 saltu
376 1061 442 1103 vel
477 1061 636 1117 impetu
672 1061 811 1102 diduci
845 1066 1128 1111 consueverat,
1167 1075 1376 1115 quousque
1411 1060 1463 1101 ab
1502 1059 1611 1101 illius

78 1128 312 1183 aspectibus
342 1128 504 1183 longius
546 1128 850 1183 processissent.
913 1127 1206 1169 Adventantes
1236 1127 1379 1181 itaque
1408 1141 1502 1167 cum
1535 1126 1607 1167 im-

77 1200 176 1250 petu
192 1195 378 1250 prosilire
397 1213 407 1244 ;
432 1195 567 1250 ipsum
588 1210 685 1237 vero
708 1195 864 1236 diutius
884 1194 1106 1244 intuentes,
1125 1209 1225 1235 mox
1246 1208 1340 1234 eum
1362 1193 1473 1234 omni
1495 1208 1609 1234 man-

79 1261 307 1303 suetudinis
348 1262 626 1317 temperantia
672 1261 925 1317 retrogradis
962 1260 1189 1302 recessibus
1234 1259 1437 1315 paulatim
1476 1259 1609 1314 digre-

80 1328 230 1369 diendo
265 1328 423 1377 redire3
463 1328 652 1383 quaedam
675 1344 769 1370 vero
792 1327 975 1383 ipsorum
1006 1342 1304 1370 venenosorum
1336 1326 1611 1368 animantium

79 1393 166 1450 ejus
191 1394 299 1436 circa
319 1394 452 1436 cubile
473 1395 798 1450 perambulando
819 1395 1023 1450 irrepere;
1059 1394 1261 1449 quaedam,
1281 1393 1396 1448 quasi
1418 1393 1493 1435 sub
1516 1392 1608 1434 ³ad-

79 1461 309 1512 miratione,
349 1461 466 1502 illum
489 1461 718 1503 diutissime
749 1461 982 1503 contuendo
1004 1461 1254 1509 subsistere3
1294 1460 1374 1502 alia
1396 1459 1531 1515 ipsum
1550 1459 1609 1502 vi-

80 1527 221 1569 dentia
256 1528 399 1569 statim
439 1528 608 1570 dimissa
645 1528 802 1570 cervice
832 1528 1050 1577 recedere3
1089 1527 1297 1578 nonnulla,
1333 1526 1422 1582 ipso
1454 1531 1612 1567 transe-

78 1598 191 1645 unte,
214 1609 256 1636 se
286 1594 498 1636 calcabilia
522 1610 593 1636 seu
616 1595 754 1644 etiam,
779 1595 812 1636 si
833 1595 993 1645 liberet,
1017 1610 1059 1636 se
1082 1595 1119 1635 ei
1143 1593 1365 1649 palpabilia
1394 1593 1575 1648 praebere
1596 1610 1608 1642 ς

78 1665 215 1715 atque,
239 1665 286 1701 ut
308 1660 394 1715 ipse
416 1661 563 1716 saepius
584 1661 734 1702 referre
766 1661 910 1703 solitus
940 1661 1033 1712 fuit,
1067 1676 1142 1702 nec
1175 1660 1308 1715 magis
1332 1659 1383 1700 de
1404 1659 1608 1714 aspidum,

76 1727 141 1768 vel
162 1732 412 1781 serpentum,
433 1728 497 1768 Vel
519 1728 718 1768 bufonum
740 1728 937 1769 societate
958 1727 1176 1777 inhorruit,
1200 1741 1323 1781 quam
1351 1727 1385 1767 si
1419 1741 1611 1767 anserum

76 1793 294 1848 gannitum
333 1808 403 1834 seu
433 1794 638 1848 gallorum
676 1799 845 1834 cantum
881 1794 1043 1835 audisse
1074 1792 1270 1848 potuerit.
1348 1791 1475 1833 Unde
1508 1792 1612 1833 illud

77 1859 321 1914 praesagium
344 1860 630 1914 propheticum
664 1860 822 1901 meritis
844 1859 966 1915 hujus
987 1860 1064 1901 viri
1085 1858 1101 1881 4
1115 1862 1328 1909 consonat,
1349 1859 1420 1900 ubi
1442 1857 1458 1880 ⁵
1471 1858 1611 1901 David

79 1926 292 1981 Propheta
327 1925 381 1966 ad
403 1925 557 1968 Christi
575 1941 792 1981 personam
814 1927 940 1969 verba
961 1932 1204 1969 convertens
1228 1930 1463 1967 constanter
1485 1941 1610 1967 enun-

125 2031 135 2050 ¹
161 2031 293 2066 Virecta
309 2031 511 2078 herbarum]
540 2032 572 2065 S.
585 2031 768 2066 Matth.iii.
788 2034 821 2074 4,
835 2030 946 2063 where
958 2030 1015 2063 the
1029 2030 1190 2074 Vulgate,
1208 2031 1381 2076 following
1398 2031 1447 2066 St.
1462 2032 1484 2065 J
1487 2044 1611 2076 erome,

76 2078 212 2112 renders
239 2078 371 2123 ἀκρίδες
394 2078 441 2124 by
469 2079 527 2112 the
560 2078 659 2111 Latin
691 2078 881 2111 “Locustae
896 2077 929 2118 ;”
964 2076 1022 2110 the
1047 2083 1183 2122 present
1209 2078 1418 2122 translation,
1444 2078 1610 2121 however,

75 2125 103 2158 is
121 2126 303 2170 supported
318 2125 362 2170 by
374 2125 581 2170 Euthymius
600 2124 666 2157 and
686 2123 932 2169 Theophylact.
983 2123 1015 2156 It
1028 2123 1149 2168 might,
1166 2124 1321 2170 perhaps,
1339 2125 1382 2159 be
1395 2125 1612 2169 conjectured

76 2171 149 2204 that
167 2171 250 2205 such
268 2183 287 2204 a
303 2171 513 2205 remarkable
539 2171 708 2205 deviation
727 2182 762 2204 as
781 2171 838 2203 the
855 2175 990 2215 present
1007 2169 1093 2203 from
1107 2170 1165 2203 the
1190 2171 1370 2217 rendering
1387 2172 1424 2205 of
1444 2172 1501 2205 the
1526 2172 1610 2206 Vul-

75 2224 152 2262 gate
177 2218 244 2251 had
269 2218 355 2251 been
381 2218 480 2251 made
502 2218 548 2263 by
570 2217 737 2262 Reginald
767 2229 856 2262 upon
886 2216 943 2250 the
973 2216 1145 2262 authority
1172 2217 1210 2250 of
1235 2218 1284 2251 St.
1309 2218 1436 2252 Godric
1462 2218 1610 2263 himself,

77 2264 225 2298 founded
255 2276 344 2309 upon
377 2264 430 2297 his
455 2264 697 2309 acquaintance
731 2264 812 2296 with
839 2263 895 2296 the
925 2263 1104 2296 traditions
1134 2264 1200 2296 and
1225 2276 1347 2308 usages
1373 2265 1410 2298 of
1430 2265 1488 2298 the
1515 2265 1610 2300 East.

79 2310 119 2344 In
149 2317 287 2356 support
316 2311 353 2344 of
379 2310 447 2344 this
477 2312 669 2354 conjecture
698 2309 756 2343 the
782 2309 954 2353 following
986 2321 1126 2354 passage
1154 2310 1240 2343 from
1276 2310 1437 2344 Tostatus
1464 2323 1544 2356 may
1569 2312 1612 2345 be

77 2357 213 2402 quoted.
264 2357 510 2401 Enumerating
526 2357 583 2390 the
602 2356 733 2389 various
759 2356 934 2400 meanings
959 2356 1116 2401 assigned
1145 2363 1179 2389 to
1203 2357 1260 2390 the
1283 2357 1374 2390 word
1400 2358 1542 2402 ἀκρίδες,
1568 2358 1612 2392 he

79 2415 176 2448 says:
204 2404 308 2437 “Alii
329 2404 446 2437 dicunt
472 2403 562 2448 quod
587 2403 660 2436 istae
684 2402 825 2436 locustae
850 2414 917 2435 non
943 2409 1021 2435 sunt
1046 2402 1216 2447 animalia,
1243 2403 1302 2436 sed
1328 2404 1481 2448 quaedam
1498 2404 1612 2439 herbae

78 2461 152 2494 quae
170 2450 336 2483 habentur
361 2450 395 2483 in
421 2450 566 2490 deserto,
592 2461 667 2493 quae
686 2448 841 2482 Locustae
859 2455 1020 2482 vocantur
1045 2449 1079 2481 in
1105 2455 1192 2482 terra
1211 2449 1394 2490 Chanaan;
1422 2457 1455 2484 et
1473 2451 1514 2484 de
1537 2451 1612 2485 istis

77 2496 275 2530 comedebat
292 2496 477 2529 Johannes.
527 2496 573 2529 Et
590 2501 670 2528 tunc
689 2501 758 2528 erat
775 2507 898 2539 magna
915 2495 1092 2528 austeritas
1110 2496 1144 2528 in
1162 2496 1237 2529 cibo
1255 2508 1327 2539 suo,
1345 2497 1486 2541 scilieet,
1501 2509 1613 2531 come-

79 2542 156 2576 dere
181 2542 302 2576 herbas
329 2542 460 2576 crudas.
511 2541 608 2576 Istud
633 2547 726 2574 tenet
742 2541 844 2574 frater
862 2541 1052 2575 Brocardus
1073 2542 1317 2584 Teuthonicus,
1334 2543 1369 2575 in
1386 2543 1471 2576 libro
1490 2556 1551 2577 suo
1570 2544 1611 2577 de

81 2589 184 2622 Terra
201 2590 348 2630 Sancta3
375 2589 491 2622 dicens
516 2600 552 2622 se
577 2588 682 2621 fuisse
699 2588 734 2620 in
759 2588 876 2620 multis
901 2588 1114 2622 monasteriis
1139 2589 1229 2633 apud
1246 2589 1442 2630 Jordanem,
1469 2590 1503 2622 in
1528 2590 1612 2623 locis

80 2635 137 2668 ubi
163 2635 291 2669 Beatus
316 2635 490 2669 Johannes
515 2634 775 2669 conversabatur
800 2634 974 2679 baptizans
1000 2641 1033 2667 et
1057 2635 1255 2680 praedicans,
1283 2642 1316 2668 et
1333 2636 1380 2668 ibi
1399 2647 1476 2668 cum
1493 2636 1611 2670 multis

79 2682 255 2715 monachis
280 2693 369 2727 saepe
386 2682 574 2715 comedisse
591 2680 711 2714 herbas
729 2692 812 2724 quas
830 2680 879 2713 illi
898 2681 1062 2714 Locustas
1081 2688 1212 2724 vocant,
1231 2688 1263 2715 et
1282 2681 1454 2714 abundant
1472 2682 1506 2714 in
1524 2688 1612 2715 terra

78 2727 147 2761 illa.
198 2728 244 2761 Et
271 2728 388 2761 dicunt
411 2728 500 2773 quod
529 2727 596 2761 illae
623 2732 718 2760 erant
748 2727 903 2760 Locustae
934 2739 1016 2771 quas
1047 2727 1245 2760 comedebat
1272 2727 1400 2760 Beatus
1426 2727 1612 2762 Johannes.

80 2773 177 2808 Istud
194 2780 307 2807 tamen
325 2775 406 2808 satis
425 2780 476 2808 est
493 2772 913 2807 1·ationabile.”—Tostati
933 2774 1125 2807 Comment.
1142 2774 1176 2807 in
1194 2774 1227 2807 S.
1240 2773 1365 2807 Matth.
1384 2773 1406 2806 i.
1425 2776 1504 2819 393,
1531 2775 1612 2809 edit.

78 2819 134 2853 fol.
154 2820 279 2853 Venet.
299 2823 400 2854 1615.

124 2868 136 2885 ²
159 2866 329 2912 Vulpinm]
359 2866 532 2911 Viperina,
555 2866 602 2899 H.
837 2866 850 2885 ³
874 2865 1134 2911 Admiratione]
1163 2865 1421 2909 Ammiratione,
1441 2866 1518 2900 MS.

122 2914 135 2932 ⁴
156 2912 332 2946 Consonat.
381 2912 564 2956 Consonat,
583 2914 603 2931 ‘⁴
615 2912 734 2957 Super,
757 2912 823 2953 H.;
849 2912 1007 2957 omitting
1024 2912 1080 2945 the
1100 2912 1334 2945 intermediate
1352 2923 1504 2958 passage.

125 2959 137 2976 ⁵
156 2957 297 3003 David]
338 2958 415 2992 'saL
435 2970 490 2991 xc.
512 2961 570 2992 13,
