1839 3186
166 188 220 228 60
684 194 916 226 LIBELLUs
953 194 1017 225 DE
1053 193 1169 224 VITA

162 300 330 355 delegit.
424 300 511 342 Ubi
548 315 596 341 ea
639 315 728 354 quae
763 300 877 355 prius
910 299 1067 350 didicit,
1108 297 1262 339 arctius
1300 294 1507 337 memoriae
1543 291 1695 340 infixit,

161 373 203 409 et
240 366 429 421 quaedam
465 382 557 421 quae
593 372 718 408 antea
754 382 837 407 non
869 370 1130 421 cognoverat,
1168 364 1224 405 ibi
1254 361 1475 410 audiendo,
1508 359 1696 414 legendo,

163 438 287 488 atque
312 434 524 488 psallendo
557 433 858 488 apprehendit3
898 447 995 474 nam
1028 448 1076 473 ea
1099 446 1188 486 quae
1213 429 1349 485 pueris
1376 428 1523 482 saepius
1553 425 1699 466 eadem

163 501 446 555 repetentibus
487 501 659 551 audivit,
701 500 886 541 tenacius
926 499 1137 540 memoriae
1176 495 1345 551 infigere
1377 493 1563 540 curavit3
1610 506 1699 545 quae

163 583 260 609 vero
297 568 502 609 recentius
538 567 684 608 auditu
717 567 804 609 fore
846 567 923 608 sibi
960 566 1103 620 ignota
1138 563 1352 620 persensit,
1397 561 1460 602 his
1502 557 1701 614 majorem

164 633 422 684 recordandi,
454 634 685 675 meditandi
720 638 761 674 et
801 632 1036 674 ruminandi
1067 630 1324 686 diligentiam
1357 627 1553 669 adhibere
1585 639 1700 666 cura-

164 701 241 742 vit.
327 700 378 741 In
425 701 539 742 brevi
585 701 711 754 igitur
751 699 955 754 tantisper
1007 698 1248 753 perfecerat,
1290 694 1400 750 quod
1435 694 1475 734 in
1518 691 1699 747 psalmis,

165 767 345 822 hymnis,
369 772 410 807 et
430 767 684 808 orationibus
703 765 923 816 nonnullis,
956 769 1158 819 quantum
1180 763 1256 805 sibi
1286 761 1469 804 sufficere
1491 758 1700 808 credebat,

169 832 311 875 firmus
336 838 377 874 et
399 839 536 876 certus
558 833 570 854 ¹
591 833 826 875 exstiterat.

171 1104 374 1134 QUALITER
421 1104 464 1129 IN
510 1104 748 1129 DUNELMUM
790 1103 1071 1130 CONVERSATUS
1110 1103 1180 1139 SIT,
1226 1101 1274 1125 ΕΤ
1326 1098 1495 1129 QUANTA
1532 1096 1705 1122 COMPAS-

232 1172 348 1197 SIONE
385 1171 590 1196 PAUPERES
627 1171 834 1196 RECREARE
879 1170 1109 1206 SATEGERIT,
1163 1167 1211 1194 ET
1249 1166 1397 1192 LIMINA
1434 1163 1708 1189 ECCLESIARUM

232 1239 350 1268 QUAM
382 1238 532 1263 SEDULE
570 1221 970 1267 FREQUENTAVERIT.2

233 1338 251 1390 ᾧ
277 1340 344 1379 46.
384 1337 674 1379 MIRABANTUR
694 1353 836 1379 omnes
857 1342 898 1379 et
926 1337 1075 1393 singuli
1097 1338 1342 1392 quicumque
1374 1352 1468 1378 eum
1495 1342 1709 1388 noverant,

179 1405 276 1459 quia
293 1404 495 1459 Spiritum
514 1404 593 1445 Dei
616 1406 657 1445 in
689 1403 775 1460 ejus
800 1410 965 1459 pectore
986 1404 1240 1458 requiescere
1260 1419 1520 1458 nequaquam
1545 1403 1712 1445 diffiteri

179 1472 472 1526 praevalebant.
540 1470 649 1512 Nam
677 1471 848 1512 diurnus
883 1471 1185 1525 contemplator
1220 1476 1261 1512 et
1293 1475 1520 1512 nocturnus
1560 1475 1711 1522 orator,

179 1543 221 1579 et
249 1536 363 1593 jugis
390 1538 604 1592 utriusque
639 1539 837 1593 temporis
873 1538 1084 1593 operarius
1116 1537 1397 1579 indesinenter
1437 1552 1520 1578 non
1552 1537 1712 1579 ociosus

177 1650 212 1682 in
230 1648 363 1682 schools
381 1648 448 1682 had
466 1649 606 1682 become
622 1647 757 1692 general
775 1648 812 1692 (⁴⁶
829 1647 870 1681 de
887 1659 980 1681 more
997 1659 1087 1681 nunc
1101 1647 1183 1681 satis
1202 1647 1301 1681 solito
1320 1654 1352 1681 et
1368 1649 1557 1694 cognit0'’).
1582 1649 1714 1694 During

180 1695 237 1729 the
263 1695 397 1728 Middle
423 1696 525 1739 Ages,
552 1694 669 1739 nearly
693 1693 738 1727 all
763 1693 821 1727 the
847 1694 1047 1728 instruction
1066 1694 1178 1727 which
1203 1706 1271 1728 was
1299 1696 1572 1729 communieated
1594 1702 1629 1729 to
1655 1696 1713 1729 the

179 1741 299 1787 people
324 1741 512 1787 proceeded
538 1741 623 1774 from
650 1740 706 1774 the
732 1740 855 1786 clei-gy,
883 1740 949 1774 and
965 1741 1023 1774 the
1040 1741 1262 1774 monasteries
1288 1742 1354 1775 and
1372 1742 1536 1776 churches
1553 1754 1640 1775 were
1657 1742 1716 1775 the

181 1788 275 1822 chief
288 1788 400 1833 places
421 1788 458 1821 of
471 1788 662 1821 education.
713 1787 819 1831 Thus,
838 1788 990 1832 Gregory
1003 1787 1087 1821 VH.
1104 1787 1246 1820 decreed
1263 1788 1297 1821 in
1311 1788 1369 1821 the
1388 1788 1530 1822 Council
1545 1789 1582 1822 of
1596 1789 1716 1831 Rome,

182 1847 256 1869 A.D.
278 1836 378 1878 1078,
398 1837 418 1853 ‘⁶
435 1835 483 1868 Ut
502 1846 618 1868 omnes
637 1834 786 1879 episcopi
800 1840 888 1867 artes
905 1833 1078 1867 literarum
1097 1834 1132 1867 in
1150 1834 1220 1867 suis
1239 1835 1391 1868 ecclesiis
1417 1835 1529 1869 doceri
1554 1835 1714 1868 faciant.''

182 1882 305 1926 (Labb.
320 1881 448 1914 Concil.
463 1893 497 1914 x.
513 1881 609 1925 372.)
660 1880 838 1924 Lanfranc,
850 1880 1044 1913 afterwards
1061 1880 1262 1926 arehbishop
1277 1882 1314 1914 of
1328 1881 1551 1927 Canterbury,
1568 1881 1717 1915 founded

178 1940 198 1961 a
215 1928 330 1961 school
348 1928 383 1960 in
401 1928 453 1961 his
470 1933 665 1971 monastery
682 1927 719 1960 of
738 1927 821 1962 Bec.
848 1927 924 1971 (W.
944 1927 1125 1961 Malmesb.
1141 1939 1173 1972 p.
1192 1929 1286 1971 205.)
1339 1928 1413 1961 The
1438 1928 1544 1961 Third
1570 1928 1716 1961 Lateran

182 1974 338 2016 Council,
356 1987 430 2008 A.D.
452 1975 552 2017 1179,
572 1973 724 2016 dccreed,
751 1973 823 2006 that
840 1973 890 2006 for
908 1973 964 2006 the
990 1973 1116 2006 benefit
1134 1973 1172 2006 of
1193 1974 1250 2007 the
1273 1974 1424 2007 children
1450 1975 1488 2007 of
1508 1974 1565 2007 the
1590 1986 1671 2019 poor
1696 1986 1716 2007 a

182 2027 375 2065 competent
391 2020 543 2054 benefice
560 2019 683 2053 should
699 2019 742 2052 be
767 2019 923 2064 assigned
945 2020 979 2053 in
1005 2019 1087 2052 each
1113 2020 1283 2053 cathedra]
1309 2020 1434 2053 clun-ch
1453 2021 1503 2054 for
1519 2021 1576 2053 the
1592 2021 1719 2065 gratui-

183 2074 260 2100 tous
278 2067 458 2100 education
475 2067 513 2099 of
535 2067 628 2099 them
647 2066 713 2099 and
731 2066 774 2099 its
793 2066 901 2099 clerks
919 2079 926 2107 3
952 2066 1028 2109 and,
1054 2066 1195 2110 further,
1221 2067 1294 2099 that
1315 2067 1398 2100 such
1427 2067 1560 2100 schools
1585 2079 1621 2100 as
1651 2067 1718 2100 had

185 2113 345 2158 formerly
363 2113 496 2146 existed
514 2113 548 2146 in
566 2112 754 2145 cathedrals
780 2112 845 2145 and
868 2112 984 2157 pai-ish
1007 2112 1171 2146 churches
1198 2113 1320 2146 should
1342 2113 1385 2146 be
1408 2113 1568 2147 restored.
1596 2113 1720 2159 (Labb.

189 2159 321 2193 Concil.
339 2171 374 2193 X.
396 2160 513 2203 1518.)
564 2159 672 2203 Many
689 2158 874 2192 additional
892 2159 1067 2203 exaniples
1084 2159 1193 2203 might
1210 2159 1252 2192 bc
1270 2159 1371 2192 cited.

233 2207 243 2227 ¹
265 2205 483 2251 Erstiterat]
521 2205 615 2238 Thus
633 2205 795 2249 abridged
821 2205 856 2238 in
879 2205 936 2238 the
962 2205 1122 2238 Harleian
1146 2205 1290 2250 legend:
1318 2206 1486 2240 “Exacto
1504 2206 1551 2241 ibi
1569 2213 1720 2252 tempore

185 2253 358 2298 aliquanto
382 2252 553 2296 repedavit
580 2252 614 2284 in
638 2251 823 2296 Angliam;
850 2263 917 2284 non
943 2252 985 2285 ad
1008 2258 1182 2297 paternam
1212 2252 1362 2293 domum,
1391 2253 1451 2286 sed
1477 2253 1609 2298 ignotas
1636 2253 1720 2286 adiit

188 2300 351 2344 regiones.
403 2298 473 2332 Ubi
499 2298 640 2331 minutis
674 2298 843 2331 mercibus
873 2299 1000 2332 victum
1034 2299 1228 2342 quaeritans,
1259 2311 1407 2332 eremum
1443 2299 1507 2333 sibi
1537 2311 1719 2345 congruam

189 2345 392 2386 affectabat;
428 2344 511 2378 nulli
539 2351 653 2377 tamen
681 2344 769 2388 quod
799 2352 998 2389 proponeret
1028 2345 1211 2378 indicabat.
1260 2345 1411 2379 Veniens
1439 2358 1516 2389 ergo
1546 2347 1581 2379 in
1608 2352 1720 2391 partes

190 2392 357 2437 aquilonis
390 2403 492 2436 prope
531 2391 713 2433 maritima,
748 2391 918 2424 Eskedale
950 2392 1134 2432 nominata,
1165 2397 1332 2425 secretum
1366 2392 1495 2425 invenit
1524 2393 1558 2425 in
1586 2403 1722 2425 nemore

189 2439 314 2481 locum,
333 2450 433 2482 quem
452 2437 516 2470 sibi
534 2443 724 2482 competere
737 2437 926 2480 judicabat.
979 2438 1009 2470 H
1015 2438 1045 2471 10
1072 2438 1112 2471 de
1129 2438 1230 2482 lignis
1248 2438 1448 2472 informibus
1467 2439 1616 2472 casulam
1643 2450 1724 2472 con--

191 2485 317 2520 struxit
335 2490 368 2517 et
386 2483 570 2528 cespitibus
588 2495 662 2516 eam
688 2483 786 2516 texit.
839 2484 904 2517 Hie
930 2484 1024 2517 100115
1054 2485 1088 2517 111
1112 2484 1325 2518 Streneshale
1352 2485 1437 2518 situs
1462 2491 1524 2528 cst,
1548 2485 1605 2530 qui
1634 2496 1725 2518 nunc

192 2531 291 2576 vulgo
311 2531 466 2564 Wuitebi
484 2529 682 2575 appellatur.
733 2529 785 2562 Ibi
803 2542 861 2575 per
878 2542 1002 2563 annum
1022 2537 1054 2563 et
1072 2542 1205 2564 menses
1218 2531 1346 2575 aliquot
1363 2531 1531 2564 solitarius
1548 2531 1725 2565 habitavit.

196 2578 284 2611 Cum
310 2589 386 2610 vero
408 2589 427 2610 a
455 2576 587 2610 domnis
614 2576 705 2609 illius
730 2576 952 2620 possessionis
978 2577 1169 2610 molestiam
1206 2578 1398 2620 sustineret,
1425 2577 1580 2610 discessit
1598 2576 1728 2610 Duncl-

196 2636 357 2669 mumque
383 2623 545 2669 pervenit,
572 2622 629 2655 ubi
650 2622 851 2655 Psalterium
879 2635 921 2656 ex
945 2623 1074 2667 integro
1101 2623 1229 2665 didicit,
1249 2630 1282 2656 et
1305 2624 1397 2668 prius
1415 2623 1593 2657 ecelesiam
1612 2623 1726 2656 Sancti

198 2671 327 2715 AEgidii
352 2669 589 2715 frequentavit,
614 2674 689 2714 post
710 2669 752 2702 ad
780 2668 958 2702 ecelesiam
985 2670 1118 2703 Sanctae
1137 2669 1257 2703 Mariae
1275 2670 1362 2703 intra
1379 2669 1496 2702 urbem
1514 2682 1550 2703 se
1574 2670 1729 2712 contulit,

198 2718 232 2750 in
256 2729 322 2761 qua
347 2717 440 2761 pueri
458 2716 587 2749 litteras
613 2715 843 2749 addiscebant.
894 2715 987 2748 Inter
1004 2727 1087 2760 quos
1105 2722 1138 2748 et
1156 2716 1310 2760 quaedam
1326 2716 1455 2759 didicit,
1475 2722 1507 2748 ct
1531 2728 1608 2760 quae
1631 2722 1731 2749 antea

199 2763 362 2796 didicerat
387 2763 612 2796 confirmavit.
661 2761 761 2795 Unde
786 2767 918 2794 tantum
944 2762 978 2795 in
1004 2762 1142 2805 psalmis
1167 2768 1199 2795 et
1224 2762 1361 2807 hymnis
1379 2769 1412 2795 ct
1430 2762 1636 2796 orationibus
1654 2774 1729 2808 pro—

201 2810 282 2843 fecit
300 2810 333 2842 in
352 2809 444 2842 brevi
463 2815 626 2854 quantum
645 2808 709 2842 sibi
728 2808 879 2841 sufficere
898 2808 1109 2841 videbatur.’'

206 2856 367 2935 B²dil¹his
397 2855 545 2901 chapter,
573 2855 781 2889 transcribed
805 2855 890 2888 from
916 2855 973 2888 the
1001 2854 1160 2888 Harleian
1188 2855 1276 2899 MS„
1303 2855 1382 2888 does
1407 2861 1465 2889 not
1491 2867 1591 2889 000111·
1616 2855 1650 2888 111
1676 2854 1732 2888 the

238 2915 256 2934 o
296 2914 371 2935 elan
390 2914 488 2947 copy.
