1839 3186
150 188 232 228 468
672 192 904 225 LIBELLUs
939 192 1002 223 DE
1038 192 1155 223 vrrA

150 299 323 349 miserit,
346 299 444 340 illuc
477 298 730 354 perveniens,
757 312 881 339 omna
911 296 1040 338 illaesa
1069 296 1260 351 reperies,
1284 301 1326 338 et
1357 311 1455 338 sane
1477 295 1687 338 custodita

151 365 390 422 percipies.”

212 431 353 487 §592
402 430 561 484 Quibus
597 430 733 480 dictis,
776 430 840 471 vir
876 430 957 471 Dei
994 430 1222 485 disparuit,
1271 430 1343 471 sed
1384 444 1506 470 mane
1557 429 1685 478 facto,

152 500 281 540 frater
319 498 386 539 ille
425 497 478 538 ad
516 498 651 538 locum
685 511 921 552 properans,
959 497 1068 550 quod
1105 501 1193 537 tam
1226 496 1377 537 mirum
1416 496 1532 536 dictu
1563 509 1687 549 quam

153 565 302 606 auditu
321 565 387 606 vel
408 564 499 605 visu
520 563 611 614 fuit,
636 563 775 603 omnia
804 562 902 603 folia
933 563 1117 603 seriatim
1138 567 1365 617 aggregata
1386 566 1428 603 et
1458 562 1500 603 in
1522 566 1686 615 quater-

153 632 296 673 niones
318 630 610 685 compaginata
636 644 749 669 more
785 629 1005 680 ordinario,
1032 628 1138 670 sicut
1166 628 1279 683 prius
1308 628 1435 669 locari
1466 642 1686 669 consueve-

154 703 262 747 rant,
286 696 504 738 connexim
524 696 682 750 sibique
704 695 759 736 ad
779 695 957 736 invicem
978 695 1135 736 inserta
1158 709 1280 749 super
1307 693 1544 749 ¹inpliteum
1565 708 1686 735 suum

154 763 329 819 reperit,
363 763 542 816 foliaque
578 762 740 817 singula
771 761 947 816 propriis
972 761 1015 801 in
1046 760 1145 802 locis
1166 765 1283 802 erant
1303 760 1531 815 composita
1554 765 1595 801 et
1617 774 1688 800 an-

154 845 278 878 nexa,
303 835 344 871 et
374 835 463 870 tam
493 829 635 870 littera
658 827 791 869 omnis
812 842 936 881 quam
958 827 1141 868 colorum
1167 826 1341 882 pictura,
1366 826 1486 876 sicca,
1508 826 1685 880 integra,

155 902 196 938 et
217 897 360 938 illaesa.
424 895 528 947 Quae
551 895 695 936 videns
726 909 809 934 non.
840 894 940 935 satis
964 893 1160 935 admirari
1181 893 1332 948 potuit,
1357 891 1453 947 quia
1478 893 1592 934 100115
1618 892 1688 933 1110

156 963 212 1004 ‘⁴'in
238 962 420 1017 capitulo
451 962 769 1015 circumquaque
791 960 976 1013 maduit,
991 960 1218 1014 humorque
1241 959 1432 1015 pluvialis
1454 958 1593 1000 omnia
1614 973 1687 1000 suo

155 1044 245 1071 rore
271 1043 490 1083 conspersa
517 1028 711 1083 pervasit.
776 1026 877 1079 Quae
911 1031 1128 1081 gratanter
1165 1026 1394 1081 percipiens
1429 1030 1470 1066 et
1504 1025 1690 1066 hilariter

155 1096 422 1150 amplectens,
442 1094 651 1135 accersitis
672 1093 883 1143 fratribus,
902 1108 1041 1134 coram
1064 1093 1216 1134 domno
1241 1092 1392 1133 abbate
1415 1096 1456 1132 et
1478 1091 1612 1147 priore
1632 1091 1690 1132 eis

156 1167 307 1203 cuncta
330 1161 497 1211 retexit,
521 1166 562 1201 et
599 1159 738 1201 onmia
769 1159 933 1214 integra
957 1164 998 1200 et
1023 1158 1161 1209 illaesa,
1185 1163 1226 1200 et
1258 1158 1342 1200 suis
1376 1157 1476 1199 locis
1505 1157 1689 1199 seriatim

156 1229 309 1269 innexa
330 1232 372 1268 et
391 1226 631 1281 composita,
659 1241 797 1267 coram
819 1225 990 1280 pertulit
1013 1230 1054 1266 et
1074 1225 1269 1267 ostendit.
1335 1223 1642 1278 Inquisitusque
1663 1238 1689 1264 a

156 1295 341 1350 pluribus
373 1294 441 1348 qui
473 1293 681 1347 quondam
705 1293 837 1333 virum
860 1291 940 1332 Dei
977 1292 1020 1332 in
1051 1307 1171 1332 carne
1191 1291 1400 1333 viventem
1421 1290 1612 1332 viderant
1646 1294 1687 1330 et

156 1365 425 1416 agnoverant,
459 1360 644 1413 situsque
674 1358 753 1399 loci
784 1358 912 1413 ipsius
943 1357 1042 1399 satis
1078 1373 1130 1398 ex
1162 1358 1251 1399 visu
1290 1356 1534 1407 didicerant,
1558 1356 1689 1410 qualis

157 1428 220 1469 vir
240 1427 308 1468 ille
333 1427 398 1468 vel
433 1426 536 1467 situs
567 1426 653 1480 ipse
677 1424 835 1475 fuisset,
858 1424 997 1465 omnia
1031 1424 1118 1465 sine
1150 1424 1261 1465 omni
1293 1438 1427 1464 errore
1459 1423 1516 1464 eis
1545 1422 1690 1477 expla-

157 1494 287 1543 navit,
310 1493 464 1542 retulit,
487 1497 612 1546 atque
647 1490 845 1532 inoffenso
876 1490 1030 1540 ordine,
1057 1490 1162 1532 sicut
1185 1490 1299 1545 prius
1328 1490 1506 1539 fuerant,
1541 1493 1691 1530 cuncta

159 1575 298 1601 coram
321 1559 481 1600 cunctis
502 1559 707 1614 exposuit.
779 1556 905 1597 Unde
938 1556 1154 1598 audientes
1180 1556 1342 1610 quique,
1369 1554 1574 1609 quomodo
1607 1554 1691 1596 for-

158 1641 271 1667 mam
293 1626 369 1667 viri
392 1625 471 1666 Dei
503 1630 544 1666 et
578 1629 796 1673 staturam,
819 1623 1062 1677 vultumque
1091 1628 1132 1663 et
1154 1623 1357 1671 habitum,
1382 1627 1423 1663 et
1447 1621 1528 1662 loci
1549 1620 1689 1671 situm,

159 1692 364 1734 ordinarie
386 1692 589 1746 exposuit,
616 1691 665 1731 de
690 1689 842 1731 visione
863 1689 922 1730 illi
944 1689 1170 1731 certissime
1197 1689 1309 1730 facta
1330 1688 1550 1742 quicquam
1572 1687 1692 1728 dubi-

157 1764 248 1800 tare
290 1773 372 1799 non
414 1762 618 1813 poterant,
654 1756 750 1810 quia
787 1770 928 1797 omnes
967 1756 1035 1809 qui
1072 1771 1120 1797 ea
1158 1756 1271 1810 prius
1303 1759 1516 1804 noverant,
1555 1754 1612 1795 510
1648 1768 1690 1795 50

160 1830 312 1866 cuncta
335 1824 527 1866 habuisse
548 1822 818 1864 attestatione
838 1822 1019 1863 veridica
1040 1821 1315 1863 affirmabant.
1378 1821 1459 1873 Qui
1492 1818 1692 1861 laetificati

161 1891 341 1932 Domino
362 1891 517 1945 gratias
548 1888 797 1944 multiplices
826 1888 1072 1939 referebant,
1097 1888 1310 1929 credentes
1337 1893 1378 1928 et
1400 1886 1576 1928 scientes
1597 1886 1693 1940 quia

161 1957 318 1999 Beatus
341 1957 546 1998 Godricus
578 1970 698 1998 verus
720 1954 800 1995 Dei
836 1954 1044 1996 confessor
1081 1954 1258 2005 exstitit,
1292 1953 1361 2007 qui
1394 1958 1483 1994 tam
1524 1952 1692 1994 semotis

162 2039 287 2078 quam
319 2023 462 2064 incolis
497 2023 624 2064 etiam
659 2023 701 2063 in
732 2021 887 2063 visione
911 2020 1044 2062 noctis
1075 2035 1117 2062 se
1148 2025 1392 2074 praesentem
1425 2024 1466 2060 et
1487 2018 1691 2060 visibilem

163 2089 359 2131 ostendit.
439 2089 534 2144 Ipse
566 2089 732 2142 quidem
769 2087 931 2128 libellus
966 2102 991 2127 a
1025 2086 1224 2127 fratribus
1246 2085 1596 2126 Dunelmensibus
1634 2083 1692 2125 eis

163 2156 501 2196 accommodatus
545 2170 618 2209 pro
660 2153 886 2207 exemplari
934 2152 1110 2201 exstitit,
1152 2152 1221 2206 qui
1255 2156 1296 2193 et
1326 2151 1397 2201 ibi,
1432 2155 1555 2206 prout
1592 2165 1693 2205 pree-

165 2222 364 2270 misimus,
401 2220 696 2261 illuminandus
731 2219 824 2260 fuit.
912 2217 1040 2274 Cujus
1073 2218 1208 2273 operis
1247 2217 1423 2259 artificia
1457 2217 1499 2258 in
1533 2216 1597 2258 his
1635 2216 1694 2257 illi

165 2287 460 2342 complacuisse
483 2285 778 2341 cognoscimus,
805 2285 900 2339 quia
924 2285 1108 2338 quicum
1139 2284 1262 2325 1110ᾶο
1294 2284 1336 2324 111
1366 2298 1495 2324 unum
1526 2282 1691 2337 collegit

165 2359 206 2394 et
229 2354 279 2394 de
312 2354 453 2408 pluvia
472 2353 645 2393 illaesum
667 2351 903 2396 custodivit.
924 2351 1010 2406 ipse
1039 2350 1270 2405 3quondam
1289 2350 1332 2391 in
1363 2364 1531 2404 corpore
1555 2348 1694 2390 vivens

166 2471 255 2498 went
273 2464 307 2497 in
325 2476 344 2497 a
361 2463 451 2508 body
469 2462 540 2495 into
559 2461 696 2506 chapter
714 2461 779 2493 and
798 2460 947 2505 engaged
965 2461 1000 2493 in
1022 2471 1152 2505 prayer.
1205 2459 1278 2492 The
1296 2457 1472 2492 nocturnal
1491 2457 1617 2491 silence
1635 2468 1696 2490 ex-

166 2510 291 2544 tended
309 2516 343 2543 to
360 2509 418 2543 the
437 2508 502 2542 end
520 2508 558 2541 of
570 2507 637 2541 this
656 2507 794 2540 service.
828 2507 891 2540 See
909 2507 1065 2539 Martene
1083 2506 1124 2539 de
1142 2506 1259 2550 Antiq.
1279 2504 1526 2537 Monachorum
1545 2503 1694 2546 Ritibus,

169 2557 190 2591 i.
211 2569 239 2590 v.
298 2558 351 2590 16.

217 2604 226 2622 ¹
247 2556 454 2647 1§nplz'ceum.]
482 2600 573 2633 Such
598 2599 626 2632 is
656 2598 713 2631 the
742 2598 880 2642 reading
910 2598 947 2630 of
970 2598 1027 2630 the
1056 2597 1222 2630 Bodleian
1251 2596 1327 2630 MS.
1380 2595 1453 2628 The
1482 2606 1694 2640 anonymous

171 2649 332 2682 Harleian
353 2647 489 2692 Legend
506 2645 695 2679 authorizes
713 2644 770 2678 the
788 2644 1008 2677 substitution
1027 2644 1064 2676 of
1078 2645 1099 2661 “
1111 2642 1302 2687 pluteum.'’

215 2699 228 2716 2
255 2694 298 2727 In
316 2692 489 2738 capitula]
530 2691 723 2736 Excepting
739 2690 797 2725 thc
814 2689 924 2722 initial
939 2690 1048 2731 letter,
1067 2689 1135 2722 this
1153 2689 1244 2722 word
1261 2688 1290 2721 is
1308 2688 1425 2721 crased
1442 2688 1474 2720 in
1495 2687 1552 2720 the
1570 2692 1642 2720 text
1662 2686 1700 2719 of

170 2740 227 2773 the
246 2739 411 2773 Bodleian
430 2739 517 2778 MS.⁷
534 2738 595 2771 but
613 2738 670 2770 the
688 2736 819 2780 margin
837 2735 985 2780 supplies
1003 2735 1060 2768 the
1078 2735 1216 2779 reading
1233 2734 1312 2767 here
1330 2733 1487 2779 adopted.
1539 2732 1612 2766 The
1630 2732 1695 2766 ori—

169 2786 260 2831 ginal
286 2785 424 2829 reading
441 2796 581 2830 appears
599 2790 633 2816 to
650 2783 735 2816 have
752 2782 838 2816 been
855 2784 873 2801 ⁴<
887 2782 921 2814 in
939 2781 1123 2815 claustro.'⁷

217 2833 229 2851 ³
258 2831 459 2876 Quondam]
483 2832 546 2864 See
565 2829 581 2875 ξ
601 2831 681 2864 297.
