1839 3186
102 191 155 229 12
676 197 1041 231 ARGUMENTUM.

1433 270 1628 293 CAPITULUM

158 327 252 355 suas
285 311 503 354 exauditas
539 311 734 362 advertit,
769 317 810 354 et
843 312 1083 368 de'lumine
1119 326 1287 354 corusco
1320 311 1429 366 quod

158 380 273 421 illum
296 380 444 436 saepius
465 378 736 421 circumdedit
774 412 783 421 .
988 412 997 421 .
1202 411 1212 420 .
1418 412 1426 420 .
1483 377 1625 420 cxxix.

103 446 319 501 Quomodo
352 451 541 488 matrona
577 445 765 501 quaedam
793 445 990 503 languida
1017 461 1090 502 per
1115 450 1284 502 gustum
1312 445 1430 502 panis

161 514 220 555 illi
242 512 471 556 transmissi
493 513 546 555 sit
571 518 716 555 curata
777 546 788 556 .
1209 547 1216 554 .
1422 546 1431 554 .
1501 526 1628 554 cxxx.

104 581 292 635 Qualiter
318 581 462 632 alteia,
500 595 603 621 zona
636 579 858 636 piaecincta
889 580 942 622 ab
977 546 1047 621 illo
1084 580 1341 631 transmissa,
1378 579 1431 621 de

113 691 116 693 ,
161 647 462 704 constipatione
482 647 624 689 lateris
644 647 697 689 sit
719 653 864 689 sanata
990 679 998 689 .
1204 679 1213 689 .
1420 679 1428 688 .
1483 644 1629 701 cxxxj.

104 715 320 769 Quomodo
351 714 460 756 inter
490 714 710 756 irascentes
737 714 885 756 fratres
911 729 1084 769 puerum
1111 712 1276 769 nigrum
1297 718 1338 755 et
1361 713 1431 755 de-

160 783 335 838 pilatum
359 782 584 824 discurrere
606 785 733 822 noctu
754 780 921 830 viderit,
951 780 1023 823 sed
1046 795 1167 821 mane
1194 780 1318 832 facto,
1342 781 1432 822 illos

159 848 411 891 reconciliari
432 847 575 889 fecerit
781 880 790 889 .
993 878 1002 888 .
1208 880 1217 888 .
1421 879 1429 888 .
1474 845 1634 902 cxxxij.v

105 916 291 971 Qualiter
311 915 549 972 praedixerit
575 913 758 970 hospites
793 918 1122 969 superventuros,
1149 918 1191 955 et
1212 928 1431 955 numerum

160 983 324 1024 illorum
359 981 625 1038 exposuerit;
667 985 709 1022 et
745 981 934 1036 episcopo
970 980 1021 1023 de
1054 986 1316 1036 persecutore
1357 996 1430 1023 suo

159 1050 265 1092 infra
285 1065 440 1091 annum
461 1049 624 1091 obituro
646 1048 978 1103 pronunciaverit
1202 1080 1209 1090 .
1416 1044 1629 1102 ‚cxxxiij.

106 1117 323 1171 Quomodo
363 1114 717 1159 sanctimonialem
753 1115 987 1157 consolatus
1007 1114 1073 1166 sit,
1095 1120 1136 1156 et
1165 1129 1347 1170 pannum
1379 1114 1432 1155 ab

161 1199 210 1226 ea
232 1183 441 1239 perditum
465 1183 502 1224 ei
523 1181 826 1224 restituendum
848 1181 1046 1238 praedixit
1204 1214 1213 1223 .
1418 1214 1426 1222 .
1459 1179 1629 1222 cxxxiv.

106 1251 294 1305 Qualiter
315 1250 502 1292 diabolus
522 1249 597 1292 sub
619 1248 799 1290 hominis
820 1249 954 1304 specie
975 1249 1028 1290 ab
1054 1263 1101 1290 eo
1122 1263 1246 1303 poma
1266 1248 1432 1304 petierit

161 1323 207 1377 et·
224 1317 395 1373 accepit,
420 1322 461 1359 et
483 1315 688 1371 quomodo
710 1331 751 1357 se
777 1315 982 1357 detexerit
1207 1348 1215 1356 .
1420 1347 1429 1356 .
1473 1326 1629 1354 cxxxv.

109 1385 296 1439 Qualiter
320 1384 489 1439 quidam
510 1383 736 1425 monachus
763 1381 814 1423 de
838 1382 931 1438 pilis
958 1382 1099 1424 barbae
1122 1382 1249 1437 ipsius
1276 1382 1434 1436 aliquos

163 1452 222 1493 illi
241 1452 485 1500 detraxerit,
506 1455 548 1492 et
569 1450 638 1490 illo
661 1450 925 1504 postmodum
941 1449 1224 1504 permittente,
1243 1463 1433 1504 percepe-

164 1518 244 1567 rit3
285 1523 325 1560 et
360 1517 564 1573 quomodo
596 1516 729 1557 eidem
765 1515 978 1572 languenti
1009 1531 1081 1571 per
1113 1515 1222 1571 ipsos
1249 1516 1291 1556 in
1318 1514 1434 1570 aquis

164 1585 361 1627 dimersos
382 1586 491 1627 salus
513 1584 666 1625 donata
691 1582 743 1624 sit
782 1615 791 1624 .
995 1616 1003 1624 .
1211 1615 1220 1624 .
1425 1614 1433 1624 .
1460 1577 1632 1634 cxxxvj.

106 1652 320 1706 Quomodo
357 1652 461 1708 ignis
496 1651 538 1693 in
570 1665 669 1705 agro
696 1664 891 1692 accensus
919 1649 1055 1691 subito
1085 1664 1200 1703 sepes
1232 1648 1340 1690 illius
1373 1647 1433 1689 in-

115 1760 116 1763 ,
163 1719 313 1762 vaserit
332 1736 343 1768 ς
372 1724 413 1761 et
434 1718 509 1761 sub
528 1721 683 1773 quanta
704 1715 928 1768 celeritate,
943 1716 1012 1757 illo
1028 1720 1184 1766 orante,
1205 1714 1435 1757 exstinctus

163 1786 217 1828 sit
251 1792 256 1797 '
348 1819 356 1828 .
561 1817 570 1825 .
778 1816 787 1825 .
993 1815 1001 1825 .
1208 1815 1216 1823 .
1423 1778 1633 1835 ,cxxxvii

113 1854 199 1895 Sub
221 1858 377 1908 quanta
397 1851 607 1895 celeritate
630 1852 766 1894 Priori
789 1849 1059 1892 Gisburnensi
1082 1848 1162 1890 Dei
1184 1849 1288 1891 velle
1312 1863 1434 1903 super

165 1920 375 1976 proposito
410 1919 544 1961 cordis
575 1918 662 1975 ejus
692 1918 751 1959 illi
783 1916 1002 1967 detexerit,
1041 1921 1082 1957 et
1111 1915 1248 1969 qualia
1275 1914 1352 1970 ipsi
1381 1929 1433 1955 ex

165 1987 244 2028 Dei
265 1986 465 2028 mandato
488 1984 713 2042 injunxerit
776 2017 784 2025 .
990 2015 999 2024 .
1204 2014 1213 2022 .
1429 1979 1631 2035 cxxxviij.

109 2053 296 2107 Qualiter
324 2058 515 2094 moestum
541 2056 753 2107 parentem
786 2049 1011 2099 consolans,
1035 2046 1164 2090 filium
1193 2048 1230 2089 ei
1260 2047 1432 2089 redeun-

165 2125 251 2161 tem
272 2119 435 2169 viderit,
458 2123 499 2159 et
522 2118 630 2159 diem
651 2117 810 2159 reditus
831 2116 939 2157 illius
960 2115 996 2156 ei
1018 2114 1263 2170 praedixerit
1427 2146 1435 2154 .
1458 2112 1631 2154 cxxxix.

107 2188 281 2240 Quantae
298 2186 361 2227 vir
383 2184 631 2227 humilitatis
651 2183 789 2234 fuerit,
813 2187 854 2224 et
871 2197 993 2237 quam
1018 2181 1116 2223 vilia
1134 2187 1175 2223 et
1200 2178 1363 2236 abjecta
1384 2179 1434 2220 de

161 2268 203 2295 se
225 2252 396 2294 senserit
566 2284 575 2293 .
783 2282 792 2290 .
995 2280 1003 2289 .
1209 2279 1217 2288 .
1424 2278 1433 2288 .
1550 2245 1630 2287 cxl.

108 2319 297 2374 Qualiter
317 2318 485 2373 quidam
507 2317 668 2359 diutina
695 2315 968 2371 temptatione
1001 2315 1201 2364 devictus,
1234 2314 1289 2355 ad
1316 2313 1432 2354 illum

162 2386 347 2434 venerit;
383 2385 447 2426 cui
472 2384 571 2439 quid
593 2383 723 2439 egerit
752 2383 815 2424 vir
840 2382 920 2423 Dei
951 2382 1125 2437 aperuit,
1161 2386 1202 2422 et
1231 2379 1435 2435 quomodo

161 2453 359 2494 liberatus
380 2452 432 2493 sit
568 2483 577 2491 .
995 2481 1004 2490 .
1210 2480 1218 2489 .
1424 2478 1431 2486 .
1532 2442 1628 2498 cxlj.

107 2519 323 2573 Quomodo
354 2518 518 2560 cuidam
550 2531 695 2557 zonam
724 2481 899 2564 dederit,
930 2518 972 2556 et
1003 2514 1224 2555 sanitatem
1246 2528 1318 2568 per
1339 2526 1430 2553 eam

162 2584 465 2627 infirmantibus
506 2582 741 2624 donandam
781 2581 822 2621 in
870 2580 1018 2636 spiritu
1051 2581 1201 2622 viderit
1249 2584 1290 2620 et
1331 2593 1431 2633 prae-

162 2651 314 2694 dixerit
348 2684 356 2692 .
561 2682 569 2690 .
772 2681 781 2690 .
988 2679 996 2687 .
1201 2677 1210 2686 .
1417 2675 1425 2684 .
1516 2641 1627 2697 cxlij.

108 2718 294 2771 Qualiter
320 2717 362 2758 in
402 2715 600 2757 columbae
634 2713 767 2769 specie
796 2712 996 2767 Spiritum
1034 2711 1234 2752 Sanctum
1268 2710 1429 2759 viderit,

163 2789 204 2825 et
226 2783 324 2838 quid
345 2783 430 2838 ipse
455 2782 573 2823 alteri
594 2780 781 2823 retulerit
982 2811 990 2819 .
1196 2810 1203 2818 .
1411 2806 1420 2814 .
1498 2772 1623 2829 cxliij.

108 2850 294 2904 Qualiter
315 2849 481 2904 spiritus
512 2847 698 2890 avaritiae
731 2861 824 2890 eum
858 2843 1135 2899 temptaverit,
1164 2843 1235 2887 sed
1266 2842 1308 2883 in
1339 2842 1428 2883 illu-

163 2916 272 2958 sione
294 2915 457 2971 propria
480 2914 613 2956 victus
638 2919 678 2955 et
704 2912 868 2954 delusus
892 2911 944 2953 sit
995 2944 1001 2951 .
1208 2942 1215 2950 .
1423 2940 1429 2948 .
1506 2906 1635 2947 cxliv..
