1839 3186
206 178 288 218 436
721 190 955 223 LIBELLUS
992 191 1055 222 DE
1094 191 1208 222 vrrA

204 291 301 341 rint,
325 293 410 334 sive
432 308 504 348 per
529 309 649 347 quem
674 294 756 335 illie
790 294 911 349 positi
939 294 1104 345 fuerint,
1132 309 1225 335 cum
1254 294 1522 335 sacramentis
1552 292 1736 348 pluribus

204 363 429 401 attestatus
465 365 526 401 est
563 375 604 401 se
632 360 797 415 penitus
825 361 1026 415 ignorare.
1100 360 1312 402 Sotulares
1345 365 1486 401 tamen
1521 360 1611 401 illos
1643 373 1736 400 cum

203 423 342 466 limbis
373 426 482 467 intro
514 427 659 468 locatis
679 427 749 468 1se
781 427 925 468 emisse
958 432 998 468 et
1029 427 1212 468 amisisse
1244 427 1431 476 asseruit,
1456 431 1496 467 et
1521 425 1639 466 2oras
1671 439 1736 465 ca-

203 491 331 532 misiae
355 493 569 534 excutiens
600 499 641 534 et
665 493 885 535 dissolutas
914 508 939 533 a
968 493 1131 547 cingulo
1162 508 1235 534 suo
1266 492 1532 547 comperiens,
1561 492 1645 542 ubi,
1671 491 1736 532 vel

204 559 422 610 quomodo,
465 574 537 600 seu
579 559 743 613 quando
792 575 818 600 a
858 574 900 600 se
945 559 1194 600 decidissent
1238 558 1485 600 omnimodis
1532 559 1735 613 ignorare.

205 627 231 644 ‘⁶
247 624 576 676 AEstimabam‚”
598 626 797 679 inquiens,
824 629 849 647 ‘⁶
867 625 1066 666 sotulares
1091 626 1191 666 istos
1212 626 1348 666 adhuc
1370 625 1410 665 in
1433 623 1734 666 circumcinctis

203 690 283 731 oris
305 691 482 733 camisiae
505 691 623 733 istius
645 692 811 741 includi,
834 691 943 732 unde
966 692 1082 733 vobis
1103 691 1406 745 inquirentibus
1430 691 1529 745 quid
1551 690 1736 746 responsi

200 757 317 798 vobis
337 758 508 799 reddere
536 773 702 813 prorsus
730 758 955 812 ig1101·avi.”
1017 758 1369 813 Oompellentibus
1398 757 1572 812 denique
1596 757 1737 798 fratri-

200 822 289 872 bus,
312 823 374 864 vir
396 824 571 865 devotus
594 839 668 866 sua
688 824 856 879 recepit,
881 824 1037 879 gratias
1059 824 1191 865 Beato
1215 824 1394 865 Godrico
1415 824 1651 865 innumeras
1671 838 1733 864 re-

200 888 346 938 ferens,
366 891 476 944 quod
498 905 545 932 ea
562 906 651 945 quae
673 891 910 946 perdiderat
933 891 969 931 ei
991 890 1076 931 sine
1098 891 1289 933 molestia
1306 890 1456 932 doloris
1477 890 1537 932 ita
1557 890 1731 945 benigne

199 956 395 998 restituit.

266 1022 353 1064 Nos
367 1024 476 1064 enim
491 1024 681 1066 monachi
699 1024 750 1066 de
772 1024 835 1066 his
856 1023 898 1064 in
915 1024 1033 1065 nobis
1050 1024 1151 1065 satis
1164 1023 1465 1078 obstupuimus,
1484 1021 1580 1077 quia
1597 1020 1731 1062 virum

196 1088 312 1130 illum
340 1089 381 1130 in
406 1091 543 1131 medio
567 1096 755 1132 nostrum
784 1091 838 1132 ad
868 1091 1048 1132 australe
1071 1090 1231 1131 Altaris
1255 1095 1417 1145 partem
1436 1090 1491 1131 ad
1512 1087 1731 1129 oblationis

196 1170 345 1197 munus
376 1157 684 1211 exsequendum
715 1157 936 1212 procedere
966 1156 1158 1205 vidimus⁷
1195 1157 1395 1198 sotulares
1424 1171 1521 1197 vero
1556 1154 1646 1195 illos
1676 1154 1731 1194 ad

195 1222 469 1275 aquilonalem
492 1223 653 1266 Altaris
689 1224 898 1279 regionem
934 1238 1057 1278 supra
1091 1222 1244 1278 gradus
1279 1223 1333 1264 ad
1370 1222 1495 1278 pedes
1525 1220 1729 1275 sepulchri

195 1293 354 1335 stantes
372 1289 562 1340 vidimus,
586 1306 660 1331 nec
682 1292 816 1345 ipsum
838 1290 973 1331 locum
994 1289 1110 1331 illum
1133 1289 1354 1344 contigisse
1379 1304 1452 1343 pro
1475 1292 1589 1330 certo
1611 1285 1729 1341 3003(-

193 1355 395 1396 novimus.
430 1356 557 1397 Unde
576 1372 621 1398 os
643 1362 831 1398 nostruin
853 1362 894 1397 et
916 1357 1057 1411 lingua
1070 1356 1297 1396 Dominum
1311 1355 1354 1396 in
1374 1356 1438 1397 his
1458 1352 1726 1410 glorificando

193 1421 486 1476 magnificavit,
513 1422 593 1475 Qui
618 1424 819 1464 Sanctum
846 1438 966 1464 suum
988 1427 1076 1463 tam
1106 1422 1326 1464 manifesto
1352 1422 1550 1463 miraculo
1571 1420 1728 1461 mundo

190 1485 423 1530 4revelavit.

587 1652 749 1677 CLXXIX.
783 1652 833 1677 DE
866 1652 1091 1677 ARENTIBUs
1125 1651 1322 1677 BRACHIIS.

250 1753 272 1807 ἓ
299 1756 396 1796 553.
435 1755 608 1807 QUIDAM
622 1753 789 1810 juvenis
819 1755 870 1796 de
899 1755 1138 1806 Beverlaco,
1164 1755 1372 1797 Henricus
1405 1755 1584 1806 nomine,
1609 1755 1723 1796 Rod-

189 1818 295 1860 berti
317 1822 507 1862 monachi
530 1821 760 1863 Rivalensis
781 1827 994 1877 cognatus,
1021 1822 1121 1863 satis
1142 1822 1199 1862 ibi
1221 1822 1363 1863 multis
1379 1822 1630 1872 notissimus,
1648 1837 1722 1876 per

188 1900 318 1927 annos
338 1887 535 1941 plurimos
562 1888 679 1942 gravi
713 1893 801 1929 erat
822 1887 1065 1929 infirmitate
1100 1888 1307 1930 detentus.
1380 1888 1540 1943 Nempe
1570 1888 1720 1930 utrius-

188 1967 265 2005 que
306 1968 453 1996 manus
494 1959 535 1995 et
568 1955 828 1995 brachiorum
870 1955 1101 1996 ministeria
1141 1955 1391 2009 perdiderat,
1425 1970 1514 2009 quae
1554 1955 1643 1995 haec
1683 1955 1717 1995 ei

187 2019 326 2060 omnia
356 2021 471 2061 velut
504 2022 665 2062 arentia
697 2021 986 2076 diriguerant3
1022 2026 1063 2062 et
1085 2026 1285 2075 praeterea
1317 2021 1550 2076 exsanguis,
1574 2020 1720 2063 debilis

235 2114 241 2133 ¹
262 2111 302 2147 Se
318 2114 427 2147 emisse
444 2113 457 2160 ]
487 2114 560 2147 The
577 2126 718 2159 passage
736 2114 919 2159 beginning
936 2115 1018 2147 with
1036 2114 1131 2147 these
1150 2113 1258 2147 words
1285 2113 1350 2147 and
1368 2114 1554 2158 extending
1571 2119 1606 2147 to
1625 2125 1717 2147 00111-

186 2159 328 2202 periens,
349 2159 377 2192 is
395 2162 528 2193 written
547 2160 579 2193 in
598 2160 656 2193 the
674 2160 839 2193 Bodleian
858 2161 934 2194 MS.
953 2160 998 2203 by
1015 2173 1034 2193 a
1051 2160 1207 2193 different
1224 2160 1315 2193 hand
1333 2172 1422 2205 upon
1440 2172 1482 2193 an
1500 2172 1644 2193 erasure.

232 2204 244 2223 ²
265 2205 377 2251 Orus]
407 2206 497 2239 Here
515 2206 581 2239 and
600 2206 781 2239 elsewhere
798 2206 931 2239 written
950 2209 959 2225 ‘
975 2207 1083 2240 horas’
1103 2207 1136 2239 in
1155 2207 1212 2239 the
1231 2206 1396 2239 Bodleian
1415 2207 1490 2239 MS.

233 2252 244 2270 ³
265 2251 508 2298 Cognovimus]
535 2252 607 2286 The
625 2253 841 2286 termination
859 2253 897 2286 of
917 2253 985 2286 this
1002 2252 1094 2286 word
1116 2253 1176 2286 has
1200 2253 1286 2286 been
1311 2253 1438 2286 altered
1460 2252 1506 2298 by
1523 2264 1656 2286 erasure
1682 2253 1717 2286 in

186 2297 243 2330 the
262 2298 360 2332 Bodl.
380 2299 455 2333 MS.

232 2346 244 2364 ⁴
265 2343 468 2391 Revelavit]
495 2345 589 2378 Thus
607 2345 678 2379 told
695 2345 728 2378 in
748 2345 805 2378 the
825 2345 984 2379 Harleian
1003 2345 1231 2391 manuscript:
1259 2346 1281 2364 “
1296 2345 1517 2379 Eadmundus
1537 2345 1577 2379 de
1596 2346 1717 2379 Grates-

184 2389 295 2423 heuad
315 2391 385 2424 viro
404 2391 480 2430 Dei,
507 2391 586 2424 dum
606 2392 741 2435 viveret,
768 2392 943 2425 familiaris
967 2392 1135 2434 extiterat,
1162 2399 1195 2425 ct
1218 2399 1294 2437 post
1311 2399 1455 2425 mortem
1474 2392 1507 2425 in
1525 2393 1598 2435 ejus
1617 2392 1716 2425 devo-

185 2436 276 2469 tione
293 2438 489 2482 permansit.
541 2438 607 2471 Hic
626 2438 659 2470 in
678 2438 866 2483 septimana
884 2438 1105 2472 Pentecostes
1123 2438 1284 2471 Dunelmi
1303 2438 1434 2471 calceos
1452 2438 1534 2471 emit
1552 2438 1716 2484 depictos,

185 2494 260 2516 cum
280 2483 394 2517 limbis
412 2484 614 2529 quibusdam
632 2484 787 2529 pretiosis
803 2497 810 2525 3
837 2496 920 2529 quos
938 2485 1019 2529 ipse,
1042 2491 1079 2518 ut
1097 2484 1218 2517 melius
1236 2484 1282 2517 ibi
1301 2490 1522 2527 servarentur,
1542 2484 1714 2529 imposuit.

185 2528 224 2562 In
254 2531 400 2563 erastino
425 2531 467 2564 ad
485 2530 637 2563 tumbam
664 2530 777 2563 Sancti
805 2531 943 2564 Godrici
968 2531 1067 2564 nudis
1092 2531 1235 2576 pedibus
1260 2531 1488 2575 proficiscens,
1514 2530 1645 2563 calceos
1680 2531 1715 2564 111

183 2576 323 2609 camisia
350 2577 466 2622 ligavit
496 2589 515 2610 a
540 2577 674 2621 cingulo
701 2577 938 2622 dependentes.
991 2577 1076 2610 Cum
1103 2577 1252 2610 venisset
1278 2577 1368 2619 illue,
1395 2576 1492 2609 nobis
1510 2576 1715 2620 videntibus,

183 2621 389 2656 oblationem
414 2636 508 2657 suam
533 2624 646 2669 posuit
669 2635 768 2668 super
794 2623 923 2666 Altam,
942 2630 975 2656 ct
993 2623 1143 2656 oratione
1168 2624 1268 2664 facta,
1293 2623 1338 2655 ibi
1365 2623 1528 2656 consedit.
1580 2623 1714 2656 Interea

182 2669 343 2702 mirantes
361 2670 507 2703 vidimus
525 2682 628 2703 novos
647 2669 808 2714 quosdam
833 2669 965 2702 calceos
990 2669 1031 2702 ad
1055 2669 1200 2713 sepulcri
1217 2669 1320 2714 pedes
1338 2682 1346 2710 3
1372 2669 1519 2713 horaque
1536 2669 1712 2714 psallendo

181 2715 359 2760 completa,
390 2717 526 2750 sustulit
552 2728 609 2749 eos
634 2716 668 2749 in
694 2727 797 2748 manu
823 2716 944 2758 senior,
971 2722 1003 2748 et
1029 2715 1185 2760 quaesivit
1210 2715 1299 2748 unde
1326 2716 1505 2749 venissent.
1559 2715 1711 2748 Tandem

181 2772 257 2794 cum
277 2762 351 2795 illos
369 2763 509 2796 aliorum
528 2775 627 2796 nomo
646 2768 872 2807 cognosceret,
894 2759 1115 2795 Eadmundus
1133 2762 1178 2794 ait
1198 2761 1288 2806 quod
1306 2761 1381 2794 illos
1400 2767 1538 2804 emerat,
1557 2768 1590 2794 et
1608 2762 1711 2794 cami-

180 2807 230 2840 sia
256 2807 439 2852 ligaverat;
465 2810 523 2843 sed
550 2809 693 2854 qualiter
722 2808 801 2842 illuc
831 2809 1043 2853 pervenerint
1071 2807 1257 2852 ignorabat,
1288 2819 1493 2852 manumque
1515 2819 1643 2852 ponens
1668 2807 1710 2840 ad

180 2853 365 2897 cingulum,
383 2862 463 2889 tunc
487 2856 594 2900 primo
615 2856 690 2888 illos
714 2855 877 2900 comperit
903 2854 1080 2888 decidisse.
1131 2853 1206 2887 Nos
1224 2854 1300 2887 ideo
1318 2853 1467 2886 maxime
1484 2853 1711 2893 mirabamur3

180 2901 257 2943 quia
269 2907 444 2945 postquam
465 2903 611 2944 intravit,
631 2913 802 2946 nunquam
820 2901 862 2934 ad
881 2901 972 2934 illam
987 2899 1139 2934 ecelesiae
1153 2906 1281 2945 partem
1299 2899 1520 2933 Eadmundus
1532 2899 1711 2933 accessit.'’
