1839 3186
578 225 636 255 ET
671 225 935 257 MIRACULIS
972 226 1007 256 s.
1033 226 1248 258 GODRICI.
1634 219 1687 258 63

145 428 233 453 CAP.
270 428 391 454 XVIII.
476 428 527 453 DE
566 428 668 454 LUPO
710 428 910 454 IMMENSAE
954 429 1256 454 MAGNITUDINIS
1292 429 1361 458 QUI
1401 432 1440 456 EI
1475 432 1684 465 OCCURR1T‚

203 495 405 524 QUALITER
443 494 606 520 ORANDO
638 495 813 521 IMPETUs
844 495 937 521 EJUS
972 496 1020 521 ET
1048 496 1164 521 VIREs
1201 496 1436 536 EFFUGER1T‚
1470 499 1604 528 ATQUE
1633 500 1684 524 ΑΒ

204 562 293 587 lLLO
323 562 495 587 ILLAEsUs
535 546 761 587 EVASERIT.1

203 662 312 714 §50.
346 662 531 703 TANDEM
578 667 789 718 resumpta
824 663 866 704 in
907 678 949 705 se
992 661 1155 713 fiducia,
1198 663 1351 719 delegit
1387 664 1483 705 illuc
1519 680 1680 719 quoquo

146 729 270 769 modo
299 729 546 784 pertingere,
580 735 621 770 et
652 730 730 770 loci
761 729 887 784 ipsius
919 730 1127 771 desertum
1155 731 1306 772 certius
1338 731 1592 786 explorando
1624 733 1682 773 vi-

147 795 258 837 dere.
349 796 598 851 Progressus
641 796 815 850 denique
856 797 1073 838 anterioris
1114 797 1228 839 silvae
1277 798 1534 848 lustramina,
1588 814 1680 853 quae

145 877 262 903 secus
292 863 405 903 urbis
438 863 587 903 moenia
614 862 656 903 in
687 863 819 903 limite
854 864 987 918 primo
1009 869 1104 905 sunt
1125 865 1275 919 posita,
1308 866 1496 919 pervenit
1520 866 1574 906 ad
1595 866 1681 920 pla-

144 929 290 969 nitiem
326 929 437 970 omni
474 929 588 970 cultu
626 930 1008 984 imperceptibilem,
1053 931 1235 971 sterilem
1271 936 1418 981 totam,
1461 932 1539 973 nisi
1571 932 1680 986 quod

144 995 259 1036 rudis
278 996 417 1037 herbae
443 995 691 1036 viridantem
715 996 959 1050 quandoque
982 997 1155 1051 sparsim
1178 1003 1219 1038 et
1244 998 1519 1053 interruptam
1537 1000 1680 1054 gignet

146 1061 358 1116 superficie
398 1066 518 1103 tenus
553 1062 818 1116 aliquantulae
861 1063 1061 1117 portionis
1092 1063 1342 1105 alimoniam.
1414 1064 1479 1106 Ibi
1511 1066 1679 1121 myricae

149 1133 190 1169 et
222 1129 425 1170 silvestria
461 1144 631 1182 quaeque
662 1129 911 1170 frutetorum
943 1129 1141 1171 radicitus
1177 1130 1227 1171 de
1261 1136 1381 1172 terrae
1411 1133 1567 1186 gremio
1610 1148 1680 1173 ex-

145 1195 356 1250 surgentia
391 1196 693 1250 prominebant,
732 1195 804 1237 sed
839 1211 912 1251 pro
953 1211 1100 1238 saxoso
1143 1197 1204 1238 sui
1240 1197 1479 1239 fundamine
1531 1204 1571 1239 et
1607 1199 1680 1240 ali-

145 1261 309 1315 quando
330 1262 572 1303 intermixto
598 1277 709 1303 coeno
737 1277 954 1316 squamoso
977 1268 1018 1304 et
1039 1264 1223 1314 humido,
1248 1280 1412 1305 omnem
1437 1280 1551 1319 spem
1572 1266 1680 1307 fruc-

143 1327 328 1369 tificandi
360 1329 644 1384 praeciderant.
717 1329 767 1370 In
795 1327 911 1385 cujus
941 1329 1113 1384 planitie
1145 1330 1274 1372 saltus
1305 1332 1554 1372 silvestrium
1576 1333 1682 1374 fera-

144 1410 236 1436 rum
262 1395 419 1437 solebat
443 1411 530 1437 esse
557 1395 803 1443 uberrimus,
833 1397 1099 1438 venatoribus
1130 1397 1335 1438 indomita
1364 1399 1559 1439 animalia
1581 1400 1679 1440 edu-

146 1463 333 1503 centibus
367 1467 510 1517 gratus
542 1462 780 1512 admodum,
815 1463 1055 1505 commodus
1083 1469 1209 1518 atque
1241 1465 1460 1519 speciosus,
1493 1465 1603 1506 unde
1635 1472 1676 1507 et

147 1527 275 1583 Sepes
311 1529 444 1584 Regia
477 1529 703 1578 dicebatur,
737 1544 811 1584 pro
841 1544 887 1570 eo
913 1530 1022 1583 quod
1053 1545 1105 1571 ex
1127 1531 1237 1572 omni
1259 1531 1423 1586 regione
1445 1532 1487 1572 in
1508 1532 1679 1573 modum

146 1610 305 1636 coronae
338 1611 363 1636 a
395 1595 507 1637 silvis
530 1596 794 1650 circumcingi
831 1596 1104 1650 probabatur;
1140 1603 1264 1651 atque
1305 1603 1353 1638 ut
1385 1598 1503 1639 decet
1539 1614 1678 1654 regem

145 1662 187 1702 in
221 1662 415 1703 accubitu
443 1662 661 1716 quiescere,
697 1667 738 1703 et
775 1663 1067 1718 circumposita
1098 1679 1272 1718 quaeque
1307 1665 1540 1705 ludentium
1575 1667 1679 1707 seria

145 1734 242 1768 ante
278 1734 543 1783 conspectum
580 1744 699 1769 suum
740 1729 893 1783 absque
943 1730 1054 1770 omni
1091 1731 1389 1785 impedimento
1428 1731 1581 1781 videre,
1621 1733 1678 1773 sic

147 1795 317 1848 quilibet
360 1800 535 1836 venatus
566 1794 770 1836 ²formam
800 1795 937 1836 videre
974 1797 1153 1850 cupiens,
1192 1797 1344 1851 absque
1379 1798 1490 1838 omni
1527 1798 1678 1840 laboris

144 1861 441 1915 impedimento
482 1862 538 1903 ibi
576 1867 728 1902 cuncta
762 1866 900 1916 potest
935 1862 1114 1903 ferarum
1151 1863 1396 1904 diverticula
1432 1865 1673 1919 perspicere,

146 1932 186 1967 et
210 1928 464 1969 velocissima
486 1943 633 1969 canum
654 1928 829 1982 vestigia
862 1929 1129 1982 perlustranti
1166 1930 1376 1971 oculorum
1408 1930 1493 1971 acie
1529 1931 1678 1973 clarius

144 1994 298 2035 videre.
361 1993 488 2049 Cujus
510 1994 696 2049 planitiei
719 1994 818 2035 dum
850 2010 953 2049 pene
974 2000 1108 2037 totam
1141 1995 1407 2051 superficiem'
1426 1996 1551 2052 pedes
1584 1999 1678 2039 soli-

145 2075 275 2115 vagus
309 2067 579 2116 peragrasset,
620 2062 741 2116 coepit
772 2061 1010 2103 festinacius
1044 2063 1122 2103 iter
1152 2063 1345 2117 arripere,
1375 2069 1423 2104 ut
1465 2079 1678 2119 progresso

143 2126 327 2168 ulteriori
365 2143 543 2178 nemore,
586 2127 639 2168 ad
674 2128 811 2169 locum
849 2143 970 2182 quem
1012 2128 1331 2180 desideraverat,
1373 2135 1510 2185 posset
1553 2131 1679 2172 attin-

140 2207 249 2247 gere.

201 2260 220 2312 ᾗ
243 2263 311 2301 51.
344 2260 465 2314 Quod
486 2260 680 2314 antiquus
701 2261 917 2302 insidiator
942 2266 983 2302 et
1008 2277 1173 2317 serpens
1194 2267 1405 2321 tortuosus
1427 2278 1533 2317 aegre
1557 2263 1680 2305 nimis

144 2327 353 2376 sustinuit,
397 2332 437 2367 et
473 2327 643 2381 antiquo
679 2332 844 2381 pectore
877 2342 985 2369 nova
1022 2333 1208 2370 tractans
1242 2329 1422 2379 consilia,
1461 2344 1547 2370 sese
1580 2345 1679 2371 mox

142 2392 185 2432 in
217 2393 533 2434 similitudinem
560 2393 645 2448 lupi
680 2393 884 2435 saevientis
917 2395 1153 2442 convertit;
1189 2395 1256 2448 qui
1293 2395 1471 2437 fremens
1498 2401 1540 2436 et
1571 2396 1679 2437 fren-

145 2458 245 2500 dens
266 2464 390 2514 atque
412 2459 633 2500 crudeliter
654 2460 841 2510 saeviens,
865 2460 915 2500 de
938 2461 1040 2501 silva
1070 2461 1215 2501 eadem
1250 2462 1449 2511 ulteriori,
1471 2462 1525 2502 ad
1557 2477 1680 2515 quam

146 2525 206 2566 vir
241 2525 333 2566 Dei-
353 2526 544 2577 tetendit,
584 2526 821 2581 egreditur;
872 2531 913 2567 et
944 2542 1011 2567 ore
1049 2527 1239 2568 stridenti
1274 2542 1322 2568 ac
1362 2529 1504 2582 patulo
1536 2533 1680 2569 contra

143 2605 237 2631 eum
272 2597 361 2633 toto
402 2592 674 2646 malignitatis
715 2593 874 2646 impetu
909 2592 1205 2634 ³debaccando
1244 2595 1522 2648 grassabatur,
1555 2599 1678 2647 atque

142 2658 341 2712 rugiendo
375 2664 416 2699 et
453 2658 680 2699 frendendo
709 2674 812 2712 pene
849 2659 890 2698 in
929 2674 1001 2699 ora
1024 2660 1101 2700 viri
1139 2660 1219 2700 Dei
1252 2660 1405 2701 irruere
1439 2660 1582 2709 voluit,
1615 2675 1677 2701 sa-

193 2805 202 2823 ¹
228 2803 269 2836 In
287 2803 344 2837 the
359 2804 454 2837 Harl.
474 2805 549 2838 MS.
568 2805 706 2850 chapter
726 2804 831 2838 XIX.

190 2850 202 2868 ²
222 2849 406 2902 Fortu-am]
436 2852 457 2868 ‘⁶
471 2851 498 2884 F
503 2863 605 2895 orma,
635 2850 757 2884 modus
784 2862 844 2884 seu
870 2851 955 2884 ratio
985 2850 1105 2895 agendi
1134 2851 1166 2883 in
1196 2850 1339 2894 negotiis
1365 2849 1589 2894 quibusque.'’
1621 2848 1677 2881 Du

148 2895 465 2988 Capffieggsscffilffii]
493 2943 569 2976 MS.
586 2942 828 2976 Debachando.
