1839 3186
701 181 1064 214 ARGUMENTUM.
1625 174 1648 215 9

1455 256 1650 278 CAPITULUM

177 301 302 351 atque
323 296 482 338 hiantia
503 295 743 337 cicatricum
765 294 935 337 vulnera
955 294 1038 337 sale
1071 294 1334 350 superinfuso
1359 310 1453 337 con-

179 364 339 406 triverit
371 397 380 405 .
585 395 593 404 .
799 394 808 403 .
1013 395 1023 405 .
1230 394 1238 402 .
1444 396 1453 405 .
1501 363 1651 420 lxxxij.

123 431 290 484 Quanto
311 429 464 472 lumine
486 428 726 485 perlustrari
749 427 1017 479 consueverit,
1041 433 1082 470 et
1100 428 1175 470 sub
1192 434 1291 483 quot
1313 427 1455 484 figuris

179 497 237 538 illi
272 497 522 552 apparuerit,
546 501 587 537 et
622 496 799 551 qualiter
828 495 878 536 de
906 495 970 537 his
999 495 1219 551 protestari
1246 495 1308 537 vel
1343 496 1453 551 loqui

180 563 391 606 consuevit
588 596 597 604 .
641 614 643 616 .
802 594 812 604 .
1018 595 1026 604 .
1231 594 1239 604 .
1447 597 1455 606 .
1487 563 1653 620 lxxxiij.

123 631 310 684 Qualiter
329 631 416 673 solo
438 630 555 686 panis
579 629 688 671 illius
710 629 846 671 edulio
868 628 1100 684 quindecim
1122 627 1274 671 infirmi
1294 629 1457 672 liberati

180 697 333 740 fuerint
358 698 409 739 ab
432 696 687 752 aegritudinis
709 711 794 738 suae
816 696 1077 738 incommodo
1233 728 1241 737 .
1446 731 1456 740 .
1490 697 1652 740 lxxxiv.

126 764 294 818 Quanta
330 764 505 818 denique
535 763 715 818 corporis
748 763 962 805 debilitate
985 763 1162 805 detritus
1190 763 1256 814 sit,
1290 769 1331 806 et
1353 779 1455 819 quo-

182 832 306 873 modo
336 846 385 873 ea
406 846 495 885 quee
521 830 702 872 exterius
726 831 954 886 agebantur
980 831 1032 872 ab
1061 846 1107 871 eo
1141 830 1390 874 videbantur
1414 836 1456 873 et

184 898 491 940 considentibus
512 898 634 939 abeo
657 897 958 953 detegebantur
1013 930 1022 939 .
1227 931 1237 940 .
1443 931 1452 940 .
1503 898 1649 941 lxxxv.

127 965 342 1018 Quomodo
378 964 568 1019 spiritum
598 963 905 1019 procumbentis
935 964 976 1005 in
1007 964 1148 1019 praelio
1181 965 1327 1006 eadem
1354 965 1457 1007 hora

182 1032 299 1082 vidit,
327 1036 367 1073 et
394 1031 437 1072 id
458 1030 601 1072 statim
625 1030 823 1072 ministris
859 1030 941 1072 suis
973 1031 1162 1082 edixerit,
1185 1032 1251 1073 vel
1277 1032 1454 1086 qualiter

182 1098 270 1140 haec
292 1097 429 1139 omnia
451 1097 487 1139 ei
508 1097 691 1139 revelata
712 1097 865 1139 fuerint
1014 1131 1023 1139 .
1230 1131 1239 1139 .
1445 1133 1453 1141 .
1489 1100 1651 1157 lxxxvj.

127 1165 190 1206 De
226 1165 429 1206 heremita
467 1164 537 1219 qui
573 1164 787 1206 consilium
827 1164 881 1205 ab
921 1180 968 1206 eo
1010 1164 1143 1220 petiit,
1180 1165 1384 1220 quomodo
1418 1166 1454 1207 ei

182 1232 317 1273 locum
340 1231 593 1272 destinatum
623 1231 932 1287 praescripserit,
962 1236 1004 1273 et
1026 1231 1188 1287 singula
1220 1232 1298 1274 loci
1326 1232 1455 1289 ipsius

184 1298 428 1340 diverticula
449 1299 485 1339 ei
507 1298 766 1354 depingendo
789 1298 1026 1353 exposuerit
1231 1331 1240 1342 .
1447 1333 1455 1342 .
1474 1300 1652 1358 lxxxvij.

128 1365 238 1418 Quid
271 1365 405 1408 Priori
438 1365 603 1416 dixerit,
638 1370 679 1406 et
712 1365 917 1419 quomodo
952 1380 1170 1407 numerum
1206 1366 1458 1420 equestrium

184 1432 219 1473 ei
245 1431 493 1487 exposuerit,
519 1437 643 1485 atque
665 1432 819 1473 colores
849 1447 1047 1487 equorum
1072 1432 1338 1489 singulorum,
1362 1449 1456 1475 cum

181 1499 334 1540 habitu,
349 1499 524 1549 illorum,
551 1498 587 1539 ei
609 1498 869 1554 descripserit
1013 1531 1021 1541 .
1228 1532 1238 1542 .
1462 1500 1656 1558 lxxxviij.

127 1566 191 1607 De
212 1565 299 1608 viro
322 1581 443 1620 quem
470 1565 589 1606 fratri
623 1566 776 1607 Missas
811 1566 1067 1607 celebraturo
1103 1567 1268 1609 obviam
1302 1568 1458 1610 venisse

184 1632 391 1687 praedixit,
417 1632 482 1673 vel
505 1632 709 1687 quomodo
730 1632 895 1674 fraudes
915 1633 1093 1674 ministri
1118 1634 1180 1675 sui
1203 1634 1408 1676 detexerit
1446 1668 1455 1677 .
1491 1635 1656 1677 lxxxix,

130 1699 240 1751 Quot
272 1699 565 1754 phantasmata
596 1698 830 1740 daemonum
865 1700 1094 1754 pertulerit,
1131 1701 1195 1742 vel
1227 1701 1302 1742 sub
1333 1717 1457 1756 quam

186 1765 309 1807 variis
331 1781 471 1806 eorum
492 1764 700 1820 figmentis
722 1765 779 1807 eis
802 1765 988 1816 illuserit,
1008 1772 1049 1808 et
1067 1772 1221 1822 quanta
1242 1767 1293 1809 de
1317 1783 1457 1809 eorum

187 1831 466 1873 moliminibus
491 1837 687 1886 expertus
707 1832 760 1874 sit
798 1864 807 1873 .
1012 1866 1021 1874 .
1229 1866 1237 1875 .
1443 1867 1451 1875 .
1588 1850 1654 1877 xc.

131 1898 489 1952 Quemadmodum
512 1898 699 1940 diabolus
722 1899 861 1940 furens
879 1914 973 1940 cum
993 1899 1150 1951 framea
1170 1899 1302 1955 ignita
1323 1900 1458 1943 virum

186 1965 265 2007 Dei
289 1964 521 2020 impetivit;
557 1970 597 2006 et
633 1965 700 2006 ille
731 1965 867 2007 nudus
902 1970 1047 2008 contra
1076 1966 1191 2008 illum
1227 1967 1455 2022 prosiliens,

187 2031 258 2072 diu
280 2047 376 2087 erga
396 2032 531 2086 ipsum
552 2030 738 2074 conflixit
759 2037 883 2086 atque
908 2033 1121 2075 contendit
1231 2067 1240 2076 .
1447 2069 1455 2076 .
1575 2035 1656 2092 xcj.

129 2098 317 2152 Qualiter
338 2098 588 2140 Psalterium
611 2098 732 2140 Beati
767 2099 1017 2155 Hieronymi
1049 2115 1212 2156 semper
1232 2100 1454 2143 circumtu-

186 2165 293 2215 lerit,
320 2165 423 2207 adeo
447 2170 493 2207 ut
516 2165 670 2221 digitus
694 2164 781 2222 ejus
811 2166 1050 2208 auricularis
1081 2172 1225 2223 postea
1246 2173 1459 2210 contortus

184 2232 237 2273 sit
375 2264 384 2272 .
542 2271 545 2273 ,
590 2265 598 2273 .
805 2265 814 2274 .
1020 2266 1028 2275 .
1237 2267 1245 2275 .
1451 2268 1459 2277 .
1560 2235 1654 2292 xcij.

129 2297 489 2351 Quemadmodum
536 2303 657 2340 nocte
705 2298 886 2354 paschali
934 2300 1119 2355 Angelos
1165 2316 1259 2342 cum
1305 2301 1458 2343 Sancto

188 2364 387 2406 Nicholao
415 2365 523 2406 circa
554 2365 814 2420 sepulchrum
847 2365 1017 2408 Domini
1039 2372 1232 2409 canentes
1253 2373 1295 2409 et
1319 2368 1458 2411 minis-

187 2436 347 2472 trantes
370 2431 534 2481 viderit,
559 2436 599 2472 et
621 2446 714 2473 cum
738 2431 794 2473 eis
816 2447 961 2474 canere
983 2434 1256 2476 commonitus
1277 2435 1331 2476 sit
1449 2469 1458 2478 .
1544 2435 1653 2492 xciij.

129 2497 317 2551 Qualiter
341 2497 476 2539 verbis
498 2498 696 2540 Romanis
726 2498 888 2541 locutus
918 2499 984 2549 sit,
1009 2505 1050 2541 et
1084 2500 1162 2542 hac
1188 2500 1329 2557 lingua
1349 2517 1456 2556 quae-

186 2564 282 2605 dam
309 2564 448 2619 ignota
469 2564 705 2606 disseruerit
806 2597 815 2607 .
1020 2599 1029 2608 .
1233 2600 1242 2609 .
1446 2602 1454 2610 .
1545 2570 1652 2612 xciv.

132 2630 195 2671 De
228 2630 373 2686 spiritu
409 2629 623 2686 cujusdam
649 2631 736 2682 viri,
773 2647 895 2686 quem
930 2648 1003 2687 per
1040 2638 1257 2688 angustam
1292 2638 1455 2689 portam

185 2697 290 2738 vidit
320 2697 374 2737 ad
409 2697 529 2738 coelos
564 2697 709 2747 efferri,
742 2697 857 2753 cujus
889 2714 962 2753 pro
990 2699 1194 2754 exsequiis
1223 2700 1384 2751 cecinit,
1416 2705 1457 2742 et

187 2763 286 2817 quid
308 2763 358 2804 de
383 2764 498 2804 obitu
519 2763 665 2805 mortis
685 2765 911 2806 multorum
934 2765 1087 2806 dixerit
1231 2799 1239 2807 .
1445 2798 1454 2809 .
1560 2783 1651 2811 xcv.

132 2829 195 2870 Ut
218 2829 351 2871 verbis
372 2829 570 2872 Romanis
593 2829 732 2871 futura
752 2831 1006 2886 praedixerit,
1027 2836 1068 2872 et
1085 2832 1288 2885 quomodo
1309 2833 1455 2874 salmo—

189 2911 282 2936 nem
306 2895 512 2937 viventem
538 2912 589 2939 ex
611 2897 820 2940 arentibus
842 2897 998 2952 stagnis
1019 2897 1190 2952 produci
1216 2898 1451 2953 impetravit
1545 2901 1651 2957 xcvj.
