1839 3186
202 176 286 216 446
733 186 968 220 LIBELLUS
1000 186 1064 218 DE
1096 187 1212 218 VITA

201 307 407 347 spumans,
434 307 482 333 ac
516 291 699 347 disjectis
738 291 849 332 omni
885 296 1003 346 parte
1035 291 1212 346 turpiter
1236 290 1426 332 omnibus
1459 290 1656 332 membris
1691 304 1732 331 se

196 357 367 414 jacebat
390 357 547 414 ejulans
582 373 630 400 ac
660 359 905 400 lamentans.
969 358 1073 411 Quae
1104 357 1304 412 passionis
1331 356 1497 398 miseria
1517 372 1589 411 per
1610 355 1731 397 dimi-

204 425 315 466 diam
350 425 460 466 diem
494 425 560 467 vel
591 429 757 466 noctem
792 424 908 465 illum
933 424 1125 466 vexando
1159 423 1370 465 consuevit
1403 438 1490 465 esse
1523 423 1731 472 continua,

203 492 396 546 omnique
417 497 600 547 tempore
617 491 682 533 die
703 495 776 532 aut
797 496 918 532 nocte
939 491 997 532 illi
1020 490 1246 532 certissime
1266 495 1529 545 proventura.

260 558 398 610 §57L
432 558 640 613 Concepto
676 557 848 599 tandem
884 557 1052 599 consilio
1088 556 1254 606 salubri,
1280 556 1333 597 ad
1369 556 1559 597 tumbam
1586 570 1734 611 prope-

202 625 310 667 ravit
333 625 477 666 Sancti
499 624 681 675 Godrici,
704 623 776 665 ubi
798 623 937 664 dilecti
957 624 1048 666 Deo
1084 622 1206 664 amici
1237 622 1395 664 meritis
1416 638 1441 664 a
1461 627 1550 664 tam
1578 621 1732 663 crudeli

202 691 355 732 meruit
389 691 491 746 eripi
519 705 668 746 genere
703 690 924 745 languoris,
957 705 1160 744 sanusque
1194 689 1364 730 domum
1395 689 1532 740 rediit,
1554 703 1603 730 ac
1638 703 1734 729 cum

200 758 312 799 omni
333 758 606 813 prosperitate
624 772 697 812 per
713 757 809 798 anni
830 756 1048 800 dimidium
1069 756 1200 798 vitam
1221 756 1494 811 temporalem
1517 754 1733 810 transegit.

203 824 391 879 Denique
434 824 586 865 timens
620 839 671 864 ne
715 823 933 878 pristinam
975 823 1125 864 doloris
1163 821 1449 863 infirmitatem
1490 822 1728 872 incurreret,

201 891 383 945 aliquam
417 890 706 932 medicinalem
730 905 898 945 operam
930 889 1191 944 frequentare
1224 889 1414 937 curavit;
1447 889 1593 931 videns
1624 888 1732 929 fort-e

203 957 465 1012 providentia
502 957 583 998 Dei
614 956 725 1011 quod
761 955 918 998 diffisus
951 956 1096 998 fuisset
1133 956 1185 997 de
1218 956 1295 998 viri
1333 956 1413 997 Dei
1450 953 1733 997 subventionis

201 1023 433 1074 clementia,
456 1023 643 1078 permisit
675 1023 791 1064 illum
823 1023 1103 1078 agritudinem
1138 1023 1317 1077 priorem
1351 1022 1572 1072 incurrere,
1602 1026 1644 1062 et
1675 1020 1732 1062 sic

201 1090 449 1131 temeritatis
489 1105 573 1131 suae
609 1089 888 1145 insipientiam
938 1090 1166 1139 sentiendO,
1217 1088 1430 1130 sustinere.
1512 1087 1638 1129 Unde
1679 1087 1734 1128 ad

204 1155 405 1198 Sanctum
427 1156 644 1198 Andream
665 1157 707 1197 in
731 1156 917 1197 Scotiam
954 1156 1164 1211 profectus
1189 1160 1263 1205 est,
1297 1155 1370 1197 sed
1398 1154 1456 1196 ibi
1494 1154 1733 1196 demoratus

204 1227 246 1264 et
267 1223 430 1265 rediens
450 1224 492 1264 in
516 1223 629 1264 nullo
653 1221 821 1278 adjutus
843 1227 918 1264 est.
984 1222 1175 1276 Denique
1196 1221 1467 1277 compellente
1490 1220 1734 1276 aegritudine

202 1304 290 1339 sua,
314 1289 368 1331 ad
391 1289 534 1331 Sancti
557 1289 726 1330 Grodrici
751 1288 1012 1344 sepulchrum
1033 1288 1185 1337 rediit;
1219 1304 1268 1329 ac
1291 1288 1496 1343 prioribus
1519 1286 1735 1328 medicinis

201 1371 254 1397 ex
279 1356 401 1398 corde
421 1349 679 1407 renuncians,
703 1355 754 1397 de
775 1360 895 1397 tanto
916 1370 1055 1397 rursus
1075 1355 1336 1397 incommodo
1356 1354 1576 1397 1liberatus
1598 1359 1674 1395 est.

219 1519 330 1545 CXCV.
376 1519 428 1544 DE
458 1518 739 1545 CARPENTARIQ)
776 1519 1025 1545 AEGROTANTE
1057 1519 1227 1554 SANATO,
1261 1520 1309 1545 ET
1340 1520 1391 1544 DE
1423 1519 1595 1545 VISIONIS
1630 1520 1737 1544 PRAE-

749 1586 952 1611 MIRANDAE
983 1586 1203 1611 MIRACULO.

269 1670 287 1722 ξ
310 1668 408 1714 572.
444 1670 654 1711 MINJSTER
675 1670 842 1724 quidam
864 1674 1085 1710 veteranus
1102 1668 1351 1723 carpentarii
1372 1666 1504 1709 officio
1529 1669 1569 1709 in
1592 1668 1736 1709 eadem

204 1737 326 1777 domo
362 1737 614 1792 perfunctus,
637 1736 787 1778 lectulo
819 1735 1028 1786 decubuit,
1051 1736 1147 1789 quia
1180 1735 1297 1790 gravi
1333 1734 1593 1790 aegritudinis
1629 1735 1736 1775 mole

203 1804 432 1858 depressus,
456 1803 532 1845 sibi
553 1803 769 1845 subvenire
799 1818 882 1843 non
912 1802 1078 1857 potuit3
1114 1803 1182 1856 qui
1205 1816 1369 1842 omnem
1391 1801 1453 1843 sui
1478 1800 1672 1842 fiduciam
1694 1802 1736 1842 in

204 1869 358 1911 Sancto
396 1870 576 1911 Godrico
611 1868 784 1911 firmiter
824 1869 1111 1919 collocaverat,
1156 1867 1272 1924 cujus
1304 1867 1557 1922 quotidianis
1596 1868 1738 1909 minis-

203 1937 318 1977 teriis
349 1937 514 1978 sedulus
546 1936 809 1978 inserviebat.
873 1934 1033 1990 Nempe
1070 1935 1170 1976 dum
1208 1935 1390 1976 advenas
1425 1940 1466 1976 et
1503 1934 1739 1989 peregrinos

202 2019 276 2058 per
308 2003 449 2044 domni
483 2003 544 2044 sui
577 2003 739 2052 merita,
782 2002 847 2043 cui
891 2001 1102 2043 servitutis
1138 2016 1221 2043 suae
1256 2016 1429 2056 pensum
1462 2001 1737 2056 persolvebat,

203 2085 327 2123 quam
362 2069 533 2111 celerius
570 2074 612 2110 et
637 2068 798 2110 facilius
833 2068 967 2109 curari
994 2068 1168 2118 viderat,
1204 2068 1255 2108 de
1288 2066 1374 2122 ejus
1409 2082 1485 2122 ope
1517 2072 1557 2108 et
1578 2072 1738 2121 protec-

204 2136 316 2176 tione
350 2134 622 2176 fluctuantem
645 2150 697 2176 ex
717 2133 958 2175 infirmitate
980 2134 1164 2175 animum
1194 2133 1237 2174 in
1268 2149 1338 2188 spe
1364 2132 1599 2175 firmissima
1620 2134 1742 2174 collo-

203 2202 337 2245 cabat.
408 2201 542 2242 Nocte
578 2201 706 2256 igitur
731 2200 1056 2255 superveniente,
1082 2200 1190 2241 lecto
1223 2200 1484 2252 decumbens,
1508 2199 1741 2241 obdormire

253 2291 261 2309 ¹
283 2290 458 2324 Liberatus
473 2289 548 2335 est]
574 2291 594 2310 “
608 2288 803 2322 Gilebcrtus
818 2288 955 2333 quidam
974 2288 1116 2321 clericus
1135 2287 1176 2321 dc
1191 2288 1387 2321 Crauecrost
1405 2288 1603 2321 infirmitate
1615 2287 1741 2333 gravis—

203 2338 290 2372 sima
313 2348 373 2382 per
399 2348 505 2369 annos
530 2335 693 2381 plurimos
720 2335 896 2368 laboravit.
947 2334 1121 2368 Sentiebat
1147 2334 1238 2367 enim
1264 2334 1353 2368 circa
1376 2334 1577 2368 umbilicum
1600 2334 1741 2367 interius

204 2384 299 2430 quasi
318 2383 450 2428 reptilia
468 2382 624 2427 quaedam
641 2393 677 2415 se
694 2381 866 2415 moventia
883 2387 916 2414 et
934 2381 1095 2414 intestina
1112 2382 1185 2424 ejus
1204 2381 1437 2426 depascentia3
1465 2387 1497 2414 et
1515 2381 1595 2414 inde
1612 2380 1741 2414 solebat

203 2429 501 2464 vehementissime
527 2428 679 2462 cruciari.
732 2427 875 2470 Quoties
893 2428 1004 2473 ipsum
1022 2427 1223 2472 corripiebat
1242 2427 1315 2460 haec
1332 2427 1456 2473 passio,
1475 2427 1688 2460 volutabatur
1705 2426 1739 2459 in

204 2484 293 2510 terra
310 2475 441 2520 ejulans
459 2481 492 2508 et
508 2475 709 2517 lamentans,
736 2486 798 2507 nec
821 2473 863 2507 ab
887 2474 1007 2507 eodem
1032 2474 1107 2507 loco
1128 2474 1238 2518 potuit
1260 2474 1394 2507 interim
1414 2473 1465 2507 vel
1483 2485 1542 2519 per
1558 2484 1594 2507 se
1613 2473 1664 2506 vel
1680 2484 1740 2518 per

204 2523 308 2556 alium
327 2522 501 2555 dimoveri.
551 2520 708 2554 Membra
730 2532 862 2565 quoque
887 2532 947 2553 sua
970 2526 1131 2565 tanquam
1156 2520 1347 2553 insensatus
1375 2521 1638 2564 circumquaque
1666 2521 1739 2563 jae-

203 2570 308 2603 tabat.
360 2569 435 2602 Hoc
452 2567 636 2601 miserabili
654 2578 776 2611 genere
793 2566 959 2612 passionis
981 2578 1039 2611 per
1062 2565 1241 2599 dimidium
1263 2566 1355 2599 diem
1372 2566 1424 2599 vel
1442 2572 1576 2599 noctem
1594 2565 1741 2599 vexaba-

202 2622 268 2657 tur,
294 2615 348 2649 die
367 2614 517 2660 quolibet
534 2613 692 2647 naturali.
743 2613 810 2646 Hic
829 2612 870 2646 ad
888 2612 1041 2645 tumbam
1060 2613 1174 2645 Sancti
1195 2612 1334 2646 Godrici
1352 2612 1487 2658 plenam
1505 2612 1632 2657 recepit
1650 2612 1740 2645 sani-

201 2669 307 2695 tatem
325 2674 333 2702 3
359 2668 391 2694 et
410 2661 548 2694 domum
566 2671 728 2703 reversus,
752 2671 810 2704 per
828 2659 905 2692 anni
926 2658 1107 2691 dimidium
1125 2658 1210 2691 vixit
1228 2658 1421 2693 incolumis.
1473 2658 1569 2692 Tunc
1588 2658 1679 2691 velut
1697 2658 1738 2691 de

203 2709 317 2742 Sancti
336 2707 475 2740 Godrici
493 2706 702 2751 benignitate
727 2705 869 2745 diffisus,
898 2710 931 2738 et
956 2706 1081 2738 timens
1106 2716 1148 2737 ne
1173 2704 1309 2737 morbus
1335 2705 1391 2738 ille
1416 2711 1609 2747 recurreret,
1637 2704 1739 2749 coepit

203 2754 270 2787 illis
288 2754 337 2787 uti
356 2753 478 2798 quibus
496 2753 577 2786 olim
595 2758 787 2786 assueverat
804 2751 993 2794 medicinis,
1013 2756 1045 2784 et
1062 2762 1144 2783 mox
1162 2751 1301 2795 antiqua
1316 2752 1428 2796 passio
1446 2751 1617 2784 remeavit.
1659 2750 1739 2783 Pro-

204 2801 312 2834 fectus
331 2806 381 2833 est
398 2800 500 2844 igitur
517 2799 559 2832 ad
574 2800 735 2832 Sanctum
750 2798 931 2839 Andream,
945 2798 1003 2831 sed
1021 2797 1068 2830 ibi
1084 2796 1287 2841 demoratus,
1305 2797 1390 2830 nihil
1405 2804 1455 2831 est
1469 2797 1607 2830 remedii
1624 2808 1740 2830 conse-

205 2853 315 2880 cutus.
379 2846 531 2879 Tandem
562 2846 603 2878 ad
631 2845 719 2878 beati
750 2844 889 2878 Godrici
917 2844 1070 2877 tumbam
1099 2843 1198 2876 rediit
1216 2857 1224 2885 3
1260 2848 1293 2876 et
1320 2844 1367 2877 ibi
1396 2844 1574 2877 medicinae
1602 2843 1738 2876 omnino

202 2893 408 2934 renuntians,
428 2893 591 2936 integram
610 2891 736 2936 reecpit
756 2891 877 2924 iterum
896 2889 1131 2935 sospitatem.'’
1183 2890 1294 2925 Anon.
1316 2890 1477 2923 Harleian
1496 2889 1645 2934 Legend.
