1839 3186
201 169 284 209 234
715 177 947 210 LIBELLUS
984 178 1048 209 DE
1084 177 1198 209 VITA

196 377 283 404 CAP.
316 376 426 404 CXIV.
488 377 690 408 QUALITER
718 377 915 404 DIABOLUS
946 378 991 404 IN
1021 378 1285 406 PEREGRINUM
1315 377 1652 414 TRANSMUTATUS,
1686 377 1727 403 EI

395 444 701 471 IMPROPERAVIT
718 446 729 477 ζ
763 445 812 470 ΕΤ
833 445 1035 474 QUALITER
1056 445 1109 470 AB
1130 445 1218 470 ILLO
1239 444 1433 470 DEVICTUS
1454 428 1545 470 SIT.1

252 543 271 595 ξ
294 544 392 584 220.
426 543 624 596 QUAMvis
653 542 893 598 prophetico
914 543 1057 598 vigens
1078 543 1221 598 spiritu
1252 543 1386 584 multa
1408 543 1550 585 futura
1575 543 1724 598 praedi-

196 613 322 657 ceret‚
345 609 405 650 ita
424 614 565 650 tamen
587 609 717 651 vitam
740 609 849 651 illius
873 609 988 650 Deus
1008 609 1314 659 informaverat,
1337 613 1384 650 ut
1404 624 1616 663 nunquam
1637 610 1724 651 sine

194 675 518 729 temptationum
540 673 731 716 conflictu
754 675 967 730 praesentis
987 675 1083 716 vitae
1105 675 1329 716 transitum
1357 676 1582 730 transigere
1604 680 1724 730 potu-

195 741 307 782 isset.
371 742 479 782 Nam
503 741 662 795 quoties
685 741 816 782 carnis
846 741 1037 782 molestia
1057 741 1122 781 vel
1149 739 1391 781 infirmitate
1417 742 1596 791 carebat,
1620 756 1724 782 sem-

195 822 268 861 per
295 807 575 849 indesinenter
604 807 879 862 malignorum
905 806 1091 848 incursus
1122 806 1341 861 spirituum
1373 822 1414 848 se
1442 807 1639 848 acerrime
1663 808 1724 848 in-

195 873 437 914 festantium
464 873 624 928 perpeti
654 877 950 925 consueverat3
985 888 1144 927 nempe,
1173 877 1220 913 ut
1243 872 1397 914 Christi
1429 873 1558 914 2forte
1586 879 1724 928 posset

195 939 315 980 miles
353 939 548 980 emeritus
583 954 794 993 nunquam
828 954 854 980 a
891 940 1114 980 certamine
1152 938 1355 993 spirituali
1395 939 1480 980 sive
1524 939 1725 994 corporali

195 1019 342 1046 vacare
369 1005 505 1060 potuit
534 1005 746 1059 aliquanto
773 1010 959 1060 tempore
987 1005 1158 1047 ociosus.
1221 1004 1412 1057 Quadam
1442 1020 1619 1059 namque
1642 1005 1721 1055 die,

197 1070 298 1112 dum
327 1085 467 1112 secum
498 1071 658 1112 sederet
689 1072 731 1112 in
762 1072 866 1112 cella
893 1071 1111 1122 solitarius,
1135 1086 1241 1121 ecce,
1265 1071 1432 1124 quidam
1454 1072 1569 1125 quasi
1590 1072 1723 1126 specie

195 1137 261 1178 vel
282 1137 429 1178 habitu
449 1138 687 1192 peregrinus
709 1137 745 1178 ei
764 1137 910 1187 astitit,
932 1142 973 1178 et
994 1137 1096 1178 talia
1114 1152 1212 1192 erga
1233 1152 1327 1178 eum
1347 1137 1627 1187 confabulans,
1650 1137 1722 1188 ait,

200 1206 227 1227 ‘⁶
248 1203 329 1253 En,
348 1203 536 1253 Godrice,
551 1203 652 1244 mihi
669 1208 710 1244 et
731 1204 812 1244 mei
833 1203 1103 1258 pauperrimis
1125 1203 1402 1244 consimilibus
1424 1203 1486 1244 tui
1503 1208 1609 1245 esset
1631 1219 1722 1258 pro-

197 1269 334 1323 prium
358 1269 513 1323 aliquid
527 1270 796 1325 eleemosynae
819 1270 930 1319 dare,
949 1275 989 1310 et
1008 1285 1082 1311 nos
1095 1274 1260 1310 tuorum
1277 1269 1509 1324 sumptibus
1526 1270 1723 1311 sudorum

196 1335 350 1385 fovere,
367 1340 612 1385 sustentare,
631 1340 672 1376 et
693 1351 890 1377 recreare.
933 1335 1042 1376 Nam
1065 1335 1123 1376 illi
1140 1335 1328 1389 3quando
1349 1335 1560 1377 heremitae
1576 1336 1722 1377 famosi

196 1402 309 1442 nullo
330 1407 541 1442 momento
562 1401 760 1456 temporis
781 1401 865 1442 otio
887 1401 1171 1456 indulgebant,
1195 1401 1267 1443 sed
1289 1416 1450 1456 semper
1471 1401 1558 1443 sine
1584 1402 1723 1456 aliqua

196 1466 497 1509 intermissione
538 1468 742 1521 aliquibus
782 1468 970 1508 laborum
1016 1468 1223 1508 exercitiis
1270 1468 1424 1509 arctius
1462 1468 1720 1518 insistebant,

195 1533 305 1574 unde
335 1533 386 1574 de
418 1533 500 1575 suis
530 1533 739 1575 laboribus
770 1548 998 1588 pauperum
1028 1534 1236 1575 miseriam
1267 1538 1548 1575 sustentantes
1566 1534 1722 1575 refove-

196 1600 310 1649 bant,
341 1604 382 1640 et
413 1600 502 1641 aliis
529 1599 641 1641 cibos
666 1600 826 1649 dantes,
860 1600 938 1654 ipsi
966 1598 1100 1655 jejuni
1130 1599 1396 1641 1naneba11t.”
1460 1600 1618 1652 Quibus
1639 1600 1720 1650 ille,

199 1665 302 1706 “Et
329 1680 403 1706 nos
433 1666 476 1706 in
503 1665 650 1719 quibus
678 1681 894 1720 possumus
924 1666 1102 1707 libenter
1133 1665 1381 1721 pauperibus
1416 1666 1721 1707 subve11imus.”

198 1731 473 1773 Stomachans
503 1746 599 1786 ergo
630 1732 869 1786 peregrinus
899 1732 966 1773 ille
988 1747 1085 1786 erga
1116 1732 1232 1772 illum
1263 1737 1305 1773 et
1336 1732 1617 1787 improperans
1648 1732 1720 1782 ait,

198 1801 223 1819 “
241 1797 306 1838 Tu
335 1798 513 1839 rusticus
545 1812 587 1839 es
618 1798 776 1848 obesus,
804 1803 845 1839 et
872 1798 998 1839 falsus
1030 1798 1262 1846 solitarius,
1297 1813 1394 1838 nam
1425 1799 1562 1852 potius
1583 1798 1722 1840 vocari

197 1863 321 1904 debes
352 1863 617 1904 stercorarius
649 1879 773 1917 quam
803 1864 1032 1912 Godricus3
1066 1879 1162 1904 nam
1193 1863 1348 1905 nomini
1379 1869 1452 1904 tuo
1483 1864 1721 1919 turpissimo

196 1929 398 1984 congruis,
422 1929 491 1983 qui
514 1929 720 1971 Godricus
754 1930 932 1971 rusticus
966 1930 1167 1985 pessimus
1199 1938 1240 1971 et
1276 1944 1492 1984 porcorum
1521 1945 1604 1971 arae
1627 1945 1721 1985 pur-

194 2000 315 2049 gator
350 1995 701 2049 inquinatissimus
729 1993 825 2050 jure
861 1996 937 2036 tibi
968 1995 1133 2036 4debito
1170 1996 1222 2036 ab
1258 1996 1447 2037 omnibus
1482 1996 1719 2037 nominaris.

197 2061 262 2101 Tu
292 2061 400 2101 enim
425 2066 467 2102 te
495 2069 685 2102 sanctum
712 2060 844 2116 fingis,
871 2076 965 2102 cum
994 2061 1277 2102 detestabilior
1298 2062 1481 2102 omnium
1507 2061 1722 2102 hominum

194 2127 289 2168 sis.”
350 2126 423 2167 Ad
444 2127 554 2180 quod
585 2127 799 2168 subridens
827 2127 972 2176 senior,
996 2127 1214 2181 oculosque
1241 2128 1281 2167 in
1311 2127 1425 2167 illum
1455 2127 1646 2182 dirigens,
1679 2132 1720 2168 et

196 2192 402 2233 neminem
423 2192 550 2233 alium
575 2207 696 2246 quam
721 2193 930 2233 diabolum
953 2208 1039 2234 esse
1062 2208 1321 2248 cognoscens,
1346 2193 1453 2234 dixit
1480 2193 1552 2243 illi,
1588 2199 1616 2218 ‘⁶
1632 2193 1722 2234 Ad-

190 2256 286 2313 juro
319 2263 375 2308 te,
407 2258 628 2298 maledicte
661 2258 840 2313 spiritus,
871 2263 918 2299 ut
940 2273 1063 2312 quam
1095 2259 1216 2300 citius
1245 2259 1342 2299 hinc
1371 2259 1551 2310 recedas,
1584 2264 1625 2300 et
1655 2274 1721 2300 me

197 2338 360 2365 servum
389 2324 421 2364 J
425 2338 495 2365 esu
523 2323 676 2365 Christi
718 2324 891 2365 ulterius
926 2322 1088 2365 ⁵fallere
1124 2340 1207 2365 non
1236 2325 1501 2380 praesumas.”
1563 2324 1722 2377 Quibus

193 2461 302 2494 neque
320 2450 527 2483 Dunelmum
546 2450 690 2494 amplius
716 2450 942 2495 contingetis.’
994 2451 1071 2496 Ipse
1090 2451 1225 2496 quidem
1244 2453 1277 2485 in
1295 2452 1359 2486 hoc
1377 2452 1496 2485 itinere
1513 2452 1602 2497 apud
1620 2451 1723 2485 Sanc-

194 2502 266 2529 tum
284 2496 455 2529 Albanum
474 2496 583 2529 faetus
601 2502 651 2529 est
668 2497 853 2530 monachus
871 2509 879 2538 3
906 2503 939 2530 ct
955 2498 1045 2542 prior
1064 2498 1305 2532 Dunclmcnsis
1324 2499 1442 2532 Romae
1460 2498 1591 2531 rediens
1610 2504 1722 2531 extre-

192 2554 285 2575 mum
305 2542 394 2575 diem
413 2542 533 2575 clausit
551 2542 585 2575 in
600 2542 760 2576 Galliis.’⁷

239 2588 249 2607 ¹
278 2588 317 2620 In
335 2588 392 2620 the
412 2588 506 2621 Harl.
526 2588 602 2621 MS.
620 2589 757 2634 chapter
774 2588 1003 2625 LXXXVII.

239 2635 252 2653 ²
272 2633 405 2680 Forata]
433 2635 530 2677 Fore,
552 2634 599 2667 H.

240 2681 252 2700 ³
273 2679 441 2725 Quando]
470 2680 661 2722 Quondam,
684 2681 731 2715 H.

240 2728 251 2746 ‘¹
272 2725 423 2771 Debita]
452 2726 588 2770 Dedito,
610 2727 658 2761 H.

239 2773 250 2792 ⁵
277 2769 429 2817 Fallcres]
456 2773 538 2806 This
557 2773 647 2806 word
665 2773 692 2806 is
711 2774 842 2806 written
860 2773 993 2818 beyond
1012 2773 1067 2806 the
1085 2773 1152 2806 line
1170 2774 1203 2806 in
1226 2775 1269 2807 Β.
