1839 3186
197 179 250 219 64
713 184 946 217 LIBELLUS
983 183 1046 215 DE
1083 184 1198 215 VITA

194 292 346 342 liendo,
377 289 608 333 simulando
643 295 685 331 et
723 290 943 341 saeviendo,
973 290 1163 331 omnibus
1193 288 1328 331 modis
1361 288 1508 343 quibus
1538 290 1654 331 novit
1682 304 1729 330 ac

194 359 345 415 potuit.
418 358 600 412 Jamque
638 357 741 398 nihil
777 358 961 398 medium
998 357 1187 399 interfuit
1226 371 1305 411 quo
1343 372 1425 397 non
1459 356 1730 411 intemptaret

195 426 362 467 omnino
403 426 468 467 vel
500 426 641 467 vivum
685 425 916 476 absorbere,
945 425 1011 466 vel
1046 424 1317 465 dilaceratum
1349 428 1486 464 totum
1520 424 1562 465 in
1597 424 1731 465 frusta

195 493 438 548 discerpere,
462 507 533 534 seu
556 492 606 533 de
627 492 827 533 memoria
847 492 1076 533 viventium
1097 492 1262 546 penitus
1284 490 1553 546 exstirpando
1579 490 1728 531 delere.

197 560 319 612 Quod
340 560 403 601 vir
423 559 505 600 Dei
524 559 790 614 conspiciens,
818 558 871 599 ad
893 558 1015 600 solita
1038 557 1271 599 orationum
1290 573 1333 599 se
1354 573 1470 598 arma
1500 562 1614 598 totus
1636 572 1731 598 6011-

195 626 350 675 vertit;
404 630 446 667 et
494 626 640 667 larvali
685 630 870 667 monstro
911 630 1049 666 erecta
1089 640 1217 665 manu
1265 624 1522 680 signaculum
1568 624 1731 665 Sanctae

197 692 341 735 Crucis
372 693 576 748 opposuit.
649 692 864 733 Intellexit
905 691 1072 746 quidem
1106 691 1230 732 istam
1267 691 1439 746 maligni
1478 691 1607 732 hostis
1643 706 1730 733 esse

195 760 422 802 versutiam
461 764 502 800 et
544 759 729 800 dolosam
760 758 918 799 fraudis
957 759 1085 813 ipsius
1116 758 1315 798 astutiam
1354 758 1618 806 virulentam,
1661 758 1729 812 qui

197 842 291 868 eum
322 826 475 867 talibus
514 825 733 881 praestigiis
769 826 996 866 conabatur
1030 840 1055 866 a
1094 825 1305 880 proposito
1341 830 1484 865 sancto
1522 824 1729 874 divellere,

196 898 238 934 et
275 908 300 934 a
333 892 412 934 loci
442 893 570 947 ipsius
604 891 825 933 solitudine
856 892 986 933 tantis
1016 892 1213 946 nequitiae
1245 891 1474 946 phantasiis
1509 891 1728 946 expellere.

197 960 314 1001 Tunc
350 959 413 1001 vir
449 959 542 1009 Dei,
579 963 604 981 ‘⁶
624 957 828 1014 Adjuro,”
853 959 1000 1013 inquit,
1038 963 1063 981 ‘⁶
1079 964 1136 1006 te,
1168 959 1210 999 in
1240 959 1405 999 nomine
1443 957 1607 999 Sanctae
1640 958 1729 1000 Tri-

194 1026 351 1077 nitatis,
388 1042 439 1067 ne
473 1025 576 1067 mihi
607 1026 649 1066 in
681 1026 817 1080 aliquo
852 1025 1025 1067 ulterius
1054 1026 1287 1066 molestiam
1322 1025 1461 1075 facias,
1492 1040 1625 1079 neque
1661 1025 1731 1066 de-

195 1093 384 1148 cipiendo
421 1092 659 1133 dementare
696 1108 954 1147 praesumas3
1004 1092 1114 1147 quod
1149 1092 1181 1133 si
1224 1092 1394 1133 Domini
1432 1092 1652 1133 clementia
1688 1092 1731 1133 in

193 1160 258 1201 his
289 1160 389 1201 locis
413 1159 514 1201 nihil
538 1159 627 1200 Sibi
646 1165 813 1215 gratum
846 1165 887 1200 et
918 1159 1020 1200 mihi
1053 1159 1316 1200 commodum
1340 1159 1425 1213 Ipsi
1448 1158 1730 1199 exhibendum

194 1228 280 1269 sive
312 1231 578 1281 operaturum
619 1231 715 1267 ante
754 1226 983 1268 seculorum
1021 1231 1211 1281 tempora
1236 1226 1437 1280 disposuit
1472 1230 1595 1280 atque
1629 1241 1731 1280 prae-

195 1293 342 1344 finivit,
376 1294 418 1334 in
451 1293 617 1334 nomine
653 1291 758 1348 Ejus
787 1298 997 1335 contestor
1028 1298 1069 1334 te
1090 1298 1138 1333 ut
1169 1308 1235 1333 me
1257 1293 1299 1333 in
1321 1293 1513 1347 praesenti
1544 1292 1727 1343 devores,

195 1366 237 1401 et
278 1361 330 1401 ab
365 1358 488 1416 hujus
525 1360 622 1401 vitae
668 1360 888 1410 doloribus,
930 1360 1127 1401 devorato
1169 1360 1369 1401 cadavere
1412 1360 1505 1408 isto,
1549 1359 1726 1414 eripias;

194 1427 255 1469 sin
291 1432 429 1468 autem
466 1426 533 1467 hic
568 1426 621 1467 Ei
656 1441 773 1468 meus
802 1427 1006 1468 incolatus
1040 1426 1301 1482 complacuit,
1333 1431 1374 1467 et
1397 1431 1565 1481 gratum
1596 1426 1650 1467 Ei
1688 1426 1730 1467 in

194 1493 272 1535 hoc
309 1494 398 1534 1060
443 1493 684 1547 obsequium
718 1509 858 1534 meum
892 1494 1077 1534 futurum
1112 1494 1179 1543 sit,
1220 1492 1413 1534 confusus
1450 1493 1525 1534 sub
1563 1492 1728 1534 festina-

194 1561 306 1601 tione
330 1560 513 1610 recedas,
535 1565 659 1614 atque
680 1561 722 1601 in
750 1560 814 1601 his
834 1560 932 1602 locis
952 1561 1126 1601 ulterius
1156 1575 1239 1600 non
1260 1559 1499 1614 appareas.”
1570 1559 1730 1612 Quibus

196 1627 330 1676 dictis,
369 1627 513 1668 statim
549 1628 664 1681 quasi
696 1627 899 1681 reptando
938 1627 1050 1668 tibiis
1087 1632 1128 1667 et
1167 1626 1322 1681 poplite
1359 1627 1444 1667 solo
1483 1631 1604 1667 tenus
1636 1642 1729 1681 pro-

193 1694 404 1743 sternitur,
437 1699 478 1734 et
511 1693 758 1748 quibusdam
788 1693 950 1735 indiciis
988 1694 1135 1748 quibus
1166 1698 1350 1743 noverat,
1384 1692 1548 1733 veniam
1586 1708 1727 1748 preca-

192 1761 330 1802 batur.
394 1760 485 1813 Quo
514 1760 618 1809 viso,
643 1760 706 1802 vir
738 1760 817 1800 Dei
839 1760 1106 1801 vehementer
1139 1760 1384 1814 obstupuit;
1431 1764 1471 1800 et
1511 1759 1611 1800 data
1634 1760 1729 1800 abe-

191 1828 293 1868 undi
330 1827 513 1876 licentia,
549 1841 765 1882 resurgens
790 1827 928 1867 bellua
960 1827 1083 1868 tertio
1118 1841 1160 1868 56
1193 1827 1230 1867 61
1262 1825 1498 1867 11161111611(10
1539 1826 1728 1867 humilia-

193 1894 267 1944 vit,
308 1894 445 1948 sicque
476 1908 570 1934 cum
601 1894 712 1934 omni
742 1893 1061 1935 mansuetudine
1099 1893 1356 1948 pedetentim
1391 1892 1445 1933 ad
1483 1893 1640 1942 silvam,
1679 1893 1730 1934 de

193 1976 274 2015 qua
308 1961 435 2010 venit,
475 1975 661 2015 regressa
698 1965 775 2007 est,
817 1965 858 2001 et
896 1960 1108 2001 multoties
1145 1959 1402 2014 respiciendo
1433 1959 1670 1999 alternatim
1706 1975 1731 2000 a

192 2027 404 2076 lateribus,
443 2027 558 2081 quasi
585 2042 665 2067 non
687 2027 858 2068 vidisset
896 2027 1008 2081 prius
1032 2032 1160 2067 tantae
1192 2025 1374 2066 audaciae
1396 2026 1544 2073 virum,
1583 2027 1730 2080 saepius

192 2095 328 2148 ipsum
368 2093 521 2134 intuita
558 2099 633 2134 est.
707 2093 764 2133 Et
806 2093 911 2134 sicut
948 2093 1163 2142 referebat,
1204 2106 1415 2145 nunquam
1451 2097 1579 2132 tantae
1610 2093 1730 2134 molis

194 2159 523 2215 magnitudinem
559 2160 600 2199 in
647 2160 768 2201 unius
804 2160 1003 2200 silvestris
1037 2159 1182 2200 belluae
1220 2173 1388 2213 corpore
1420 2158 1593 2208 viderat,
1624 2159 1730 2200 sicut

195 2230 295 2267 tunc
326 2226 368 2266 in
393 2225 463 2266 illa
494 2225 580 2280 lupi
613 2225 745 2280 effigie
778 2226 854 2266 sibi
891 2226 1128 2280 apparuisse
1151 2225 1344 2273 dicebat,
1381 2239 1457 2265 nec
1481 2224 1492 2245 ¹
1512 2225 1626 2265 aliud
1654 2241 1732 2266 un-

179 2300 319 2346 'quam
354 2292 398 2333 id
432 2291 555 2333 fuisse
590 2292 726 2346 potuit
763 2292 928 2332 credere
965 2292 1043 2333 nisi
1076 2292 1288 2332 inimicum
1310 2291 1438 2332 totius
1460 2292 1630 2331 humani
1660 2307 1730 2346 ge-

194 2359 314 2409 neris,
358 2357 425 2412 qui
465 2373 506 2399 se
542 2357 762 2411 aliquando
796 2359 910 2399 novit
943 2357 1142 2413 2Α11ἓ·610
1183 2358 1285 2398 111615
1317 2358 1570 2398 consimilem
1606 2359 1730 2398 simu-

195 2425 294 2466 lare.
384 2424 512 2464 Unde
548 2425 839 2478 perpendimus
871 2424 980 2478 quod
1014 2425 1123 2465 tanti
1161 2424 1329 2464 terroris
1369 2424 1577 2464 schemate
1616 2439 1731 2464 sanc-

196 2497 286 2531 tum
322 2491 402 2531 Dei
440 2491 574 2532 virum
610 2490 660 2530 de
698 2490 787 2530 1060
813 2492 874 2532 sui
908 2491 1115 2531 victoriosi
1153 2491 1389 2531 certaminis
1411 2495 1585 2530 conatus
1607 2490 1730 2531 fuerit

197 2556 482 2598 exterritando
507 2556 522 2577 ³
539 2556 778 2611 propellere.

245 2667 252 2687 '
274 2666 406 2711 Aliud]
430 2665 557 2709 Alieui,
579 2665 626 2698 H.
862 2666 1022 2719 ²A²Jgel0
1040 2666 1149 2712 lucis]
1178 2669 1198 2699 2
1218 2666 1294 2699 Cor.
1315 2666 1361 2699 xi
1382 2669 1435 2701 14.

243 2713 256 2734 ³
275 2713 328 2746 P1
329 2712 495 2758 opellere]
524 2714 545 2732 ‘⁴
562 2711 715 2745 Tandem
734 2712 859 2745 fiducia
876 2714 1002 2756 majore
1019 2725 1099 2758 prog
1083 2713 1240 2754 0161111111,
1268 2718 1301 2745 et
1327 2724 1405 2746 6666
1431 2713 1531 2758 lupus
1556 2714 1733 2748 immensae

196 2770 270 2803 mao
254 2759 439 2792 onitudinis
464 2759 609 2792 occurrit
635 2758 789 2802 saeviens,
816 2765 974 2802 tanquam
999 2759 1032 2791 in
1052 2771 1159 2792 vnum
1178 2739 1243 2791 Dei
1269 2759 1384 2792 statim
1411 2759 1511 2792 vellet
1537 2760 1672 2804 irrume,
1694 2766 1731 2794 ut

197 2817 274 2838 611111
305 2805 356 2838 vol
384 2805 576 2838 absorberet
607 2804 720 2837 vivum
749 2804 800 2838 161
833 2805 1002 2837 frustatim
1038 2805 1214 2838 dilaniaret
1244 2805 1406 2838 occisum.
1473 2806 1649 2839 Intellexit
1682 2807 1732 2840 vir

197 2857 334 2884 sanctus
368 2851 496 2896 antiqui
530 2850 638 2884 hostis
671 2862 745 2884 esse
778 2851 972 2894 versutiam,
1009 2856 1041 2883 et
1068 2851 1187 2884 Clucis
1221 2852 1378 2895 opposuit
1412 2852 1557 2896 signum,
1593 2852 1731 2886 dicens:

195 2899 203 2915 ⁶
220 2897 349 2940 Adjuro
368 2903 412 2940 te,
431 2897 464 2930 111
483 2897 619 2930 1101111116
638 2897 861 2930 sanctissimae
882 2878 1069 2941 Tlinitatis,
1095 2909 1138 2930 116
1162 2897 1246 2930 1111111
1272 2897 1464 2931 molestiam
1482 2898 1613 2940 facias3
1640 2904 1683 2941 et,
1703 2899 1731 2932 si
