1839 3186
611 223 668 254 ΤΟ
703 223 801 254 ΤΗΕ
837 221 1065 252 PREFACE.
1468 209 1601 248 xxxiii

74 327 172 368 teris
193 326 422 381 profutura,
446 326 597 368 litteris
618 326 965 367 commendarem.
1031 324 1122 379 Ego
1144 329 1285 365 autem
1315 324 1437 366 rebus
1459 323 1599 379 hujus-

73 393 185 435 modi
202 394 354 435 certius
375 393 628 447 inquirendis
644 408 715 448 per
731 393 888 446 aliquot
910 406 1039 432 annos
1060 391 1326 432 intentiorem
1346 406 1487 432 curam
1508 391 1598 432 (1111-

65 465 219 514 genter
242 461 426 510 adhibui,
449 465 496 501 ut
518 460 560 501 in
590 460 653 501 his
683 475 771 513 quae
804 459 1039 506 scriberem,
1065 457 1155 498 Deo
1189 463 1309 508 teste,
1336 457 1439 498 nihil
1460 464 1598 512 posset

73 526 276 568 incertum
298 531 370 568 aut
393 526 621 569 dubitabile
646 525 857 581 repperiri.
922 524 1031 565 Nam
1056 525 1098 565 in
1119 523 1345 578 primordio
1370 524 1522 565 accessi
1544 524 1598 565 ad

74 592 209 647 ipsum
232 594 312 634 Dei
332 594 483 644 virum,
508 593 649 634 volens
676 593 729 633 ab
752 607 798 633 eo
825 591 1069 633 familiarius
1092 591 1247 632 discere
1269 605 1359 645 quae
1389 591 1595 632 docerem.

75 659 146 701 Ad
169 659 284 716 cujus
315 659 440 715 pedes
460 659 643 701 residens
665 659 766 713 coepi
788 659 930 700 multis
951 658 1196 712 persuadere
1219 673 1343 712 quam
1365 658 1465 698 utile
1492 659 1598 699 foret

74 732 311 768 accuratam
333 726 460 781 ipsius
480 727 674 768 notitiam
696 726 749 767 ad
771 730 955 781 posteros
980 725 1207 779 pervenire.
1271 724 1503 766 Novissime
1525 725 1597 765 ad-

65 790 150 847 jeci
174 794 282 848 quod
302 794 490 843 libenter,
514 793 547 835 si
577 798 790 843 annueret,
814 793 943 833 vitam
971 792 1111 846 ipsius,
1135 807 1182 832 eo
1212 791 1398 841 docente,
1423 792 1598 834 conscri-

74 859 226 901 berem.

135 926 211 967 Ille
233 928 445 977 conticuit,
469 933 509 968 et
531 929 573 969 in
594 943 660 969 me
683 943 754 968 ora
775 927 991 978 convertit,
1017 932 1057 968 et
1080 932 1173 982 post
1196 927 1404 968 silentium
1428 927 1598 968 tandem

76 993 147 1034 ait.
212 998 235 1016 ⁶⁶
253 994 322 1035 Ita
346 994 511 1048 quidem
536 995 721 1036 facturus
743 995 834 1043 eris,
859 1009 1002 1035 verum
1034 994 1110 1034 hoc
1143 1009 1401 1048 nequaquam
1427 993 1469 1034 in
1494 1009 1599 1048 pree-

74 1061 180 1101 senti
204 1065 390 1115 tempore
412 1061 709 1115 consequeris.”
772 1061 844 1102 Me
867 1076 962 1102 vero
986 1060 1184 1101 curiosius
1208 1060 1424 1101 insistente
1445 1066 1492 1101 ut
1516 1060 1600 1101 edi-

76 1132 186 1168 ceret
226 1127 328 1168 mihi
373 1143 462 1182 (111εο
507 1122 740 1177 scriberem,
783 1127 840 1170 sic
884 1127 1123 1182 respondit:
1180 1132 1206 1148 ‘⁶
1228 1127 1376 1168 Vitam
1428 1127 1597 1168 Godrici

74 1194 202 1235 talem
234 1209 319 1236 esse
351 1210 587 1250 cognoscas.
650 1194 854 1236 Groclricus
890 1194 1021 1249 primo
1055 1193 1235 1235 rusticus
1267 1193 1444 1248 pinguis,
1478 1193 1600 1234 forni-

77 1264 191 1302 cator
206 1261 457 1312 immundus,
476 1262 708 1312 foenerator,
729 1261 930 1311 falsarius,
953 1261 1159 1315 deceptor,
1176 1258 1376 1315 perjurus,
1394 1260 1597 1310 adulator,

77 1326 321 1378 discurrens,
344 1329 539 1382 peculans
566 1334 607 1370 et
629 1329 821 1384 gulosus;
857 1328 980 1368 modo
1008 1328 1134 1382 pulex
1165 1332 1367 1376 mortuus,
1391 1328 1503 1368 canis
1531 1327 1600 1368 foe·-

75 1393 201 1445 tidus,
223 1394 315 1436 vilis
337 1396 596 1446 vermiculus,
616 1411 697 1436 11011
719 1395 910 1445 hermita,
930 1395 1002 1435 sed
1024 1394 1259 1450 hypocrita,
1277 1409 1361 1435 11011
1380 1394 1598 1443 solitarius,

75 1460 146 1502 sed
182 1466 321 1502 mente
348 1461 533 1512 diffusus,
562 1463 782 1504 devorator
803 1462 1172 1517 eleemosynarum,
1205 1459 1445 1502 fastidiosus
1467 1460 1600 1501 deliti-

76 1542 208 1578 arum,
241 1529 414 1583 cupidus
453 1535 493 1570 et
525 1529 748 1584 negligens,
782 1529 938 1570 otiosus
977 1533 1018 1569 et
1050 1533 1240 1577 stertens,
1277 1527 1519 1569 ambitiosus
1560 1533 1600 1569 et

76 1594 301 1649 prodigus;
337 1605 378 1636 et
411 1597 479 1650 qui
510 1612 592 1636 non
625 1601 730 1638 esset
757 1596 905 1650 dignus
938 1595 1028 1636 aliis
1060 1595 1225 1645 servire,
1254 1594 1437 1648 quotidie
1458 1594 1600 1635 minis-

74 1665 234 1702 trantes
267 1662 343 1703 sibi
373 1663 563 1703 verberat
596 1668 636 1703 et
668 1661 887 1718 objurgat;
927 1663 1019 1702 haec
1056 1667 1097 1702 et
1134 1661 1196 1703 his
1233 1659 1388 1716 pejora,
1423 1661 1599 1702 scribere

76 1728 228 1782 poteris
251 1728 301 1769 de
324 1728 543 1770 Godrico.”
604 1730 707 1770 Post
728 1730 820 1769 haec
845 1729 969 1778 dicta,
993 1729 1107 1769 velut
1130 1728 1370 1782 indignatus
1392 1728 1596 1774 obticuit;

76 1799 117 1835 et
139 1810 214 1850 ego
236 1810 330 1835 cum
350 1796 548 1836 nonnulla
570 1795 805 1836 confusione
828 1795 1007 1836 discessi.

138 1858 372 1915 Interjectis
396 1862 552 1916 aliquot
574 1862 692 1903 annis
722 1862 825 1902 nihil
849 1862 899 1902 de
930 1861 1058 1916 ipsius
1082 1861 1167 1903 vita
1192 1877 1283 1902 sum
1315 1876 1438 1902 ausus
1469 1861 1600 1916 inqui-

75 1942 178 1978 rere,
202 1928 332 1969 donec
352 1928 439 1982 ipse
467 1944 627 1983 quoque
649 1929 842 1970 misertus
872 1928 966 1978 mei,
991 1928 1100 1969 ultro
1128 1929 1250 1983 coepit
1273 1943 1478 1983 exponere
1512 1944 1600 1982 (111εο

77 1994 279 2036 Volebam.
359 1994 475 2036 Tunc
514 1996 671 2050 stylum
705 1995 824 2036 laetus
861 1995 1028 2049 arripui,
1068 2000 1107 2035 et
1148 2010 1236 2049 quae
1276 1995 1439 2035 dicebat
1474 1995 1599 2035 alacri

77 2075 203 2101 manu
225 2066 265 2102 et
285 2061 405 2102 hilari
426 2067 565 2103 mente
588 2061 823 2116 conscripsi.
876 2061 981 2102 Cum
1004 2062 1112 2102 enim
1135 2062 1191 2102 ibi
1213 2076 1372 2102 moram
1395 2061 1597 2102 diutinam

77 2127 275 2177 fecissem,
299 2133 340 2168 et
361 2128 471 2169 hunc
492 2129 676 2170 libellum
699 2129 749 2169 (10
771 2128 859 2169 vita
880 2128 1008 2182 ipsius
1033 2133 1073 2169 et
1096 2128 1303 2169 miraculis
1324 2127 1599 2182 perfecissem,

76 2194 278 2236 attentius
298 2196 570 2249 procurabam
591 2195 706 2236 illum
729 2211 754 2236 a
775 2195 1033 2236 sanctissimo
1055 2195 1142 2236 viro
1164 2195 1364 2236 benedici.
1422 2194 1600 2236 Peracto

77 2260 204 2315 igitur
240 2261 280 2301 in
315 2261 442 2315 ipsius
480 2262 684 2316 obsequiis
723 2267 908 2316 tempore
950 2261 1309 2316 quadragesimali,
1348 2261 1601 2302 consuetudo

78 2328 273 2381 poscebat
294 2343 359 2368 me
391 2328 524 2369 redire
557 2329 811 2369 Dunelmum
834 2328 887 2368 ad
920 2343 1075 2369 coenam
1098 2328 1267 2369 Domini
1290 2343 1383 2368 cum
1405 2328 1601 2369 fratribus

79 2393 380 2435 celebrandam.
445 2395 617 2436 Librum
648 2411 746 2436 vero
777 2394 1037 2449 profecturus
1069 2395 1235 2449 arripui,
1261 2399 1302 2435 et
1330 2399 1475 2436 tenens
1507 2410 1600 2435 011111

78 2474 214 2510 manu,
238 2460 292 2501 ad
315 2460 459 2502 Sancti
480 2477 615 2516 genua
637 2477 727 2503 sum
749 2461 1003 2516 provolutus,
1024 2467 1064 2501 et
1085 2461 1196 2501 dixi:
1225 2461 1448 2510 “Obsecro,
1468 2466 1601 2516 pater,

79 2530 119 2566 et
141 2532 188 2567 ut
213 2527 265 2567 ad
292 2527 371 2567 Dei
395 2528 593 2568 honorem
618 2533 658 2568 et
681 2526 864 2568 fidelium
886 2527 1113 2568 utilitatem
1137 2528 1247 2567 hunc
1271 2527 1456 2568 libellum
1480 2528 1600 2568 bene-

79 2591 213 2633 dicere
236 2598 277 2633 et
300 2593 389 2634 Deo
413 2609 647 2635 consecrare
670 2594 890 2649 digneris.”
933 2594 1051 2634 Tunc
1072 2594 1126 2634 ad
1148 2609 1213 2634 me
1236 2599 1491 2643 convertens,
1516 2593 1599 2634 ait:

83 2663 106 2680 “
130 2658 225 2709 Fili,
259 2659 446 2713 quisnam
488 2661 591 2702 liber
627 2666 688 2702 est
721 2660 858 2702 iste?”
923 2660 993 2706 Ad
1030 2675 1150 2714 quem
1191 2676 1292 2715 ego:
1330 2665 1354 2681 ‘⁶
1374 2660 1438 2700 De
1476 2660 1603 2714 gestis

79 2723 292 2779 cujusdam
322 2726 501 2781 religiosi
533 2727 726 2776 hominis,
750 2727 818 2781 qui
851 2726 984 2767 multa
1015 2742 1087 2781 pro
1123 2727 1212 2767 Deo
1245 2726 1416 2781 pertulit
1448 2727 1489 2767 in
1525 2727 1602 2767 hac

80 2790 177 2839 vita,
211 2791 345 2846 ipsum
377 2808 475 2833 vera
504 2794 741 2834 narratione
778 2792 1027 2847 cclnposui.”
1090 2793 1276 2846 Cumque
1311 2792 1494 2834 libellum
1531 2793 1603 2833 ali-

81 2857 262 2909 quandiu
288 2864 597 2909 contrectasset,
622 2865 766 2901 tenens
791 2874 883 2900 eum
907 2860 1016 2900 inter
1036 2873 1183 2900 manus
1208 2863 1378 2908 erectas,
1403 2864 1444 2899 et
1466 2860 1605 2901 oculos

82 2922 244 2964 elevans
275 2924 315 2964 in
348 2925 508 2974 coelum,
532 2926 614 2966 ait:
651 2931 676 2948 “
696 2926 824 2967 Pater
855 2926 1131 2980 omnipotens,
1162 2931 1202 2966 et
1226 2925 1302 2976 Tu,
1338 2924 1393 2965 mi
1426 2925 1605 2967 Domine

1383 3004 1406 3034 C
