1839 3186
179 157 263 196 344
694 167 927 200 LIBELLUS
965 167 1029 198 DE
1064 167 1179 199 virA

175 270 275 326 cipit
297 271 454 312 factum
475 286 557 312 non
576 271 681 320 fuit;
716 272 812 326 quia
832 287 906 327 pro
940 272 1223 313 ministrorum
1244 269 1412 321 incuria,
1446 283 1540 324 pars
1569 282 1709 309 eorum

179 352 204 377 a
241 337 397 378 familia
422 342 483 380 est
509 344 704 389 comesta,
738 353 833 393 pars
862 353 958 380 vero
990 338 1147 392 reliqua
1178 337 1368 392 inopibus
1396 335 1540 377 alienis
1568 339 1712 376 contra

176 404 431 458 prohibitum
467 402 554 460 ejus
587 403 873 459 ¹consumpta.
936 405 1068 446 Nocte
1099 404 1227 459 igitur
1261 419 1345 444 una
1372 418 1465 444 cum
1491 401 1712 457 praedictus

178 469 416 512 adolescens
436 471 478 511 in
501 471 622 512 domo
643 471 840 526 hospitali
861 471 1139 521 decumberet,
1158 485 1264 520 ecce,
1280 474 1401 510 tanta
1413 470 1487 510 lux
1508 468 1550 509 in
1572 482 1619 508 ea
1637 466 1712 508 cir-

180 536 389 578 cumfulsit
426 542 624 591 quantam
649 538 759 579 visus
790 538 1005 578 hominum
1030 537 1230 578 sustinere
1253 551 1336 577 non
1368 535 1534 591 potuit3
1570 538 1714 589 postea

181 601 358 645 Sanctus
380 603 474 659 Dei⁷
499 619 620 658 quem
642 604 754 659 prius
777 603 950 654 viderat,
984 604 1020 644 ei
1042 603 1257 644 visibiliter
1280 603 1321 643 in
1352 617 1401 643 ea
1430 602 1562 642 forma
1590 615 1714 655 quam

180 668 351 719 viderat,
373 670 630 724 apparebat;
666 670 730 711 cui
761 670 832 720 ait,
869 670 1019 722 “Quia
1048 669 1226 710 ministri
1256 669 1397 718 vestri,
1431 667 1538 710 2viri
1568 667 1649 708 Dei
1671 671 1713 707 et

181 735 419 786 sacerdotis,
445 736 586 778 fratris
607 736 726 786 illius,
750 741 957 791 praecepta
977 751 1059 777 non
1088 735 1263 777 timuere
1291 734 1570 790 praetergredi,
1593 732 1716 774 celeri

179 802 364 843 vindicta
398 802 533 843 furore
569 802 649 844 Dei
685 808 780 844 sunt
815 802 1001 844 feriendi.
1063 802 1155 857 Ego
1192 817 1288 843 vero
1329 801 1529 842 hactenus
1564 800 1616 841 ab
1656 800 1714 840 eis

181 883 345 922 poenam
377 869 571 923 suspendi
600 869 814 920 vindicem,
850 869 946 923 quia
978 884 1050 924 pro
1081 868 1186 910 servi
1221 868 1300 909 mei
1327 867 1495 908 Godrici
1526 865 1716 922 precibus

180 935 307 975 malui
329 950 470 976 eorum
493 936 813 985 conversionem,
836 950 959 991 quam
991 935 1033 976 in
1065 950 1135 976 eos
1163 935 1331 976 ultionis
1354 949 1519 975 exerere
1542 932 1714 974 crudeli-

179 1005 341 1048 tatem;
376 1007 544 1056 propter
579 1002 688 1044 illius
719 1002 828 1044 enim
858 1001 1053 1043 meritum
1075 1001 1262 1043 3adverti
1295 1001 1347 1042 ab
1380 1000 1437 1042 eis
1459 1000 1606 1042 divinae
1632 998 1713 1040 dis-

178 1067 382 1109 trictionis
398 1068 740 1123 experimentum.
803 1068 939 1121 Quare
962 1068 1087 1109 dicito
1106 1068 1189 1109 tuis
1210 1067 1498 1108 consodalibus
1520 1071 1566 1107 ut
1591 1080 1715 1120 quam

181 1134 302 1176 citius
324 1135 374 1176 de
397 1135 576 1176 stultitia
599 1141 738 1177 reatus
759 1135 820 1176 sui
842 1135 1081 1190 poeniteant,
1107 1139 1153 1175 ut
1175 1134 1359 1175 conversi
1380 1134 1483 1174 iram
1509 1133 1589 1174 Dei
1611 1147 1714 1187 prae-

179 1202 381 1242 veniendo
400 1201 468 1256 pia
489 1201 740 1243 confessione
759 1202 921 1257 placare
942 1201 1206 1256 praevaleant.
1247 1200 1306 1241 Et
1327 1205 1386 1251 tu,
1411 1200 1507 1253 quia
1528 1199 1578 1240 de
1600 1198 1713 1254 pani-

179 1267 256 1309 bus
276 1268 377 1309 mihi
400 1268 551 1309 debitis
571 1268 799 1318 comedisti,
823 1275 1018 1323 percepta
1052 1283 1077 1308 a
1108 1283 1223 1309 servo
1255 1282 1347 1307 meo
1380 1266 1559 1307 Godrico
1589 1265 1716 1320 poeni-

178 1334 323 1385 tentia,
362 1334 562 1388 simulque
597 1350 622 1375 a
652 1335 843 1376 manibus
881 1333 968 1390 ejus
1005 1333 1231 1389 disciplina,
1266 1333 1327 1374 ita
1362 1333 1527 1374 veniam
1559 1331 1715 1387 poteris

178 1400 363 1455 adipisci.
454 1401 596 1455 Atque
638 1401 834 1443 consociis
871 1402 954 1442 tuis
989 1400 1127 1453 dicito,
1162 1405 1209 1441 ut
1245 1415 1409 1441 servum
1444 1399 1524 1440 Dei
1559 1414 1633 1453 pro
1671 1413 1716 1439 se

179 1467 390 1522 postulent
412 1482 598 1515 exorare,
625 1472 671 1508 ut
702 1483 775 1523 per
796 1469 1037 1508 meritorum
1059 1467 1166 1508 illius
1196 1466 1426 1521 patrocinia
1447 1465 1527 1506 Dei
1555 1465 1715 1520 possint

181 1534 443 1575 clementiam
460 1534 662 1575 obtinere.
733 1534 887 1575 Adhuc
909 1533 1076 1588 quidem
1096 1533 1306 1575 vobiscum
1335 1533 1412 1573 erit
1437 1548 1509 1587 per
1530 1532 1714 1586 aliquan-

181 1600 316 1640 tulum
338 1600 547 1654 temporis,
571 1600 667 1641 licet
689 1600 732 1641 id
753 1600 1039 1642 brevissimum
1062 1600 1199 1649 fuerit,
1224 1604 1424 1654 quantum
1444 1598 1497 1639 ad
1530 1598 1716 1639 conside-

179 1667 383 1707 rationem
418 1667 569 1707 futurae
600 1667 896 1715 beatitudinis3
936 1667 1068 1707 multa
1098 1666 1206 1708 enim
1240 1670 1402 1720 oportet
1428 1665 1545 1706 illum
1567 1664 1716 1714 adhuc,

178 1732 270 1773 Deo
285 1733 539 1787 providente,
563 1734 734 1788 perpeti,
761 1749 839 1788 quo
861 1749 998 1775 coram
1016 1733 1235 1788 praesentia
1252 1732 1421 1773 Domini
1444 1731 1475 1772 J
1479 1747 1549 1773 esu
1564 1731 1718 1773 Christi

178 1800 307 1853 possit
331 1800 383 1840 ab
403 1799 513 1840 omni
534 1800 844 1853 inquinamento
869 1800 1003 1841 carnis
1026 1805 1067 1841 et
1097 1800 1264 1855 spiritus
1286 1798 1506 1854 perfectius
1527 1798 1684 1852 expiari
1703 1815 1715 1845 ;

178 1866 289 1907 unde
307 1865 358 1907 de
378 1867 455 1906 hac
476 1865 717 1907 infirmitate
739 1882 812 1907 sua
832 1867 873 1907 in
895 1866 1084 1922 proximo
1101 1866 1346 1916 convalebit,
1365 1870 1405 1906 et
1429 1864 1571 1906 multis
1590 1864 1719 1919 ipsius

178 1932 316 1973 adhuc
349 1932 480 1973 oratio
509 1937 550 1973 et
580 1933 805 1974 consolatio
827 1933 981 1974 valebit
1009 1937 1050 1973 et
1074 1932 1272 1987 proderit.
1337 1931 1594 1985 Gratumque
1618 1930 1718 1972 satis

178 1998 312 2040 habeo
335 2004 375 2040 et
396 2004 484 2040 tam
506 2004 646 2053 grates
669 1999 848 2040 Godrico
871 2015 986 2041 servo
1016 2014 1109 2039 meo
1140 2003 1181 2040 et
1211 1999 1329 2039 fratri
1360 1998 1418 2038 illi
1449 1998 1591 2048 refero,
1623 1997 1719 2051 quia

183 2064 329 2106 domus
350 2080 454 2106 meae
477 2065 762 2106 habitaculum
775 2064 867 2120 jam
889 2081 914 2106 a
936 2065 1124 2107 sordibus
1156 2065 1399 2118 sterquilinii
1421 2064 1654 2118 expiarunt,
1678 2068 1719 2104 et

181 2132 285 2173 mihi
310 2131 506 2173 Ecclesiae
541 2146 646 2172 meae
678 2132 874 2173 introitus
908 2136 1187 2186 aperuerunt3
1221 2131 1345 2171 modo
1380 2130 1489 2171 enim
1520 2129 1717 2184 spurcitia

181 2198 334 2247 ablata,
354 2198 480 2238 libere
500 2198 668 2238 domum
689 2213 823 2238 meam
837 2198 1058 2253 ingredior,
1075 2202 1115 2238 et
1132 2197 1186 2238 ibi
1202 2197 1447 2251 quiescendo
1463 2195 1630 2251 pacifice
1648 2195 1716 2236 de-

182 2264 333 2306 morari
354 2263 585 2318 permittor.
650 2264 750 2316 Quae
771 2264 922 2304 domno
945 2269 1018 2305 tuo
1041 2269 1191 2305 cuncta
1216 2263 1399 2305 seriatim
1421 2262 1585 2312 edicito,
1608 2267 1649 2303 et
1670 2267 1716 2303 ut

180 2331 282 2372 mihi
309 2329 470 2371 fidelius
493 2330 650 2370 amodo
676 2330 952 2384 obsequentur
986 2335 1256 2372 commoneto.
1319 2330 1411 2384 Ego
1436 2329 1600 2383 quidem
1623 2343 1715 2370 sum

182 2397 214 2438 J
217 2397 398 2438 ohannes
420 2396 624 2450 Baptista,
641 2397 709 2450 qui
737 2395 823 2451 ojus
845 2412 985 2437 curam
1001 2397 1042 2437 in
1064 2397 1253 2438 omnibus
1270 2412 1381 2452 gerO,
1406 2400 1447 2437 et
1471 2400 1557 2436 tam
1579 2395 1718 2436 domni

180 2464 276 2505 huic
296 2478 418 2517 quam
443 2478 558 2504 servo
579 2478 671 2503 meo
696 2463 933 2517 provideo.”
997 2463 1155 2514 Quibus
1177 2463 1310 2513 dictis,
1330 2462 1527 2509 evanuit;
1561 2461 1717 2502 adoles-

181 2546 276 2572 cens
304 2545 399 2571 vcro
421 2529 558 2569 omnia
580 2544 672 2582 quae
698 2529 856 2570 viderat
879 2535 920 2569 ct
950 2529 1139 2570 audierat
1169 2530 1320 2570 domno
1342 2544 1413 2569 suo
1440 2533 1480 2569 et
1502 2528 1619 2568 fratri
1644 2527 1715 2579 illi,

181 2598 248 2652 qui
271 2612 401 2651 nuper
433 2596 601 2636 domum
626 2596 908 2650 purgatoriam
933 2596 985 2636 ab
1009 2595 1204 2636 Ecclesiae
1224 2594 1372 2636 finibus
1393 2595 1597 2650 segregari
1617 2609 1718 2649 prae-

226 2691 236 2711 ¹
267 2689 491 2736 Consumpta]
521 2690 594 2723 The
610 2702 752 2735 passage
778 2690 857 2723 here
875 2690 1010 2734 ending,
1029 2690 1191 2734 although
1215 2690 1349 2723 written
1374 2690 1408 2722 in
1431 2689 1488 2722 the
1506 2701 1598 2723 same
1614 2689 1718 2731 hand,

178 2749 316 2783 appears
334 2743 368 2770 to
386 2737 469 2770 have.
486 2738 568 2769 been
586 2736 695 2770 added
712 2743 746 2769 at
764 2749 782 2770 a
800 2736 883 2770 later
900 2736 1016 2781 period
1034 2736 1067 2769 in
1089 2736 1141 2780 R,
1160 2748 1196 2769 as
1214 2737 1239 2770 it
1254 2736 1397 2770 extends
1416 2735 1650 2780 considerably
1668 2736 1717 2769 in-

178 2791 211 2817 to
226 2784 283 2817 thc
300 2783 430 2816 bottom
449 2784 578 2828 margin
597 2784 634 2816 of
647 2783 704 2816 the
721 2795 816 2827 page.

224 2831 236 2848 ²
270 2831 340 2864 Viri
360 2830 427 2863 Dei
444 2836 475 2863 et
492 2828 694 2876 .s·‹1‹·‹‘1‘‹1'‹›t1's.]
725 2830 737 2862 Ι
744 2841 764 2862 n
787 2831 829 2864 R.
848 2830 941 2863 those
961 2829 1068 2862 words
1086 2841 1141 2863 arc
1159 2830 1292 2863 written
1310 2841 1400 2875 upon
1418 2841 1458 2862 an
1478 2841 1622 2863 erasure.

223 2878 235 2898 3
260 2876 429 2922 slslvcrld]
458 2876 584 2909 Divcrti
602 2878 660 2921 (7).
