1839 3186
200 178 281 219 292
727 184 961 217 LIBELLUS
993 185 1057 216 DE
1089 185 1204 217 VITA

200 393 288 419 CAP.
319 391 424 417 CLIV.
470 388 672 419 QUALITER
706 388 777 413 VIR
815 388 890 413 PRO
924 388 1192 413 INFIRMANTIS
1237 388 1311 413 OPE
1357 388 1411 413 AD
1453 385 1616 414 SERVUM
1661 387 1728 412 DEI

266 457 554 492 CONCURRERIT,
591 456 640 481 ΕΤ
671 454 863 484 QUOMODO
904 455 1093 481 AEGROTUs
1124 455 1196 481 ESU
1237 455 1357 480 PANIS
1388 454 1518 480 ILLIUS
1549 453 1729 482 SANATUs

272 526 344 551 srr.
357 508 369 530 ¹

273 627 295 681 ξ
316 624 413 670 276.
439 623 547 664 FUIT
564 622 627 664 vir
648 621 814 677 quidam
831 622 900 676 qui
921 622 960 663 in
981 621 1079 664 villa
1094 622 1228 664 vicina
1249 620 1548 672 infirmabatur,
1566 620 1729 662 nomine

206 692 380 735 Cesti-ia.
425 689 606 743 Quidam
621 704 717 731 vero
736 689 892 729 amicus
914 686 1013 743 ejus,
1036 688 1181 730 videns
1200 689 1334 731 virum
1351 689 1486 744 ipsum
1499 686 1589 743 jam
1612 687 1729 729 semi-

206 760 384 801 animem
412 756 617 805 effectum,
643 760 768 809 atque
800 754 991 809 loquendi
1016 755 1199 796 amisisse
1232 754 1515 810 possibilitatis
1538 753 1729 804 officium,

204 827 258 868 ad
282 825 416 866 virum
442 822 522 863 Dei
547 822 732 863 concitus
749 821 934 871 accessit,
964 826 1005 862 et
1027 826 1178 863 cuncta
1199 822 1235 863 ei
1272 821 1454 864 seriatim
1488 820 1730 876 exponendo

194 891 400 935 retexuit.
472 888 544 930 Ad
575 903 693 943 quem
726 888 790 929 vir
824 887 918 938 Dei,
957 887 1157 943 “Accipe
1180 888 1230 929 de
1251 889 1316 930 his
1346 889 1521 943 panibus
1550 887 1652 929 meis
1690 891 1731 928 et

204 957 395 1001 morienti
434 955 517 998 viro
541 955 691 1010 praebe,
714 970 762 995 ac
785 955 928 996 statim
953 955 1191 1007 sanabitur3
1225 960 1349 1010 atque
1382 954 1531 996 dehac
1563 952 1733 994 infirmi-

206 1031 294 1067 tate
342 1024 386 1065 in
433 1022 622 1078 proximo
664 1021 964 1071 convalescens,
1006 1026 1146 1063 tecum
1184 1021 1418 1076 loquatur.”
1503 1020 1625 1073 Quod
1664 1020 1732 1061 ille

206 1092 377 1134 audiens
407 1088 694 1131 benedictione
718 1102 792 1129 sua
826 1088 916 1129 illos
948 1102 1074 1142 panes
1107 1088 1299 1142 profundi
1335 1087 1588 1143 impetravit,
1611 1091 1735 1140 atque

209 1159 262 1200 ad
286 1157 425 1200 villam
452 1155 670 1202 Gestriam,
697 1169 778 1208 qua
808 1159 986 1210 aegrotus
1017 1154 1229 1205 decubuit,
1253 1155 1436 1196 concitus
1471 1153 1732 1209 properavit,

206 1224 512 1276 infirmantique
551 1235 699 1276 panem
737 1221 1002 1262 benedictum
1039 1222 1237 1275 porrexit,
1266 1226 1389 1275 atque
1421 1225 1469 1262 ut
1498 1220 1541 1261 in
1571 1220 1737 1261 nomine

206 1291 374 1334 virtutis
394 1289 470 1331 viri
493 1288 586 1337 Dei,
614 1286 795 1337 Godrici,
822 1287 872 1328 de
893 1286 961 1328 illo
983 1291 1255 1342 attemptaret
1279 1287 1504 1338 comedere,
1528 1285 1736 1342 praecepit.

209 1347 368 1412 Quibus
401 1355 568 1397 monitis
600 1354 667 1395 ille
701 1354 877 1395 libenter
913 1354 1065 1408 paruit,
1103 1359 1144 1395 et
1177 1354 1320 1396 statim
1351 1358 1541 1408 quartam
1577 1358 1737 1409 partem

209 1425 326 1481 panis
360 1422 484 1464 unius
519 1420 791 1462 incontinenti
831 1420 1023 1470 comedit,
1063 1425 1104 1461 et
1147 1421 1261 1475 prius
1296 1436 1393 1462 vero
1429 1435 1552 1474 quam
1588 1434 1737 1475 panem

209 1492 344 1547 ipsum
378 1488 638 1537 comedisset,
675 1486 855 1541 perfecte
889 1487 1123 1533 convaluit;
1169 1492 1293 1541 atque
1338 1491 1496 1541 quanta
1530 1487 1663 1529 virtus
1694 1485 1736 1527 in

210 1558 331 1608 dono,
354 1555 566 1605 mandato,
600 1568 671 1596 seu
692 1553 977 1595 benedictione
998 1553 1104 1595 servi
1137 1552 1217 1595 Dei
1237 1553 1394 1605 fuisset,
1415 1553 1574 1595 cunctis
1594 1557 1738 1609 paten-

210 1630 275 1667 ter
295 1622 490 1665 ostendit.

272 1691 377 1732 Haec
412 1688 489 1731 viri
530 1685 683 1737 fideles,
725 1686 767 1728 in
809 1687 956 1741 quibus
997 1687 1078 1729 ista
1117 1692 1356 1743 perpetrata
1396 1692 1504 1738 sunt,
1540 1686 1737 1737 referunt,

213 1784 363 1817 domum.
413 1781 512 1815 Uxor
542 1786 656 1814 autem
686 1780 789 1824 illius,
824 1781 902 1826 quia
934 1781 1049 1814 nescio
1083 1781 1164 1826 quid
1197 1781 1384 1815 inordinate
1413 1782 1548 1826 fecerat,
1581 1780 1739 1826 gravibus

215 1842 291 1864 cum
317 1827 531 1863 contumeliis
554 1827 731 1861 verborum
759 1828 862 1872 coepit
890 1828 1044 1869 afficere;
1079 1827 1169 1861 unde
1192 1828 1241 1861 vir
1264 1828 1469 1873 indignatus,
1493 1828 1638 1873 graviter
1664 1838 1738 1860 eam

215 1877 336 1911 baculo
361 1874 546 1908 vulneravit
575 1875 610 1907 in
640 1874 761 1919 capite.
791 1874 853 1907 'In
882 1874 1027 1907 crastino
1055 1875 1146 1907 venit
1174 1874 1215 1907 ad
1233 1875 1341 1908 virum
1366 1875 1442 1916 Dei,
1472 1875 1560 1908 sicut
1585 1873 1739 1919 quaedam

216 1935 318 1958 causa
339 1920 522 1967 poscebat;
549 1921 605 1966 qui
624 1932 701 1954 eum
720 1921 768 1954 sic
786 1921 873 1953 inter
895 1926 1017 1954 caetera
1040 1926 1090 1953 est
1107 1921 1229 1954 affatus
1247 1933 1253 1955 :
1282 1921 1472 1966 ‘Numquid
1490 1921 1578 1954 circa
1601 1920 1740 1953 domum

217 1976 311 2003 tuam
331 1968 443 2002 onmia
460 1973 539 2000 sunt
556 1973 674 2012 pacata
688 1967 712 2001 2’
764 1967 918 2011 Cumque
934 1967 1162 2012 respondisset
1191 1979 1198 2001 ;
1226 1968 1235 1985 ‘
1250 1967 1325 2007 Ita‚'
1350 1967 1494 2011 subjecit
1511 1979 1517 2001 :
1546 1969 1554 1985 ‘
1570 1967 1667 2001 Uxor
1683 1972 1743 1999 tua

219 2016 387 2061 quomodo
405 2013 556 2048 sehabet
570 2013 594 2047 2'
620 2014 665 2046 Et
676 2013 732 2046 ille
745 2013 874 2058 inquit:
895 2013 1023 2054 ‘Bene‚
1038 2013 1159 2046 domne
1172 2013 1244 2047 mi!
1284 2014 1380 2047 Tunc
1398 2013 1595 2048 subridens:
1616 2012 1740 2056 ‘Sero,’

220 2064 278 2106 ait,
303 2061 416 2095 ‘fuisti
439 2060 542 2092 nimis
564 2060 756 2104 impatiens,
780 2059 913 2104 quando
935 2059 1027 2092 illam
1049 2065 1119 2092 tam
1142 2060 1262 2093 acriter
1286 2059 1505 2105 percussisti.'
1543 2059 1605 2093 Ille
1627 2065 1742 2104 stupe-

220 2109 329 2142 factus
347 2114 380 2141 et
398 2113 557 2147 tremens,
576 2106 708 2139 veniam
734 2106 831 2150 petiit
849 2105 890 2138 de
906 2112 1057 2150 peccato.
1108 2105 1171 2138 Cui
1190 2106 1239 2138 vir
1263 2112 1399 2140 sanctus
1418 2117 1457 2139 ea
1481 2106 1673 2140 conditione
1690 2116 1743 2139 re-

220 2156 326 2196 misit,
343 2160 380 2187 ut
398 2153 556 2197 deinceps
574 2164 593 2185 a
609 2152 871 2196 praesumptione
889 2151 1056 2184 consimili
1074 2153 1311 2197 temperaret.⁷’

269 2203 279 2222 1
307 2201 347 2234 In
365 2200 421 2233 the
444 2199 535 2232 Harl.
554 2199 628 2232 MS.
648 2198 785 2243 chapter
804 2197 1053 2231 CXXXVIII.

269 2249 282 2267 ²
302 2247 381 2281 Fuit
406 2244 487 2324 vir}
526 2244 599 2277 The
628 2244 750 2278 second
781 2255 867 2289 copy
894 2244 1073 2278 contained
1096 2244 1129 2278 in
1156 2245 1214 2278 the
1238 2245 1333 2280 Harl.
1352 2246 1427 2281 MS.
1451 2246 1530 2280 thus
1556 2245 1662 2279 varies
1687 2244 1745 2278 the

222 2294 387 2329 narrative
405 2305 411 2326 :
438 2294 457 2310 “
492 2291 675 2336 nterposita
691 2302 785 2324 mora
800 2290 1004 2336 permodica,
1023 2291 1160 2336 quidam
1178 2291 1228 2324 vir
1252 2292 1337 2326 alius
1355 2292 1434 2326 huic
1450 2292 1515 2326 loci
1534 2292 1695 2326 affinitate
1712 2296 1746 2324 et

223 2341 326 2375 animi
345 2338 573 2373 familiaritate
591 2339 802 2381 conjunctus,
820 2337 911 2382 gravi
925 2337 1042 2370 morbo
1060 2344 1231 2383 correptus
1249 2345 1310 2382 est,
1329 2351 1368 2372 ac
1385 2339 1432 2372 sic
1450 2339 1608 2384 languore
1626 2338 1746 2371 decoc-

224 2395 278 2422 tus
304 2387 346 2421 ad
372 2391 523 2419 extrema
549 2383 731 2429 perductus
749 2389 812 2417 est.
861 2383 917 2416 Ad
936 2395 1035 2428 quem
1055 2384 1103 2417 vir
1129 2385 1322 2429 praedictus,
1342 2387 1414 2429 ejus
1432 2386 1568 2426 quidem
1589 2383 1745 2418 convica-

222 2447 319 2476 neus,
345 2432 497 2474 accessit,
516 2442 554 2463 ac
570 2429 826 2475 prohibentibus
843 2429 949 2462 tribus
967 2442 1010 2463 ex
1028 2431 1281 2464 considentibus
1298 2432 1368 2465 viro
1384 2427 1541 2476 migranti
1567 2430 1747 2464 sacerdoti-

223 2482 298 2524 bus,
317 2478 536 2513 nihilominus
569 2482 683 2509 tamen
712 2475 753 2509 ad
775 2477 848 2519 ejus
873 2476 1041 2521 colloquia
1066 2488 1101 2510 se
1119 2477 1268 2522 ingessit.
1321 2478 1387 2520 Qui
1417 2478 1496 2511 licet
1513 2477 1605 2523 prius
1628 2476 1747 2510 mortis

223 2528 336 2562 dolore
354 2525 553 2571 praefocatus
573 2523 645 2566 jam
664 2522 856 2555 terribiliter
874 2522 988 2556 oculos
1006 2523 1211 2567 revolvisset,
1229 2524 1354 2568 adjecit
1371 2530 1483 2557 tamen
1509 2530 1546 2557 ut
1563 2523 1627 2557 sibi
1646 2522 1749 2556 collo-

223 2574 337 2620 quenti
357 2573 398 2606 (le
416 2570 537 2616 quibus
562 2574 798 2614 percunctatus
816 2569 934 2611 fuerat,
953 2575 1068 2602 contra
1085 2581 1179 2614 spem
1205 2571 1356 2604 omnium
1373 2570 1600 2616 responderet.
1649 2569 1749 2602 Dixit

224 2622 314 2654 enim
333 2620 381 2653 sic
398 2631 404 2652 z
436 2617 575 2650 ‘Frater
592 2615 650 2658 mi,
669 2614 806 2660 quidam
825 2615 874 2648 vir
895 2614 1190 2659 splendidissimus
1208 2618 1305 2650 uxori
1329 2629 1415 2650 meae
1436 2622 1535 2650 nocte
1558 2616 1622 2649 ista
1645 2627 1746 2660 appa-

225 2668 313 2709 rnit;
349 2665 406 2710 qui
431 2663 591 2700 baculum
616 2673 719 2695 manu
743 2661 934 2706 praeferens,
962 2661 1021 2695 sed
1049 2673 1126 2695 eum
1152 2662 1327 2696 mediatim
1357 2663 1580 2707 confringens,
1606 2661 1746 2695 alteram

224 2714 308 2747 mihi
335 2714 407 2756 ejus
432 2722 490 2755 par
508 2720 561 2742 em
586 2707 762 2752 delegavit,
789 2707 849 2740 tibi
877 2718 953 2740 vero
978 2707 1078 2740 aliam
1105 2709 1283 2742 transferre
1308 2709 1468 2755 praecepit
1485 2722 1493 2751 ;
1513 2708 1684 2752 jussitque
1709 2713 1746 2740 ut

224 2760 357 2804 utrique
375 2756 476 2791 simul
493 2755 536 2789 ad
554 2756 626 2798 ejus
644 2753 859 2799 sepulchrum
885 2753 1133 2797 accederemus,
1152 2755 1230 2799 quia
1247 2756 1274 2788 si
1293 2767 1332 2789 ea
1348 2756 1539 2796 fecerimus,
1563 2760 1687 2787 aeterna
1704 2754 1746 2787 ab

225 2820 264 2840 co
282 2804 419 2851 praemia
436 2801 625 2848 percepturi
644 2800 782 2834 sumus)
832 2800 1006 2845 Siquidem
1024 2800 1100 2834 talis
1119 2801 1202 2834 visio
1220 2801 1311 2835 illius
1336 2802 1434 2835 uxori
1460 2801 1624 2846 apparuit,
1645 2806 1746 2844 atque

224 2859 261 2886 ut
280 2853 348 2885 viro
374 2850 422 2883 illi
441 2849 521 2882 talia
539 2847 744 2893 enunciaret,
764 2846 882 2882 edixit,
934 2846 1064 2880 Videns
1083 2858 1159 2880 vero
1178 2847 1285 2881 virum
1305 2847 1438 2895 ipsnm'⁷
1459 2849 1509 2893 (as
1529 2848 1562 2881 in
1580 2846 1636 2880 the
1655 2846 1746 2880 Bod-

223 2900 311 2934 leian
330 2897 443 2943 copy).
