1839 3186
544 232 603 262 ET
635 232 901 265 MIRAcULrs
934 234 968 264 s.
995 233 1210 266 GODRICI.
1561 224 1635 269 371

213 514 444 556 INCIPIT
482 515 819 557 PRAEFATIO
853 517 918 557 IN
952 494 1283 558 MIRAOULA
1317 518 1536 560 SANOTI

729 582 1021 625 GrODRIGI.l

163 714 181 767 ᾗ
202 717 297 756 352.
332 715 556 756 DEFUNoTo
577 716 665 757 viro
688 715 767 757 Dei
792 716 985 767 Grodrico,
1009 716 1214 758 virtutum
1237 731 1363 772 opera
1387 731 1476 771 quae
1497 715 1641 757 vivens

104 781 147 822 in
179 796 300 823 carne
322 788 576 832 exercuerat,
615 788 708 837 post
730 781 817 838 ejus
839 783 1073 838 depositum
1110 784 1266 825 diutius
1301 783 1446 824 mundi
1487 783 1641 824 incolas

105 848 234 889 latere
275 864 357 889 non
393 854 586 904 poterant
608 864 617 901 ;
674 864 772 890 nam
812 850 893 903 Qui
934 850 1039 891 sacri
1082 850 1258 905 pectoris
1289 850 1398 892 illius
1434 850 1476 891 in
1519 864 1641 891 carne

105 914 283 956 viventis
315 915 570 957 inhabitator
594 916 828 966 exstiterat,
866 917 942 958 Ille
968 917 1148 972 Spiritus
1173 917 1352 959 Sanctus
1385 922 1479 972 post
1514 916 1642 971 ipsius

102 981 275 1031 obitum,
293 980 408 1037 cujus
433 982 544 1038 apud
562 982 686 1023 Illum
707 983 844 1024 meriti
864 983 1002 1033 fuerit,
1020 984 1179 1026 cunctis
1194 984 1487 1025 miraculorum
1510 984 1643 1038 gloria

107 1048 314 1090 declarare
332 1049 512 1091 volebat.
561 1049 620 1090 Et
642 1049 737 1090 licet
762 1050 951 1104 quaedam
973 1050 1015 1091 in
1037 1051 1198 1092 occulto
1229 1066 1328 1092 mox
1353 1050 1395 1092 in
1417 1050 1534 1092 exitu
1556 1049 1642 1106 ejus

106 1115 352 1169 quibusdam
376 1116 519 1157 amicis
549 1116 633 1157 suis
667 1116 955 1158 secretioribus
989 1117 1097 1158 clam
1132 1117 1342 1159 declarare
1371 1117 1642 1173 praeelegerit,

103 1187 245 1223 tamen
269 1183 312 1223 in
332 1182 551 1224 manifesto
582 1187 678 1224 ante
709 1182 920 1224 biennium
943 1184 1195 1239 completum
1231 1190 1324 1239 post
1348 1184 1476 1239 ipsius
1512 1190 1643 1226 trans-

102 1249 220 1299 itum,
243 1249 345 1290 nihil
366 1250 408 1290 in
429 1250 493 1291 his
514 1248 675 1300 finibus,
692 1249 788 1291 licet
818 1250 860 1290 in
890 1250 981 1292 aliis
1009 1250 1245 1306 regionibus
1264 1266 1337 1306 per
1356 1251 1484 1306 ipsius
1506 1266 1644 1293 sacras

107 1316 298 1370 reliquias
321 1316 459 1371 aliqua
481 1321 675 1371 operatus
698 1317 765 1358 sit.
803 1316 917 1358 Hinc
938 1317 981 1358 in
1007 1317 1232 1372 primordio
1249 1333 1322 1373 pro
1344 1318 1472 1373 ipsius
1492 1318 1642 1359 merito

107 1382 366 1433 declarando,
410 1384 665 1438 operandum
707 1383 902 1425 instituit.
979 1384 1074 1439 Ipse
1112 1385 1279 1439 quidem
1318 1386 1383 1426 vir
1421 1384 1500 1426 Dei
1541 1385 1643 1426 nihil

104 1465 269 1505 prorsus
297 1449 386 1491 2hic
405 1450 543 1505 palam
564 1455 660 1491 ante
681 1450 834 1492 festum
857 1450 1000 1493 Sancti
1022 1451 1052 1492 J
1056 1451 1229 1493 ohannis
1260 1451 1463 1508 Baptistae
1489 1451 1644 1493 mundo

107 1516 316 1558 declarare
337 1517 482 1567 voluit,
506 1517 579 1559 secl
599 1517 737 1572 potius
768 1517 923 1559 Sancto
946 1518 1148 1573 Baptistae
1170 1519 1201 1559 J
1205 1519 1356 1560 ohanni
1381 1519 1532 1560 domno
1555 1534 1641 1570 suc,

105 1582 222 1639 cujus
256 1584 331 1625 sub
353 1584 582 1639 patrocinio
603 1584 811 1639 quondam
834 1584 999 1626 Christo
1037 1585 1305 1636 milita-verat,
1329 1590 1467 1627 totum
1498 1586 1643 1627 honori

104 1651 369 1705 primordiale
403 1651 528 1692 decus
562 1656 603 1692 et
639 1649 885 1692 beneficium
923 1652 1164 1694 reservavit.
1236 1652 1481 1694 Nativitatis
1517 1652 1645 1708 igitur

102 1717 211 1759 illius
256 1717 533 1759 sollemnitate
569 1723 663 1772 post
697 1716 785 1773 ejus
821 1718 981 1760 obitum
1017 1719 1157 1760 bienni
1190 1724 1339 1760 exacto
1373 1725 1558 1774 tempore
1583 1719 1643 1760 in-

103 1789 253 1835 stante,
277 1789 377 1825 tunc
399 1784 519 1839 coepit
542 1784 712 1825 Domini
735 1785 1017 1826 misericordia
1038 1786 1174 1826 locum
1206 1786 1323 1827 illum
1348 1786 1642 1827 miraculorum

101 1851 233 1905 gloria
268 1851 427 1893 cunctis
460 1851 737 1893 venerabilem
774 1852 1025 1906 praedicare;
1059 1852 1137 1893 hac
1178 1852 1283 1893 forte
1325 1853 1642 1908 dispensationis

102 1918 271 1972 pietate,
306 1923 354 1958 ut
387 1918 521 1959 omnis
550 1917 724 1959 audiens
759 1918 824 1959 vel
860 1918 1005 1960 videns
1041 1919 1097 1960 ibi
1128 1919 1328 1960 miracula
1359 1918 1460 1968 fieri,
1483 1919 1641 1961 meritis

102 1983 245 2025 Sancti
266 1984 297 2025 -J
301 1985 473 2026 ohannis
495 1985 710 2039 Baptistae,
737 1989 920 2026 censeret
942 1985 1080 2026 omnia
1101 1985 1264 2027 3deberi
1283 1986 1507 2034 conscribi,
1544 1986 1640 2041 quia

101 2051 296 2105 quicquid
329 2051 532 2093 Godricus
564 2051 731 2093 virtutis
763 2051 923 2101 habuit,
980 2067 1032 2093 ex
1075 2052 1240 2094 Christo
1277 2053 1382 2095 Jesu
1418 2058 1459 2094 et
1495 2053 1639 2094 Sancti

98 2117 129 2158 J
133 2119 306 2159 ohannis
328 2117 531 2173 Baptistae
552 2118 710 2159 meritis
735 2118 1056 2174 suffragantibus
1077 2119 1237 2161 habuit.
1310 2119 1484 2175 Nempe,
1507 2121 1638 2161 honor

100 2184 240 2225 domni
274 2184 405 2240 gloria
439 2189 501 2226 est
532 2184 721 2235 ministri,
756 2190 798 2226 et
819 2185 929 2239 quod
960 2186 1165 2227 Dominus
1185 2185 1407 2228 honorifice
1428 2192 1634 2242 operatur,

98 2250 399 2293 4ministrantis
413 2250 725 2292 honorificentia
736 2253 983 2293 cumulatior
999 2253 1236 2300 exhibetur;
1262 2260 1386 2308 atque
1401 2254 1548 2309 saepius
1560 2269 1635 2309 pro

100 2317 252 2358 honore
284 2318 349 2359 vel
380 2319 612 2359 reverentia
634 2318 822 2369 ministri,
848 2317 1017 2360 Domini
1039 2318 1311 2361 beneficentia
1342 2326 1383 2362 et
1415 2321 1635 2362 clementia

98 2383 201 2425 solet
237 2384 475 2439 petentibus
511 2384 670 2426 miseris
707 2400 755 2425 ac
791 2385 1073 2440 indigentibus
1110 2386 1395 2428 munificentia
1431 2388 1632 2429 exhiberi.

100 2450 226 2492 Unde
250 2466 370 2491 omne
392 2450 502 2505 quod
524 2451 728 2492 Dominus
757 2467 925 2506 erogare
950 2452 1157 2507 dignatur,
1182 2453 1361 2495 ministri
1387 2454 1461 2495 Sui
1487 2454 1632 2509 gratiae

100 2522 141 2559 et
163 2517 330 2559 honoris
359 2518 614 2558 excellentiae
638 2517 890 2573 deputatum
926 2518 1004 2560 nisi
1021 2520 1129 2560 enim
1146 2520 1324 2562 ministri
1347 2521 1484 2576 gratia
1504 2521 1632 2562 inter-

97 2584 274 2635 cederet,
303 2584 383 2625 Dei
410 2599 557 2626 manus
589 2584 643 2625 ad
673 2599 798 2639 opera
830 2584 1017 2627 beneficii
1039 2602 1185 2628 senon
1207 2592 1385 2628 exercet.
1449 2587 1630 2628 Proinde

95 2651 201 2692 forte
223 2653 416 2706 estquod
449 2651 626 2692 Sanctus
658 2650 689 2691 J
693 2651 874 2694 ohannes
903 2652 1223 2707 primordiorum
1255 2654 1548 2695 miraculorum
1569 2654 1631 2695 in-

143 2762 150 2780 ¹
179 2761 219 2794 In
236 2760 294 2794 the
312 2760 476 2795 Bodleian
489 2762 563 2796 MS.
583 2762 678 2795 these
696 2762 851 2796 miracles
869 2775 924 2797 are
942 2764 1126 2797 continued
1142 2765 1229 2798 from
1247 2765 1304 2798 the
1322 2764 1504 2809 preceding
1520 2776 1632 2798 narra-

93 2807 320 2887 tigzwithout
346 2819 413 2852 any
430 2808 675 2853 interruption3
703 2809 735 2841 in
759 2809 817 2842 the
841 2809 1004 2842 Harleian
1029 2823 1115 2855 copy
1133 2811 1215 2856 they
1232 2811 1344 2844 follow
1369 2822 1400 2855 p.
1422 2813 1489 2845 3:32
1508 2811 1545 2844 of
1564 2812 1632 2845 this

94 2866 112 2887 e
139 2866 147 2887 1
166 2866 232 2888 lon.

142 2901 154 2919 2
183 2899 277 2946 Hie]
307 2900 393 2943 Hac,
415 2900 457 2933 Β.
1011 2904 1023 2924 ³
1052 2903 1205 2948 Deberi]
1229 2903 1374 2945 Debere,
1396 2904 1444 2938 H.

139 2948 151 2967 ⁴
180 2945 442 2993 Ministrantis]
472 2947 526 2980 Ex
546 2959 584 2981 eo
602 2948 846 2990 ministrantes,
868 2948 914 2982 H.

1388 3009 1406 3030 e
1433 3009 1453 3030 n
1471 3000 1491 3031 2
