1839 3186
202 190 223 228 1
231 189 285 230 32
725 195 958 230 LIBELLUS
993 196 1057 229 DE
1093 196 1209 229 VITA

201 401 290 427 CAP.
319 400 417 427 LVII.
480 401 684 430 QUALITER
714 401 765 426 DE
795 401 931 427 MORTE
961 401 1154 426 PUELLAM
1187 399 1434 426 DEFUNCTAM
1465 398 1615 424 TRlDUo
1645 397 1740 423 PRE-

260 468 372 493 cIssus
403 468 509 493 VlTAE
540 466 778 504 RESTITU1T3
830 468 879 492 ET
916 451 1133 493 1JUVENEM
1171 466 1422 492 PARENTIBus
1453 465 1653 499 REDDENS,
1685 464 1740 489 NE

260 535 316 570 ID,
349 534 397 559 Eo
428 534 620 569 VIVENTE,
648 534 834 564 OUIQUAM
866 534 1140 570 DETEGERENT,
1174 535 1247 560 sun
1277 534 1438 560 NOMINE
1468 532 1612 558 DIVINo
1646 531 1739 557 CON-

260 601 458 627 TEsrA'rus
488 584 585 626 ΞΙΤ.2

260 699 399 751 §124.
432 699 668 740 RESIDENTE
705 713 752 739 eo
789 697 969 752 quodam
1005 697 1072 739 die
1108 698 1151 739 in
1183 713 1257 740 suo
1296 697 1502 749 Oratorio,
1545 712 1651 747 ecce,
1676 697 1740 739 vir

202 765 372 819 quidam
394 780 488 806 cum
511 765 672 807 duabus
701 764 942 806 mulieribus
974 764 1222 806 exteriorem
1254 764 1423 806 domum
1460 763 1547 820 ejus
1579 764 1735 813 subiit;

201 831 436 886 ibidemque
459 832 614 874 diutius
635 831 831 880 residens,
864 832 1023 872 exitum
1052 831 1129 872 viri
1161 831 1242 872 Dei
1268 831 1319 872 de
1355 831 1618 873 interioribus
1638 845 1736 886 pen--

203 898 301 939 dula
319 899 394 940 sub
412 898 609 940 dilatione
632 898 919 953 exspectavit3
953 898 1063 952 quod
1079 898 1146 939 ille
1170 898 1398 948 dinoscens,
1422 898 1621 953 prolixius
1652 912 1737 939 sus-

201 965 354 1014 tinuit;
390 965 486 1019 quia
523 965 724 1020 colloquia
758 964 973 1005 hominum
1009 965 1264 1019 permaxime
1298 964 1367 1005 36ο
1407 969 1593 1020 tempore
1626 963 1738 1005 devi-

201 1032 322 1073 tavit.
394 1031 475 1085 Qui
499 1036 540 1073 et
564 1032 667 1073 illud
689 1031 913 1072 certissime
935 1036 1227 1086 cognoverunt,
1251 1035 1292 1072 et
1314 1046 1362 1072 eo
1387 1031 1612 1086 patientius
1643 1045 1738 1071 cum

201 1098 516 1153 longanimitate
551 1099 679 1139 nimia
712 1098 820 1139 illius
846 1098 1006 1139 exitum
1038 1102 1344 1152 exspectarunt.
1417 1097 1605 1138 Tandem
1642 1112 1737 1138 cum

202 1165 269 1205 ille
288 1165 342 1205 ad
363 1165 496 1220 operis
527 1165 711 1207 consueti
743 1164 987 1205 exercitium
1024 1165 1244 1219 procedere
1277 1164 1489 1215 voluisset,
1521 1169 1644 1218 atque
1681 1178 1734 1204 ne

202 1231 302 1272 dum
327 1232 432 1273 citra
460 1231 607 1273 domus
638 1247 720 1273 suae
757 1231 882 1272 limen
904 1230 1053 1286 pedem
1086 1232 1263 1272 alterum
1293 1231 1546 1286 protulisset,
1570 1231 1633 1272 vir
1667 1230 1736 1270 ille

201 1313 296 1339 cum
318 1298 488 1339 muliere
518 1298 554 1339 ei
577 1298 755 1339 occurrit
786 1298 963 1348 obviam,
991 1302 1229 1339 contestans
1253 1303 1294 1339 et
1319 1312 1495 1339 exorans
1517 1302 1732 1351 quatenus,

200 1380 274 1419 pro
296 1365 460 1406 nomine
486 1364 657 1406 Domini
683 1365 763 1406 Dei
786 1363 1007 1415 Altissimi,
1043 1364 1085 1405 in
1122 1379 1164 1406 se
1200 1364 1435 1407 ostenderet
1459 1364 1628 1419 pietatis
1655 1378 1738 1405 suae

202 1431 476 1472 clementiam.
550 1432 736 1486 Moxque
768 1431 977 1473 sacculum
1020 1431 1195 1486 desuper
1229 1432 1463 1473 involutum
1499 1435 1540 1472 et
1575 1429 1736 1486 pessulo

201 1498 503 1553 perstringente
537 1499 783 1553 praeclusum
820 1513 956 1538 coram
998 1498 1172 1553 pedibus
1205 1497 1292 1554 ejus
1333 1498 1519 1553 protulit,
1557 1502 1598 1538 et
1625 1498 1736 1538 intra

201 1565 327 1605 limen
360 1564 555 1615 Oratorii,
592 1565 634 1605 in
678 1579 757 1619 quo
798 1564 935 1605 adhuc
965 1568 1152 1614 steterat,
1184 1563 1371 1620 projecit.
1433 1564 1538 1605 Erat
1570 1563 1736 1618 quidem

201 1630 374 1672 interius
395 1646 542 1686 corpus
563 1631 708 1686 puellae
734 1635 980 1681 emortuum,
1006 1646 1129 1685 quam
1165 1631 1242 1686 ipsi
1263 1632 1493 1672 habuerant
1514 1631 1591 1672 sibi
1613 1630 1735 1671 caris-

201 1698 360 1747 simam,
393 1698 489 1752 quia
510 1698 617 1739 forte
638 1698 803 1739 unicam
820 1714 829 1746 ;
865 1695 981 1752 cujus
1003 1712 1149 1752 corpus
1169 1698 1230 1738 ita
1247 1698 1490 1739 obvolutum
1511 1697 1580 1738 illo
1596 1711 1735 1738 secum

201 1763 465 1814 detulerant3
501 1765 597 1819 quia
632 1765 761 1805 donec
800 1779 921 1819 super
945 1764 1080 1805 virum
1111 1764 1192 1805 Dei
1223 1765 1330 1805 clam
1362 1764 1650 1819 irrumperent,
1692 1762 1737 1803 id

201 1846 295 1871 eum
331 1830 460 1872 latere
497 1831 703 1872 volebant.
770 1830 891 1883 Quod
924 1831 991 1871 ille
1021 1830 1177 1882 videns,
1222 1831 1405 1886 graviter
1445 1830 1659 1871 exhorruit
1693 1834 1735 1870 et

200 1902 315 1939 totus
336 1897 564 1947 infremuit,
595 1898 691 1952 quia
712 1897 838 1938 etiam
872 1897 1065 1938 turbatus
1091 1903 1153 1938 est
1187 1913 1270 1953 prae
1307 1898 1368 1939 ira
1402 1897 1543 1938 oculus
1579 1895 1667 1952 ejus
1693 1900 1734 1936 et

201 1969 339 2005 motus
372 1980 454 2019 prae
492 1964 776 2019 indignatione
817 1963 947 2004 nimia
975 1963 1143 2018 spiritus
1176 1962 1289 2019 ejus;
1314 1964 1547 2005 aestimabat
1569 1963 1736 2018 quidem

202 2030 312 2084 quod
335 2031 371 2071 ei
403 2031 536 2085 magis
569 2031 644 2071 sub
671 2036 774 2086 typo
811 2029 1024 2070 derisionis
1060 2028 1295 2084 hujusmodi
1326 2030 1558 2078 illuderent,
1594 2035 1636 2071 et
1672 2034 1733 2070 at-

203 2096 449 2151 temptando
487 2096 596 2138 illius
633 2096 887 2151 impotentiae
913 2096 1079 2138 virtutis
1111 2096 1329 2137 ridiculum
1365 2095 1472 2137 fictae
1518 2095 1739 2137 delusionis

202 2162 510 2204 4contexerent.
572 2162 635 2204 At
674 2162 732 2203 illi
773 2162 947 2217 pedibus
990 2161 1079 2218 ejus
1119 2162 1318 2214 advoluti,
1360 2178 1454 2204 cum
1494 2161 1660 2204 fletibus
1694 2166 1735 2203 et

204 2227 496 2285 ejulationibus
526 2229 669 2271 multis
710 2234 752 2270 et
784 2228 926 2271 Divini
960 2227 1149 2271 Nominis
1186 2229 1514 2286 adjurationibus
1541 2228 1740 2284 plurimis,

252 2339 261 2358 ¹
280 2339 468 2385 Juvenem]
493 2340 806 2383 Msjuventutem.
995 2339 1008 2358 ²
1025 2339 1173 2384 Chapter
1191 2339 1267 2374 LV.
1285 2339 1319 2373 in
1337 2340 1395 2373 the
1415 2339 1510 2373 Harl.
1529 2339 1604 2375 MS.

252 2386 265 2405 ³
285 2386 336 2419 Eo
354 2386 524 2431 tempora]
549 2387 652 2420 From
671 2386 767 2420 other
791 2397 951 2431 passages
971 2385 1081 2419 which
1105 2386 1190 2419 have
1217 2386 1355 2431 already
1372 2386 1533 2419 occurred
1552 2386 1579 2419 it
1596 2396 1736 2430 appears

207 2432 281 2466 that
299 2432 516 2466 St.Godric's
540 2438 692 2466 extreme
718 2432 872 2466 aversion
890 2438 924 2465 to
947 2432 1154 2465 intercourse
1172 2432 1253 2465 with
1278 2432 1442 2466 mankind
1458 2444 1526 2466 was
1550 2430 1685 2465 limited
1701 2437 1736 2464 to

207 2479 265 2512 the
283 2479 401 2512 earlier
427 2484 501 2524 part
519 2479 556 2511 of
569 2479 622 2511 his
640 2478 813 2512 residence
830 2484 864 2511 at
884 2478 1047 2512 Finchale
1063 2491 1070 2520 ;
1097 2478 1153 2512 the
1171 2479 1322 2512 incident
1338 2479 1418 2512 here
1435 2478 1608 2520 recorded,
1625 2477 1735 2511 there-

206 2527 288 2567 fore,
305 2531 397 2558 must
413 2525 499 2558 have
514 2525 675 2558 occurred
693 2525 822 2570 shortly
840 2525 924 2557 after
941 2524 984 2557 he
998 2525 1078 2557 took
1096 2536 1141 2570 up
1159 2525 1212 2558 his
1229 2525 1336 2558 abode
1354 2525 1458 2558 there.
1483 2524 1563 2558 And
1580 2536 1617 2558 as
1634 2524 1661 2557 it
1678 2536 1736 2569 ap-

207 2583 306 2618 pears
324 2572 409 2605 srom
428 2570 445 2616 ξ
466 2573 544 2612 126,
563 2571 636 2604 that
654 2577 720 2604 two
746 2583 843 2616 years
869 2571 953 2604 after
978 2571 1046 2604 this
1072 2577 1170 2604 event
1188 2571 1354 2615 Reginald
1372 2583 1440 2604 was
1465 2583 1555 2616 upon
1581 2570 1737 2604 intimate

207 2625 311 2652 terms
328 2617 409 2651 with
427 2618 498 2650 him
517 2617 582 2650 and
607 2617 711 2650 heard
744 2618 796 2650 his
824 2617 1025 2659 cont‘cssion,
1043 2628 1094 2650 we
1111 2617 1202 2650 learn
1220 2618 1307 2650 from
1325 2629 1344 2650 a
1362 2617 1573 2662 comparison
1591 2617 1629 2650 of
1641 2616 1737 2650 these

204 2676 374 2710 passages,
403 2664 477 2697 that
501 2663 559 2697 the
588 2663 794 2696 intercourse
822 2663 976 2696 between
1005 2663 1100 2696 these
1129 2669 1195 2696 two
1229 2663 1432 2697 individuals
1462 2663 1632 2697 extended
1659 2675 1736 2696 over

205 2724 224 2745 a
242 2710 472 2744 considerable
489 2710 620 2755 portion
635 2710 672 2742 of
686 2710 733 2744 St.
748 2709 904 2743 Godric's
922 2709 1095 2742 residence
1113 2715 1148 2742 at
1165 2710 1340 2744 Finchale.
1385 2710 1458 2743 The
1475 2721 1627 2755 passage,
1644 2708 1737 2742 how-

205 2770 293 2800 ever,
312 2757 340 2790 is
358 2756 496 2801 capable
514 2756 551 2790 of
563 2756 665 2801 being
682 2756 886 2789 understood
905 2767 940 2788 as
958 2755 1084 2799 stating
1100 2755 1173 2788 that
1190 2756 1248 2789 the
1266 2757 1496 2790 conversation
1515 2756 1666 2789 between
1686 2756 1735 2789 St.

205 2804 331 2837 Godric
349 2803 415 2836 and
432 2802 599 2847 Reginald
616 2803 695 2835 took
712 2802 807 2848 place
826 2808 891 2835 two
909 2813 1003 2846 years
1033 2802 1118 2834 after
1136 2801 1192 2835 the
1210 2802 1333 2835 former
1360 2802 1427 2836 had
1445 2802 1639 2836 mentioned
1656 2802 1682 2835 it
1701 2802 1735 2835 in

205 2850 406 2883 confession.

252 2898 262 2915 ⁴
285 2895 535 2940 Crmteoeerent]
549 2895 632 2928 This
645 2894 735 2927 word
751 2894 778 2927 is
791 2895 920 2927 written
938 2905 979 2926 011
999 2906 1039 2927 an
1055 2906 1188 2927 erasure
1201 2895 1233 2928 in
1253 2896 1306 2937 B„
1320 2895 1380 2928 but
1393 2896 1420 2929 is
1433 2894 1617 2941 supported
1628 2894 1673 2939 by
1693 2894 1736 2927 H.
