1839 3186
188 181 271 222 266
717 191 952 224 LIBELLUs
987 192 1051 223 DE
1088 192 1204 224 VITA

190 296 337 338 baculo
381 311 519 352 sepem
560 311 800 338 succensam
838 296 1027 351 perculit,
1068 312 1115 337 eo
1147 296 1432 338 vehementius
1467 300 1583 337 mota
1617 296 1723 352 ignis

188 363 366 404 materia
387 364 702 418 circumquaque
735 364 913 414 evolans,
941 363 1105 404 dilatari
1136 378 1218 404 non
1240 363 1432 411 destitit3
1459 360 1630 417 jamque
1652 363 1723 403 do-

188 430 325 471 mibus
352 430 394 471 in
415 430 604 486 proximo
626 430 770 485 positis
800 430 918 485 ignis,
943 429 1202 485 depopulatis
1237 430 1413 484 sepibus,
1437 430 1722 484 appropiabat,

187 502 358 551 totaque
406 497 552 538 domus
594 497 702 538 illius
739 496 1001 551 pauperrima
1051 495 1225 537 aedificia
1252 494 1344 551 jam
1387 495 1493 551 ignis
1533 495 1722 537 incendio

189 563 427 618 deperitura
463 564 713 614 minabatur,
746 563 842 617 quia
873 562 956 613 illo,
992 563 1156 603 nemine
1192 563 1390 604 obsistere
1420 562 1598 612 valente,
1630 577 1723 617 pro·-

190 630 376 685 perabat.
636 627 639 628 ⁷

246 697 264 748 ᾧ
286 699 383 737 252.
416 696 578 738 Videns
597 695 725 751 igitur
740 695 803 736 Vir
825 694 905 736 Dei
928 710 1049 736 omne
1076 695 1306 735 humanum
1328 694 1364 735 ei
1386 694 1571 749 deperire
1593 694 1722 736 subsi-

192 763 319 813 dium,
351 778 450 804 mox
478 763 533 804 ad
566 762 715 803 divinae
740 761 1017 802 miserationis
1045 776 1088 802 se
1115 761 1291 802 contulit
1312 761 1550 816 praesidium
1580 766 1723 816 postu-

188 829 371 879 landum,
396 834 520 883 atque
552 828 824 870 Ecclesiolam
853 828 995 869 Beatee
1029 828 1177 869 Mariae
1200 828 1275 869 sub
1296 827 1560 869 festinatione
1582 828 1724 869 introi-

187 896 322 946 vit,-et
342 896 439 937 fune
454 896 575 937 citius
596 900 797 950 correpto,
820 894 1145 935 tintinnabulum
1168 894 1465 949 permodicum,
1489 894 1598 948 quod
1621 894 1722 935 inibi

189 962 463 1017 dependebat,
489 962 651 1018 pulsare
682 962 817 1017 coepit,
851 960 967 1017 cujus
988 961 1125 1002 sonitu
1157 961 1334 1002 Beatam
1365 961 1445 1002 Dei
1469 960 1723 1001 Genitricem

191 1029 373 1069 Mariam
402 1030 456 1070 ad
490 1029 551 1070 sui
582 1028 783 1069 auxilium
820 1028 977 1069 coelitus
1008 1028 1150 1069 adesse
1181 1028 1431 1082 postulabat.
1494 1027 1553 1068 Et
1581 1032 1723 1068 tamen

188 1096 465 1146 nihilominus,
498 1100 546 1136 ut
566 1095 652 1150 ipse
685 1094 951 1150 postmodum
987 1094 1137 1135 referre
1170 1094 1316 1148 saepius
1348 1099 1630 1144 consueverat,
1654 1109 1723 1134 ore

189 1167 230 1203 et
266 1162 445 1204 lacrimis
477 1161 565 1217 ejus
595 1162 835 1203 medullitus
871 1161 1195 1202 misericordiam
1231 1161 1438 1202 coelestem
1470 1160 1722 1215 postulabat.

192 1229 350 1269 Mirum
383 1229 509 1284 igitur
536 1228 578 1269 in
604 1229 788 1277 modum,
820 1243 919 1268 111οΧ
950 1233 997 1268 ut
1019 1227 1182 1282 signum
1212 1227 1315 1268 illud
1350 1226 1544 1276 insonuit,
1579 1226 1723 1267 eodem

188 1301 399 1336 momento
430 1295 628 1350 temporis
657 1310 778 1336 omne
806 1294 1043 1335 incendium
1079 1294 1342 1348 depereundo
1374 1293 1577 1342 cessavit,
1612 1293 1723 1347 quod

190 1362 377 1404 videntes
408 1367 604 1411 aratores,
628 1362 697 1415 qui
727 1361 863 1402 timidi
893 1361 991 1402 foris
1025 1361 1311 1411 substiterant,
1335 1360 1558 1415 plurimum
1589 1359 1722 1400 admi—

189 1429 283 1479 rati,
308 1429 535 1469 Dominum
566 1428 609 1469 in
640 1428 751 1469 facta
782 1432 870 1468 tam
902 1427 983 1468 cito
1005 1428 1047 1468 in
1072 1441 1140 1468 eos
1172 1427 1393 1467 clementia
1421 1425 1720 1481 glorificabant.

192 1495 468 1537 Postmodum
490 1510 586 1536 vero
607 1494 670 1536 vir
701 1494 780 1535 Dei
803 1493 948 1541 exivit,
972 1499 1013 1534 et
1035 1508 1104 1534 eos
1126 1493 1479 1534 demisericordia
1509 1492 1589 1533 Dei
1620 1508 1721 1533 nun-

190 1577 313 1616 quam
335 1562 551 1617 desperare
574 1561 840 1610 commonuit,
869 1564 893 1582 ‘⁴
911 1560 1019 1601 Nam
1042 1559 1165 1610 Dei?
1181 1560 1327 1614 inquit,
1354 1563 1377 1582 “
1394 1559 1614 1600 clementia
1634 1574 1723 1613 quae

189 1643 263 1670 nos
284 1628 594 1683 praemuniendo
627 1627 820 1677 custodit,
845 1642 967 1680 quam
1003 1627 1125 1668 citius
1156 1626 1197 1667 in
1219 1627 1411 1681 angustia
1441 1626 1596 1682 positos
1627 1641 1721 1666 con-

191 1695 325 1750 spicit,
352 1694 522 1736 celerius
543 1694 661 1735 nobis
686 1693 878 1744 occurrit,
906 1698 947 1734 et
968 1708 1179 1747 nunquam
1205 1691 1398 1734 deserit?

249 1761 331 1803 lHi
353 1762 430 1803 viri
451 1762 532 1802 duo
554 1759 694 1802 fideles
715 1760 911 1811 referunt,
935 1760 1003 1814 qui
1025 1765 1125 1801 tunc
1157 1759 1239 1800 ista
1259 1774 1301 1801 se
1323 1759 1473 1802 vidisse
1495 1763 1536 1800 et
1558 1757 1721 1800 audisse

191 1829 315 1869 modo
340 1828 562 1883 plurimum
583 1828 626 1869 in
648 1826 828 1868 Domino
849 1827 1145 1882 2gratulantur.

237 1936 247 1956 ¹
268 1935 348 1982 HA]
375 1936 418 1969 So
436 1936 493 1969 the
512 1936 601 1979 MS.;
619 1937 762 1983 perhaps
780 1938 801 1955 ‘⁶
816 1936 927 1970 Hoc.’'

235 1983 248 2001 ²
269 1982 529 2029 Gratulantur]
559 1984 632 2017 The
657 1995 867 2029 anonymous
894 1983 1056 2016 Harleian
1080 1982 1201 2027 legend
1219 1982 1298 2015 thus
1320 1979 1397 2013 tells
1420 1979 1478 2012 the
1500 1978 1566 2012 tale
1584 1990 1590 2012 :
1618 1978 1721 2012 “Go-

189 2029 301 2062 dricus
325 2029 366 2062 ad
385 2029 454 2074 agri
472 2030 524 2063 sui
550 2030 717 2063 culturam
743 2030 953 2063 conduxerat
970 2035 1117 2063 aratores
1135 2041 1142 2070 ;
1169 2034 1202 2061 et
1220 2027 1298 2072 qnia
1320 2025 1442 2068 herbae,
1461 2025 1575 2070 spinae,
1593 2025 1721 2058 miricae

189 2087 264 2120 quae
281 2075 315 2108 in
333 2087 411 2120 agro
430 2082 612 2120 creverant,
630 2077 860 2110 laborantibus
886 2076 1098 2114 resistebant,
1117 2075 1261 2120 ipsemet
1278 2074 1389 2118 ignem
1409 2072 1450 2105 dc
1469 2072 1567 2104 domo
1586 2071 1720 2115 extulit,

189 2129 222 2155 et
240 2122 298 2154 illa
315 2122 500 2165 succendit,
519 2123 608 2155 unde
624 2123 766 2156 fortuitu
783 2134 879 2168 sepes
897 2123 1008 2156 vicina
1025 2121 1127 2166 eoepit
1144 2120 1271 2154 ardere.
1322 2118 1384 2152 Ille
1402 2130 1590 2162 accurrens,
1608 2118 1721 2162 ignem

190 2168 323 2201 volebat
348 2169 574 2213 exstinguere,
600 2181 663 2202 nec
688 2169 846 2210 valebat3
880 2169 1039 2214 quoniam
1069 2168 1206 2200 flamma
1232 2166 1396 2211 paulatim
1422 2165 1531 2208 magis
1556 2171 1589 2197 et
1613 2164 1722 2209 magis

189 2214 342 2248 invaluit.
394 2215 480 2247 Cum
499 2227 576 2248 vero
594 2228 673 2260 sepe
690 2222 889 2260 consumpta
906 2215 993 2260 ignis
1012 2214 1126 2247 domui
1143 2214 1393 2259 propinquaret,
1412 2212 1461 2244 vir
1480 2211 1555 2254 Dei,
1573 2211 1721 2244 humano

190 2262 371 2294 destitutus
389 2261 530 2304 auxilio,
545 2262 695 2307 confugit
712 2262 754 2295 ad
772 2262 934 2295 divinum.
978 2261 1154 2306 Ingressus
1168 2260 1209 2293 ad
1225 2259 1414 2293 Ecclesiam
1429 2258 1546 2291 Beatae
1559 2257 1721 2301 Virginis,

190 2308 456 2341 tintinnabulum
485 2308 619 2353 pulsare
649 2309 762 2354 coepit,
790 2314 823 2342 et
853 2308 918 2342 Dei
947 2307 1131 2341 Genitricis
1155 2306 1321 2340 auxilium
1354 2305 1534 2338 lacrimans
1559 2304 1720 2349 flagitare.

191 2354 395 2388 Mirabilitcr
413 2354 531 2388 eodem
556 2361 741 2398 momento,
759 2367 824 2400 quo
841 2355 974 2399 signum
993 2354 1077 2388 illud
1102 2353 1264 2394 insonuit,
1283 2351 1478 2385 incendium
1495 2362 1594 2384 omne
1612 2362 1721 2384 cessa-

192 2401 239 2434 vit
256 2414 264 2443 ;
290 2401 379 2435 unde
396 2401 513 2435 rustici
531 2401 748 2446 admirantes,
766 2402 831 2435 Dei
851 2401 1067 2436 elementiam
1085 2398 1357 2434 collandabant.'’
