1839 3186
769 548 940 578 INCIPIT

454 681 584 718 VITA
615 681 972 719 VENERABILIS
1004 681 1120 719 VIBI
1152 680 1254 726 DEI,

35 821 46 840 '
111 815 455 885 GODRICI,
523 813 951 872 HEREMITAE
1016 814 1115 872 DE
1178 814 1596 874 FINCHALE.

85 1082 172 1107 CAP.
206 1082 232 1106 Ι.
296 1081 320 1105 A
348 1080 493 1110 QUIBUS
521 1078 772 1104 PARENTIBUS
794 1077 994 1103 ORIGINEM
1021 1076 1212 1110 DUXERIT,
1239 1076 1287 1100 ET
1321 1076 1488 1105 QUANTA
1511 1075 1623 1100 FIDEI'

181 1147 442 1173 SINCERITATE
464 1147 560 1171 VITA
583 1145 756 1171 IPSORUM
786 1144 921 1170 CORAM
944 1142 1101 1169 DOMINO
1123 1141 1340 1167 INSTITUTA
1366 1127 1541 1167 FUEfflT.¹

150 1248 234 1302 §8
268 1247 406 1287 TACTU
450 1246 569 1301 digiti
612 1245 791 1301 Spiritus
830 1245 973 1286 Sancti
1011 1243 1243 1285 dulcimode
1289 1246 1454 1282 resonat
1499 1242 1624 1283 corda

88 1313 338 1354 2harmonici
377 1313 510 1354 cordis
546 1313 728 1353 humani.
812 1313 921 1353 Nam
966 1312 1065 1352 dum
1107 1326 1212 1352 vena
1248 1308 1382 1349 cordis
1417 1323 1442 1348 a
1481 1308 1623 1349 Sancti

89 1380 267 1435 Spiritus
297 1380 431 1435 gratia
457 1379 656 1435 tangitur,
689 1379 831 1420 statim
864 1377 1110 1434 permirifica
1144 1375 1372 1418 harmoniae
1406 1374 1622 1416 dulcedine

88 1448 271 1502 operatio
311 1447 488 1502 plurima
521 1461 647 1488 sacrae
677 1446 845 1487 virtutis
872 1445 1131 1486 manifestius
1160 1444 1359 1485 resultare
1382 1441 1622 1483 dinoscitur.

90 1513 230 1569 Hujus
272 1514 398 1568 igitur
434 1513 649 1555 dulcedine
689 1513 869 1568 spiritus,
907 1513 970 1554 vir
1001 1511 1170 1553 Domini
1208 1509 1411 1551 Godrious
1449 1509 1502 1549 ab
1534 1509 1621 1563 ipso

87 1581 273 1635 pueritiae
306 1596 388 1622 suae
420 1586 605 1636 tempore
636 1581 830 1634 repletus,
854 1579 1039 1635 pluribus
1065 1578 1169 1620 sacri
1201 1576 1334 1633 operis
1366 1575 1621 1617 admirandis

87 1648 278 1702 operibus
311 1648 471 1698 claruit,
503 1647 599 1701 quia
632 1646 811 1701 Spiritus
844 1646 988 1687 Sancti
1019 1644 1260 1687 harmonica
1289 1642 1496 1684 institutio
1528 1658 1620 1697 pec-

87 1714 187 1755 toris
220 1714 347 1769 ipsius
383 1714 565 1755 3arcana
601 1713 704 1754 miro
743 1719 939 1754 contactu
971 1712 1118 1768 gratiae
1157 1710 1382 1767 spiritualis
1418 1709 1620 1750 accendit.

88 1780 192 1821 Erat
219 1781 328 1821 enim
357 1781 407 1821 de
435 1786 544 1821 terra
569 1780 801 1834 Anglorum
831 1775 1070 1829 ‘'oriundus‚
1097 1784 1268 1832 utroque
1290 1781 1460 1831 parente
1484 1775 1621 1817 Chris-

86 1847 199 1888 tiano
221 1847 472 1902 progenitus,
496 1847 565 1901 qui
593 1845 686 1896 fide,
714 1862 835 1901 opere
866 1851 989 1900 atque
1022 1845 1341 1895 conversatione,
1367 1842 1620 1884 5oi·thodoxe

88 1913 216 1954 vitam
251 1914 497 1954 catholicam
526 1913 754 1965 ducebant3
794 1928 916 1967 quam
948 1912 1079 1967 magis
1110 1928 1162 1953 ex
1193 1911 1471 1966 simplicitatis
1502 1910 1616 1950 inno-

88 1980 222 2021 centia
260 1981 505 2029 didicerant,
545 1995 667 2035 quam
700 1995 752 2021 ex
801 1980 990 2021 doctrina
1020 1978 1193 2034 alicujus
1229 1977 1405 2019 assecuti
1441 1977 1618 2018 fuerant.

86 2047 219 2088 Erant
251 2047 416 2101 quidem
447 2047 609 2102 utrique
641 2047 746 2096 laici,
776 2052 817 2087 et
848 2046 939 2087 ideo
969 2046 1121 2087 nullius
1155 2045 1257 2086 artis
1288 2043 1504 2099 disciplina
1534 2043 1619 2084 sive

85 2114 322 2168 magisterio
352 2114 527 2163 imbuti3
573 2114 644 2155 sed
682 2118 822 2154 tamen
855 2113 1120 2168 simplicitate
1161 2112 1376 2167 magistra,
1408 2111 1500 2165 plus
1538 2110 1618 2152 vir-

85 2180 186 2221 tutis
222 2181 497 2222 imitationem
536 2181 618 2222 suis
654 2181 844 2236 operibus
886 2180 1224 2221 demonstrabant
1256 2194 1379 2233 quam
1420 2177 1618 2219 sermonis

84 2245 214 2287 officio
251 2248 464 2302 propalare
501 2248 584 2289 sive
616 2247 839 2302 praedicare
874 2246 1117 2288 didicerant.
1181 2245 1304 2298 Quod
1335 2245 1402 2286 ille
1439 2243 1618 2299 Spiritus

83 2313 269 2355 veritatis
292 2330 358 2354 eos
382 2314 615 2364 edocuerat,
640 2314 720 2366 Qui
746 2313 887 2354 florem
913 2313 1157 2367 quandoque
1171 2311 1347 2368 justitiae
1373 2311 1423 2351 de
1452 2311 1618 2351 informi

85 2380 291 2433 quondam
333 2381 474 2435 stipite
515 2381 567 2422 Se
603 2396 689 2422 esse
725 2380 1021 2435 perducturum
1057 2379 1327 2434 praevidebat.
1406 2378 1616 2418 Memores

85 2446 193 2486 enim
230 2453 346 2488 era-nt
383 2447 493 2501 quod
526 2448 657 2488 vitam
698 2462 921 2502 pauperem
962 2447 1195 2495 ducebant3
1245 2450 1287 2486 et
1318 2444 1351 2486 si
1387 2444 1614 2485 Dominum

84 2517 179 2553 ante
211 2513 349 2554 omnia
383 2514 577 2554 timerent
609 2519 650 2554 et
677 2514 906 2568 diligerent,
939 2528 1028 2567 quae
1059 2513 1101 2553 in
1132 2511 1324 2567 praesenti
1346 2511 1433 2553 vita
1455 2510 1512 2551 eis
1534 2510 1614 2550 col-

83 2578 169 2619 lata
202 2594 283 2620 non
313 2585 461 2629 essent,
499 2581 608 2621 bona
640 2580 817 2635 plurima
851 2580 893 2620 in
926 2579 1067 2620 futura
1099 2578 1369 2620 retributione
1391 2576 1613 2632 promereri

84 2645 325 2699 potuissent.
388 2646 569 2687 Proinde
600 2647 738 2701 inopia
767 2651 940 2687 terrenae
972 2645 1213 2687 substantiae
1247 2650 1335 2685 erat
1362 2644 1419 2684 eis
1440 2643 1613 2683 materia

176 2755 184 2775 ¹
214 2755 360 2800 Chapter
379 2755 408 2788 I.
424 2756 458 2788 in
480 2756 526 2789 H.

170 2801 183 2821 2
211 2801 433 2848 Hurmonici]
462 2803 537 2836 MS.
557 2803 579 2820 ‘⁴
592 2801 792 2844 a1·monici,'⁷
810 2801 890 2834 here
907 2800 973 2834 and
992 2800 1184 2833 elsewhere.

173 2849 186 2868 ³
212 2847 375 2894 Arcana]
406 2849 478 2882 The
497 2848 571 2882 MS.
591 2848 803 2893 everywhere
821 2847 917 2881 reads
936 2849 958 2866 “
972 2847 1153 2880 archana.”

174 2895 184 2912 ⁴
215 2894 412 2941 Oriunclus]
442 2895 493 2927 De
511 2902 598 2928 terra
617 2894 803 2936 Anglorum
822 2894 1003 2927 milliorum
1023 2895 1050 2938 (Ἰ
1064 2892 1242 2937 nimirum)
1263 2891 1435 2934 oriundus,
1461 2891 1505 2924 11.

173 2941 183 2960 5
215 2940 433 2987 Orthodosa]
463 2941 650 2983 ortodoxo,
671 2940 745 2973 MS,
