1839 3186
182 185 237 223 82
700 189 929 220 LIBELLUS
966 188 1029 219 DE
1064 188 1174 219 VITA

184 296 316 336 omnis
351 308 555 349 corporeae
589 291 734 333 inediae
777 292 973 333 sustinuit
1014 292 1233 334 cruciatus.
1319 292 1436 333 Intra
1477 292 1710 334 cubiculum

186 377 282 403 vero
304 361 488 411 interius,
510 359 619 414 quod
643 359 686 399 in
707 373 780 400 suo
803 358 985 399 conclavi
1007 358 1167 408 habuit,
1201 358 1381 413 lapidem
1422 359 1516 400 latae
1551 360 1711 413 quanti—

186 429 287 470 tatis
306 428 466 477 habuit,
490 441 611 480 quem
633 440 707 480 pro
740 424 753 445 ²
767 438 911 465 mensa
930 423 1081 464 habere
1107 425 1330 475 consuevit,
1364 440 1485 479 super
1507 440 1586 479 quo
1609 430 1712 465 tem-

188 510 286 549 pore
308 493 543 535 refectionis
564 492 675 533 olera
706 506 780 532 sua
821 505 914 531 cum
946 490 1122 545 panibus
1148 491 1359 545 praedictis
1384 492 1604 545 apposuit,
1638 506 1714 531 nec

187 575 371 615 unquam
406 573 586 614 gausape
618 558 703 599 sive
740 556 1001 611 manutergio
1036 570 1222 597 mensam
1259 557 1373 597 illam
1407 557 1615 612 lapideam
1649 571 1714 597 co-

189 627 382 681 operuit,
416 626 519 666 adeo
553 624 719 678 quidem
754 622 974 663 mundanae
1010 622 1150 676 gloriae
1186 627 1227 663 et
1268 623 1331 664 sui
1352 627 1613 678 contemptor
1645 638 1715 663 ex-

188 693 310 744 stitit,
331 692 441 746 quod
472 692 691 745 quicquam
722 689 890 730 honoris
920 702 1220 742 supervacuum
1258 689 1446 740 credidit,
1471 690 1553 730 suis
1574 688 1716 731 usibus

188 774 395 814 apponere
417 758 582 812 penitus
608 754 827 797 recusavit.
889 753 991 795 Cibo
1016 758 1157 794 tamen
1181 769 1348 809 perraro
1369 755 1552 804 indulsit,
1576 763 1618 796 et
1639 755 1717 796 hoc

189 826 267 866 nisi
291 825 536 866 necessitate
561 826 747 876 cogente,
772 820 936 874 quando
971 819 1015 860 id
1045 825 1196 861 natura
1226 821 1427 875 poposcit,
1452 821 1717 875 maximaque

190 891 311 932 famis
335 890 485 940 inedia,
509 889 553 930 id
574 892 726 929 natura
748 887 953 941 exigente,
980 885 995 907 ²
1009 887 1285 941 compelleret,
1314 887 1348 928 si
1372 887 1525 928 talibus
1541 887 1718 929 convivii

190 957 321 1011 epulis
341 956 599 998 discumbere
619 953 830 995 voluisset.
901 952 1007 994 Cum
1029 952 1155 1007 igitur
1194 953 1324 995 fames
1356 953 1582 995 saevissima
1612 954 1719 1009 gulae

190 1023 404 1064 illecebras
438 1021 677 1070 concitaret,
704 1019 780 1060 sibi
804 1018 996 1060 maxillas
1019 1018 1246 1073 voluptatis
1276 1019 1291 1041 3
1308 1019 1351 1060 in
1372 1034 1488 1060 camo
1512 1019 1721 1061 dilationis

192 1095 233 1130 et
258 1089 386 1130 fraeno
410 1088 625 1144 parcitatis
647 1085 844 1135 cohibuit,
869 1084 998 1125 donec
1016 1086 1149 1126 omnis
1171 1086 1381 1140 appetitus
1401 1086 1722 1141 intemperantia

192 1156 234 1196 in
276 1156 408 1210 seipso
454 1155 653 1195 frustrato
701 1152 841 1193 labore
894 1151 1127 1205 conquievit
1172 1157 1214 1193 et
1257 1152 1495 1207 consopitus
1539 1153 1719 1194 evanuit.

192 1221 373 1263 Dicebat
392 1221 582 1275 equidem
603 1219 711 1260 inter
732 1233 787 1269 se,
812 1222 837 1240 “
856 1217 901 1258 Si
922 1217 1045 1258 modo
1067 1217 1148 1258 mei
1169 1215 1292 1272 hujus
1312 1218 1494 1260 libidinis
1510 1219 1721 1274 appetitus

191 1303 274 1329 non
299 1288 534 1328 dominatus
554 1285 694 1333 fuerit,
732 1288 832 1325 tunc
865 1282 1032 1338 spiritus
1052 1297 1170 1325 meus
1198 1299 1336 1325 coram
1369 1284 1549 1326 Domino
1583 1300 1722 1326 macu-

192 1354 301 1396 latus
325 1354 442 1395 erit.”
512 1350 882 1404 Contendebatque
918 1349 1004 1405 ipse
1025 1350 1237 1391 multoties
1257 1350 1426 1406 litigans
1456 1366 1550 1392 cum
1574 1351 1719 1406 seipso

193 1421 308 1474 quasi
330 1419 520 1475 agonista
537 1419 579 1460 in
600 1432 697 1458 area
719 1416 934 1457 decertans
958 1421 1081 1470 atque
1098 1416 1332 1471 disceptans
1354 1433 1449 1458 cum
1468 1417 1557 1459 viro
1578 1418 1721 1467 altero,

195 1491 221 1508 “
245 1486 322 1537 Ο,”
346 1485 534 1540 inquiens
554 1484 608 1525 ad
630 1498 688 1532 se,
708 1487 911 1524 “exactor
933 1482 1108 1536 pessime
1128 1487 1169 1524 et
1192 1483 1367 1533 funeste,
1391 1499 1515 1537 quare
1536 1488 1600 1525 tot
1620 1484 1722 1525 mihi

193 1553 320 1594 infers
363 1552 618 1593 detrimenta
650 1549 744 1591 vitae
779 1554 820 1590 et
857 1548 1143 1590 blandimenta
1187 1550 1408 1603 nequitiae?
1481 1550 1546 1591 Tu
1582 1555 1726 1593 venter

194 1619 376 1673 pestifer,
400 1618 500 1659 dum
524 1617 601 1658 tibi
620 1615 762 1656 debita
782 1619 942 1656 naturae
966 1614 1143 1665 confero,
1165 1615 1356 1657 mihimet
1377 1616 1542 1657 vincula
1572 1616 1725 1658 doloris

194 1686 389 1732 innecto,
429 1683 528 1724 dum
560 1687 603 1723 te
636 1680 787 1731 refici0,
818 1696 885 1721 me
921 1681 1092 1729 sedu003
1138 1680 1238 1722 dum
1277 1681 1465 1736 saginare
1506 1682 1723 1733 contendo,

194 1751 370 1792 maciem
391 1754 545 1804 optatae
567 1747 735 1790 virtutis
769 1746 954 1800 adquiro.
1018 1746 1102 1788 Pro
1136 1747 1217 1788 mei
1242 1747 1424 1802 obsequii
1446 1748 1602 1790 exeniis
1623 1749 1725 1790 mihi

195 1822 356 1872 pestem
380 1814 544 1857 conficis
571 1819 619 1855 ut
650 1813 830 1854 lubricus
865 1812 1040 1867 anguis;
1082 1828 1156 1867 pro
1180 1813 1378 1855 servitute
1403 1814 1576 1865 sudoris,
1610 1815 1727 1856 moli-

196 1888 338 1923 menta
361 1882 532 1929 laboris,
557 1895 630 1935 pro
652 1879 911 1933 indulgentia
932 1879 1236 1930 alimentorum,
1255 1879 1462 1921 virulenta
1481 1881 1592 1935 paris
1614 1881 1727 1936 geni-

195 1950 309 1989 mina
331 1948 601 1989 cruciatuum.
665 1945 724 1986 Es
749 1945 916 1998 quidem
950 1950 1061 1985 recte
1097 1945 1362 2000 hydropicus,
1390 1946 1486 1999 quia
1515 1962 1725 2001 nunquam

196 2015 341 2069 plenus
359 2030 369 2063 ;
403 2027 564 2061 avarus,
588 2012 684 2065 quia
704 2025 914 2064 nunquam
931 2010 1106 2051 satiatus
1126 2028 1137 2058 ς
1177 2011 1352 2062 dolosus,
1374 2012 1469 2066 quia
1486 2014 1729 2067 supplantas

196 2081 378 2121 animam
409 2085 457 2119 ut
487 2078 653 2119 furcifer
686 2081 728 2117 et
758 2076 1022 2117 facinorosus.
1086 2075 1200 2117 Dum
1228 2091 1388 2131 semper
1423 2078 1587 2133 accipis,
1625 2079 1728 2121 nihil

198 2145 419 2199 aliquando
441 2145 607 2191 reddis;
641 2142 765 2183 modo
801 2142 901 2182 dum
926 2140 1070 2190 reficis,
1107 2157 1207 2183 mox
1226 2140 1317 2198 jam
1341 2144 1500 2192 nescis3
1533 2145 1631 2185 dum
1654 2150 1728 2186 tua

200 2212 429 2253 farciuntur
485 2210 654 2259 viscera,
706 2212 869 2249 eructas
915 2207 1088 2248 fallaciae
1138 2208 1402 2263 spurcissima
1448 2210 1727 2252 condimenta.

202 2277 408 2331 Quicquid
446 2276 521 2317 tibi
554 2290 688 2329 erogo,
723 2278 912 2315 cruenter
946 2273 989 2314 in
1026 2279 1237 2328 posterum
1273 2275 1471 2330 deploro;
1506 2281 1547 2318 et
1584 2277 1618 2318 si
1653 2278 1730 2318 ho-

202 2343 367 2384 diernus
388 2343 556 2391 amicus,
594 2345 763 2395 repente
799 2338 851 2380 fio
887 2344 1113 2381 nocturnus
1147 2340 1351 2383 inimicus.
1423 2341 1487 2382 Tu
1519 2357 1730 2397 nunquam

201 2409 377 2458 satiaris,
402 2407 589 2462 quamvis
614 2406 807 2446 continue
835 2405 1057 2459 sag·ineris;
1092 2411 1133 2447 et
1155 2412 1308 2460 quanto
1329 2407 1405 2448 tibi
1427 2408 1606 2462 plurima
1624 2409 1734 2450 bona

203 2475 426 2524 contulero,
444 2477 563 2515 tanto
587 2472 792 2513 foetidiora
813 2471 863 2512 de
885 2471 967 2512 tuis
998 2472 1121 2514 lucris
1142 2473 1420 2515 emolumenta
1437 2473 1653 2529 4recipio.”

205 2648 235 2680 G
250 2599 430 2691 ῙΗΜΞηῗαί]
460 2599 533 2632 The
557 2609 649 2632 same
675 2602 770 2630 stone
797 2608 862 2630 was
888 2596 972 2630 used
990 2596 1035 2641 by
1052 2597 1123 2630 him
1150 2598 1200 2631 for
1224 2598 1277 2631 his
1301 2598 1428 2643 pillow.
1477 2600 1540 2633 See
1558 2599 1574 2645 ξ
1595 2600 1649 2644 73,
1667 2602 1734 2635 and

239 2659 258 2680 a
288 2659 312 2679 r.
416 2672 423 2679 .

249 2694 261 2712 ²
282 2689 526 2737 Compelleret]
553 2689 697 2732 Quando
725 2688 770 2732 id,
798 2694 917 2721 natura
947 2689 1115 2733 exigente,
1147 2690 1373 2735 compelleret,
1403 2691 1466 2733 B.;
1492 2692 1649 2738 omitting
1678 2694 1735 2727 the

203 2738 438 2772 intel-mediate
455 2737 575 2770 words.

250 2786 263 2804 ³
283 2784 453 2828 Incamos]
479 2783 554 2816 MS.
572 2783 703 2816 chamo,
751 2781 814 2813 See
834 2780 922 2813 Psal.
942 2780 1043 2813 xxxi.
1061 2783 1095 2813 9.

252 2832 264 2850 ⁴
285 2826 450 2875 Recipio]
479 2831 498 2847 ‘⁴
516 2829 555 2862 In
582 2827 737 2861 cubiculo
763 2838 824 2859 suo
849 2826 997 2871 lapidem
1022 2826 1128 2859 latum
1154 2826 1273 2860 habuit
1298 2839 1356 2872 pro
1373 2840 1501 2873 mensa,
1519 2843 1619 2876 super
1636 2844 1736 2876 quem

205 2877 277 2909 sine
311 2888 431 2920 mappa
464 2874 642 2919 praedictas
676 2872 791 2919 epulas
822 2872 1067 2917 componebat3
1103 2884 1176 2905 raro
1203 2873 1350 2917 quidem,
1386 2882 1418 2908 ct
1445 2887 1511 2910 non
1544 2878 1609 2912 nisi
1642 2879 1734 2923 gravi
