1839 3186
531 235 590 266 ET
622 233 888 267 MIRACULIS
921 235 955 266 S.
982 235 1199 267 GODRICI.
1547 227 1625 265 111

97 353 274 388 movere,
299 338 379 391 Qui
401 338 527 379 etiam
562 343 684 393 prout
705 338 795 380 vult
828 338 960 380 brutis
982 338 1262 380 animantibus
1283 338 1464 379 humana
1493 342 1630 393 potest

99 405 260 459 eloquia
280 405 531 459 impertire.”
584 405 672 446 Nec
694 406 813 460 plura
830 405 905 447 his.
962 405 1117 447 Statim
1138 420 1234 447 vero
1256 410 1304 446 ut
1326 405 1406 445 ista
1427 405 1629 456 audierat,

98 472 287 513 omnibus
307 471 484 526 negotiis
505 471 652 512 ceteris
673 471 930 521 intromissis,
968 472 1021 512 ad
1046 471 1286 512 Oratorium
1307 486 1426 512 snum
1449 471 1629 512 Domino

99 538 402 593 supplicaturus
441 538 690 592 properabat
710 554 721 586 3
768 553 861 579 611111
902 543 1043 579 autem
1066 537 1157 593 jam
1193 537 1447 579 orationibus
1485 538 1630 578 horam

98 604 303 646 celebrare
335 604 533 659 coepisset,
578 604 741 659 signum
775 605 929 659 pulsari
966 604 1099 654 desiit,
1145 609 1186 645 et
1216 604 1279 646 vir
1315 604 1395 644 Dei
1429 604 1504 645 sub
1536 619 1630 645 con-

99 670 379 725 templationis
405 670 552 725 spiritu
574 670 754 711 Domino
776 676 876 712 vota
905 686 979 713 sua
999 671 1210 726 persolvit.
1281 669 1422 726 Hujus
1442 670 1630 711 miraculi

97 737 260 779 novitas
278 752 359 778 non
381 737 507 778 semel
528 737 600 778 sed
627 737 839 779 multoties
870 738 1031 788 claruit,
1055 743 1096 779 et
1118 753 1143 779 a
1163 736 1305 778 multis
1325 736 1476 792 saepius
1497 737 1631 778 audiri

98 804 326 845 consuevit.
388 803 523 855 Quam
544 803 607 845 vir
627 804 704 845 iste
725 819 807 845 non
835 805 918 846 suis
956 804 1174 860 deputavit
1195 803 1353 845 meritis
1374 821 1384 852 ;
1420 803 1492 844 56(1
1513 803 1632 845 nobis

99 869 401 925 inquirentibus
445 870 667 911 contestari
717 871 891 920 solebat,
934 872 1018 912 tale
1054 886 1156 926 opus
1198 870 1357 911 meritis
1396 870 1632 924 provenisse

100 936 241 977 Beatae
276 936 425 977 Mariae
452 936 668 991 Virginis3
708 941 732 959 ‘⁶
756 937 814 978 Et
847 937 940 978 ideo
973 938 1051 978 1106
1092 937 1295 993 signum,”
1330 936 1476 990 inquit,
1520 942 1544 959 ‘⁶
1565 937 1633 977 hic

100 1003 256 1044 diutius
280 1002 366 1043 fieri
389 1002 522 1053 desiit,
541 1003 637 1056 quia
648 1004 760 1045 fama
776 1004 883 1045 illius
904 1004 1041 1059 plures
1065 1005 1119 1045 ad
1134 1019 1246 1045 meas
1268 1003 1410 1045 laudes
1429 1003 1630 1044 accendit.

103 1069 229 1110 Unde
251 1070 352 1124 petii
373 1084 398 1109 a
422 1069 602 1110 Domino
624 1085 675 1110 ne
702 1085 767 1110 me
789 1070 910 1112 nimis
938 1071 1188 1112 laudabilem
1210 1070 1377 1120 faceret,
1403 1085 1534 1124 neque
1556 1070 1633 1110 hoc

101 1135 263 1190 signum
285 1136 461 1190 amplius
491 1136 543 1176 ab
577 1136 679 1185 aliis,
717 1136 794 1178 nisi
815 1152 840 1177 a
857 1152 923 1177 me
948 1138 1033 1178 solo
1058 1137 1349 1178 tantummodo
1378 1137 1512 1177 audiri
1544 1152 1634 1191 per-

99 1202 298 1243 mitteret.
371 1202 493 1254 Quod
514 1207 555 1243 et
577 1203 678 1244 mihi
700 1203 766 1243 hic
788 1204 1000 1254 concessit,
1030 1219 1105 1244 nec
1138 1209 1282 1259 postea
1303 1202 1382 1244 nisi
1403 1219 1428 1244 a
1448 1218 1513 1244 1116
1548 1204 1632 1244 solo

98 1268 256 1310 sonitus
276 1269 358 1318 1116,
385 1268 533 1324 saepius
554 1274 695 1311 tamen
713 1269 861 1321 factus,
883 1270 1014 1312 audiri
1041 1270 1053 1290 ¹
1066 1269 1332 1326 praevaluit.”

100 1557 187 1583 CAP.
212 1558 356 1583 XLVIII.
410 1558 613 1587 QUALITER
649 1558 708 1583 BIS
739 1558 913 1583 IMPETUS
951 1557 1071 1586 AQUAE
1104 1556 1322 1582 SAEVIENTIS
1358 1556 1631 1588 EFFREGERIT3

158 1624 207 1649 ET
249 1624 366 1650 SIGNO
400 1625 535 1650 CRUCIS
569 1625 838 1660 INTERPOSITO,
871 1625 950 1653 QUO
981 1624 1181 1650 VOLUERIT
1212 1624 1285 1648 EAS
1321 1624 1442 1649 ABIRE
1482 1624 1636 1649 COMPU-

159 1691 287 1726 LERlT,
314 1692 390 1717 NEC
411 1692 533 1717 HORTI
564 1692 628 1717 SUI
659 1692 862 1717 TERMINOS
893 1691 1129 1717 PRAETERIRE
1160 1675 1440 1718 PERMISERIT.²

162 1797 184 1851 ᾖ
222 1799 320 1839 105.
365 1796 680 1838 OMNIPOTENTIS
723 1795 803 1836 Dei
849 1795 1070 1837 clementia
1109 1811 1270 1851 semper
1312 1812 1385 1851 per
1425 1811 1635 1838 servorum

101 1877 267 1904 suorum
304 1864 465 1913 merita,
512 1863 652 1904 divina
686 1862 867 1903 ostendit
899 1862 1131 1911 mirabilia3
1181 1863 1291 1904 unde
1327 1863 1370 1903 in
1411 1878 1528 1905 servo
1563 1878 1635 1905 suo

103 1929 285 1971 Godrico
326 1945 401 1972 sua
435 1945 529 1971 vere
562 1929 767 1970 mirabilia
799 1927 1011 1978 clarificat,
1057 1929 1157 1970 dum
1198 1927 1285 1984 ejus
1326 1929 1508 1984 imperiis
1546 1929 1636 1985 ipsa

101 1996 306 2038 elementa
345 1996 512 2038 obedire
558 1996 777 2038 effectuosa
820 1996 1097 2037 commendat.
1174 1995 1387 2050 Siquidem
1430 1997 1636 2038 nonnullis

149 2127 394 2174 ¹Praevaluit.]
432 2128 505 2161 The
535 2139 747 2173 anonymous
779 2127 941 2161 Harlcian
974 2127 1097 2173 legend
1123 2129 1157 2162 in
1189 2129 1258 2162 like
1284 2140 1448 2164 manner:
1485 2129 1633 2163 “Horas

100 2185 217 2207 omnes
242 2175 422 2208 canonicas
448 2175 656 2218 observabat,
684 2180 715 2207 et
735 2174 888 2219 quamvis
914 2175 1060 2208 nesciret
1086 2187 1124 2208 ea
1150 2187 1224 2220 quae
1252 2175 1410 2209 dicuntur
1427 2188 1446 2209 a
1464 2176 1632 2220 litteratis,

99 2225 214 2254 tamen
240 2221 281 2254 de
307 2221 452 2255 Psalmis
480 2228 512 2255 et
531 2221 749 2255 Orationibus
778 2233 861 2266 quas
888 2221 1028 2265 sciebat,
1048 2222 1203 2267 quaedam
1233 2222 1298 2256 sibi
1324 2223 1449 2256 fecerat
1467 2223 1634 2256 instituta.

102 2266 384 2301 Tintinnabulum
403 2280 536 2313 quoque
562 2268 605 2301 ad
630 2267 694 2301 1106
714 2267 891 2313 suspendit
910 2268 942 2301 in
963 2268 1130 2312 Oratorio‚
1149 2269 1239 2314 quod
1267 2269 1349 2315 ipse,
1368 2269 1450 2303 hora
1475 2270 1634 2314 instante,

99 2313 268 2358 pulsabat.
319 2314 398 2360 Ipso
421 2321 535 2348 autem
553 2314 633 2348 foris
659 2314 693 2347 in
717 2314 831 2347 labore
856 2314 1001 2359 alicujus
1020 2316 1129 2361 operis
1148 2316 1346 2358 constituto,
1365 2316 1632 2350 tintinnabulum

98 2371 158 2404 per
175 2372 210 2394 se
237 2360 398 2395 divinitus
425 2361 592 2406 pulsabat,
619 2361 750 2406 quoties
776 2361 920 2406 ipsemet
946 2362 987 2395 de
1013 2362 1094 2395 hora
1119 2368 1342 2407 praetereunte
1371 2374 1439 2396 non
1463 2363 1631 2396 meminit.

102 2406 204 2440 Unde
228 2407 375 2441 ministri
409 2407 593 2453 plurimum
627 2414 705 2441 sunt
729 2408 855 2451 mirati,
884 2413 917 2441 61
945 2408 994 2441 516
1022 2408 1203 2454 aliquando
1229 2409 1435 2454 quaerebant,
1462 2411 1472 2428 ζ
1486 2409 1631 2454 Domne,

100 2453 268 2497 quomodo
291 2460 388 2487 sonat
405 2454 683 2498 tintinnabulum,
703 2466 781 2487 cum
799 2455 924 2488 ostium
944 2454 1091 2489 Oratorii
1118 2456 1271 2489 clausum
1298 2456 1352 2499 sit,
1371 2462 1404 2489 61
1421 2468 1521 2489 1161110
1539 2457 1631 2489 1111115

100 2500 225 2533 existat
241 2500 265 2534 2’
317 2500 450 2543 Quibus
474 2501 531 2534 ille
558 2500 666 2535 dixit:
694 2502 703 2519 ⁴
718 2501 844 2534 Potens
868 2507 919 2534 est
937 2501 1031 2535 Deus
1052 2502 1116 2535 1106
1141 2502 1264 2545 facere,
1283 2503 1339 2548 qui
1359 2503 1459 2536 verba
1481 2503 1631 2536 humana

100 2546 234 2590 quando
252 2546 323 2579 vult
340 2547 447 2581 brutis
465 2547 695 2581 animantibus
712 2547 928 2592 impertitur.’
979 2548 1109 2582 Audito
1129 2549 1266 2594 quidem
1284 2561 1377 2592 sono,
1396 2550 1539 2594 negotiis
1559 2561 1632 2582 om—

99 2592 198 2626 nibus
212 2594 459 2638 praetermissis,
474 2594 515 2627 ad
529 2594 723 2627 Oratorium
736 2594 947 2639 properabat,
963 2600 995 2627 et
1008 2607 1085 2628 eum
1099 2595 1215 2629 horam
1234 2607 1331 2641 agere
1345 2596 1514 2641 coepisset,
1530 2595 1631 2629 desiit

98 2650 181 2672 mox
198 2651 286 2673 nona
307 2639 337 2686 [?
354 2640 453 2687 hora]
473 2640 612 2686 pulsari.
662 2641 739 2674 Hoc
756 2640 957 2674 miraculum
975 2653 994 2674 a
1010 2641 1128 2675 multis
1146 2643 1270 2687 saepius
1288 2648 1339 2676 est
1357 2642 1522 2686 auditum,
1541 2642 1631 2687 quod

99 2685 171 2730 ipse
188 2698 256 2719 non
275 2687 351 2730 sibi,
368 2687 427 2720 sed
450 2687 559 2721 beatae
578 2687 643 2720 Dei
661 2687 845 2721 Genitricis
871 2688 1002 2721 meritis
1029 2689 1228 2722 ascribebat.
1280 2689 1392 2722 Nobis
1419 2689 1520 2721 etiam
1538 2694 1631 2733 post-

97 2732 238 2766 modum
263 2733 310 2766 ita
336 2733 494 2768 dicebat:
522 2735 531 2752 ⁶
546 2733 754 2777 Hujusmodi
781 2745 883 2767 sonus
902 2734 977 2768 ideo
998 2735 1071 2778 jam
1091 2735 1149 2768 diu
1173 2735 1214 2768 ab
1232 2735 1307 2768 aliis
1334 2735 1478 2768 cessavit
1509 2734 1629 2777 audiri,

100 2779 259 2822 quoniam
275 2779 378 2823 hujus
396 2780 443 2813 rei
456 2780 546 2813 fama
563 2780 676 2825 plures
694 2780 736 2813 ad
752 2780 870 2814 laudes
887 2792 973 2814 meae
990 2782 1165 2826 parvitatis
1184 2781 1351 2815 accendit.
1402 2781 1503 2814 Unde
1517 2782 1629 2826 rogavi

100 2824 213 2904 {eum
231 2831 268 2858 ut
285 2837 387 2859 sonus
411 2826 470 2889 7ille
488 2826 529 2860 de
544 2832 664 2860 caetero
682 2832 803 2872 praeter
820 2838 875 2860 me
893 2839 912 2860 a
929 2828 1065 2862 nemine
1090 2828 1272 2873 audiretur,
1288 2833 1320 2862 61
1336 2827 1401 2861 hoc
1418 2827 1502 2861 mihi
1520 2828 1629 2873 pietas

124 2872 213 2904 ivina
231 2873 407 2906 6011665511.
423 2873 431 2888 '

146 2918 158 2936 ²
183 2917 224 2951 In
241 2918 299 2952 the
318 2918 414 2952 Harl.
431 2919 507 2954 MS.
525 2919 592 2953 this
610 2920 639 2953 is
657 2919 795 2965 chapter
813 2920 969 2954 XLVII.
