1839 3186
210 155 292 195 336
729 164 962 196 LIBELLUS
995 164 1058 195 DE
1090 164 1206 195 VITA

205 269 415 311 videbant.
489 268 575 309 Nec
605 283 732 319 mora,
767 269 882 322 quasi
913 268 989 310 sub
1010 273 1220 309 momento
1247 268 1308 309 vel
1340 268 1426 308 ictu
1462 268 1582 309 unius
1613 268 1734 318 oculi,

203 335 345 377 statim
367 335 409 376 in
431 350 621 390 supremo
638 335 751 376 collis
768 335 876 376 1111115
899 335 1062 385 vertice,
1084 335 1196 375 nullo
1212 334 1466 384 sustollente,
1488 334 1736 376 videbantur

205 402 368 443 elevari.
432 401 548 442 Tunc
576 402 638 442 vir
662 401 729 442 ille
758 401 896 442 oculos
930 402 1087 456 aperire
1110 400 1308 457 juvenem
1339 401 1547 456 praecepit,
1574 401 1736 454 etquid

204 468 261 509 ibi
298 468 539 518 dinosceret,
577 467 794 523 diligenter
824 467 1007 521 inquirit.
1079 467 1155 509 Oui
1191 467 1270 517 ille,
1310 466 1558 517 “Bonane''
1587 467 1733 521 inquit,

209 539 345 575 “ecce
383 549 522 575 aream
558 538 693 574 totam
732 538 773 574 et
811 548 931 588 agros
968 533 1107 574 domni
1143 534 1237 583 mei,
1278 548 1371 574 cum
1409 533 1600 574 domibus
1649 532 1735 588 ejus

205 600 387 655 singulis,
410 600 477 640 1110
513 615 588 654 ego
619 600 768 647 video3
803 604 843 639 et
876 599 1014 640 omnia
1044 600 1110 639 hic
1141 599 1309 640 inferius
1335 599 1471 654 posita
1502 600 1657 654 optime
1694 604 1735 640 et

203 667 321 721 plene
344 666 584 721 cognosco.”
618 664 831 719 Siquidem
853 670 953 706 tunc
975 666 1113 706 omnia
1133 665 1214 707 ista
1239 680 1376 706 coram
1399 680 1440 706 50
1456 665 1561 706 Vidit
1585 666 1733 720 posita,

205 738 245 773 et
270 733 362 773 ideo
393 732 486 773 duci
508 747 580 773 suo
608 730 846 786 hujusmodi
867 731 1049 772 reddidit
1070 731 1344 786 responsionis
1369 731 1542 785 eloquia.
1618 732 1735 773 Tunc

204 799 267 840 vir
281 799 347 839 ille
361 796 483 853 jubet
505 798 620 838 illum
640 797 826 838 cominus
847 798 1054 847 accedere,
1072 802 1113 838 et
1127 798 1275 852 pedem
1297 797 1423 852 ipsius
1445 798 1639 838 dextrum
1659 798 1734 839 sub

206 864 342 905 dextri
370 864 486 918 pedis
510 863 571 904 sui
596 863 740 917 planta
760 878 924 917 ponere.
987 864 1077 915 Quo
1099 864 1221 914 facto,
1258 863 1329 914 ait,
1364 867 1390 886 “
1410 863 1478 903 Ex
1504 864 1569 904 die
1593 864 1673 904 ista
1694 869 1734 905 et

207 931 411 985 deinceps,
434 929 630 983 quamdiu
645 929 741 970 huic
756 944 872 972 servo
885 945 976 970 meo
994 934 1035 970 et
1053 929 1206 971 Christi
1227 929 1256 969 J
1261 945 1332 970 esu
1354 930 1483 970 electo
1506 934 1546 970 et
1570 930 1732 980 dilecto,

204 996 512 1045 ministraveris,
550 1011 598 1037 ea
620 1011 711 1050 quae
738 996 1004 1050 spiritualiter
1025 996 1132 1037 circa
1147 996 1281 1037 virum
1318 996 1394 1036 Dei
1415 995 1527 1047 fient,
1551 996 1729 1045 videbisg

206 1069 424 1118 postquam
444 1077 540 1104 vero
565 1062 616 1102 ab
651 1062 758 1103 1111115
780 1062 946 1103 servitio
978 1062 1183 1117 digressus
1217 1062 1353 1111 fueris,
1377 1062 1434 1102 nil
1464 1062 1577 1103 aliud
1612 1078 1735 1116 quam

205 1130 330 1170 ceteri
351 1129 538 1170 homines
559 1128 697 1169 videre
719 1129 886 1183 poteris.
935 1128 992 1169 Et
1014 1129 1092 1168 hoc
1111 1128 1186 1169 tibi
1209 1129 1382 1183 signum,
1406 1128 1516 1182 quod
1540 1144 1588 1170 ea
1607 1129 1734 1170 oculis

205 1196 408 1250 corporeis
429 1194 577 1236 amodo
599 1195 757 1236 videbis
779 1210 1029 1249 quaecunque
1059 1194 1263 1249 praecipue
1283 1209 1398 1236 servo
1424 1194 1502 1235 Dei
1536 1195 1730 1246 attinent,

205 1263 271 1304 vel
295 1262 349 1303 ad
379 1260 465 1317 ejus
500 1261 763 1302 commodum
796 1277 867 1302 seu
899 1261 1195 1302 detrimentum
1229 1265 1433 1315 spectant,
1470 1266 1543 1302 aut
1578 1266 1734 1315 quanta

205 1328 525 1384 temptationum
551 1328 586 1368 ei
605 1327 777 1382 gravida
796 1327 1092 1382 impedimenta
1108 1327 1322 1368 intulerint
1340 1345 1350 1376 ;
1385 1332 1432 1368 ut
1455 1327 1505 1368 de
1525 1328 1590 1368 his
1606 1327 1734 1368 omni-

203 1395 280 1436 bus
315 1395 434 1435 testis
462 1394 655 1435 indubius
694 1393 882 1435 assistere
913 1393 1069 1448 possis3
1119 1393 1228 1447 quod
1259 1409 1409 1435 munus
1443 1394 1590 1448 gratiae
1627 1393 1732 1444 ideo,

205 1462 296 1502 Deo
317 1461 492 1511 volente,
516 1460 592 1501 tibi
614 1460 795 1501 conferre
811 1460 933 1510 volui,
958 1460 1053 1514 quia
1073 1460 1272 1501 hactenus
1287 1464 1328 1500 te
1352 1460 1453 1500 mihi
1475 1460 1670 1501 devotum
1693 1465 1733 1501 et

205 1542 320 1568 servo
360 1527 441 1568 Dei
469 1525 645 1567 fideliter
665 1526 706 1566 in
731 1526 920 1567 omnibus
947 1526 1250 1568 ministrantem
1270 1526 1469 1581 repperi.”
1539 1526 1615 1566 Ille
1636 1541 1733 1567 vero

204 1594 267 1634 vir
290 1594 369 1634 Dei
399 1593 518 1634 vultu
541 1598 628 1633 erat
651 1597 763 1634 totus
787 1593 1010 1647 angelicus,
1034 1598 1075 1633 et
1110 1593 1264 1633 blanda
1297 1592 1524 1634 dulcedinis
1559 1592 1732 1633 lenitate

204 1660 246 1700 in
268 1660 379 1700 omni
401 1659 558 1709 itinere,
580 1674 658 1713 quo
690 1659 805 1700 illum
833 1659 1095 1714 praecedebat
1126 1664 1197 1699 aut
1220 1658 1507 1708 comitabatur,
1522 1659 1729 1714 perfusus;

205 1726 272 1780 qui
295 1741 455 1780 semper
476 1741 527 1766 ex
553 1741 630 1779 quo
647 1725 897 1766 adolescenti
917 1725 1160 1780 comparuit,
1184 1725 1366 1766 libellum
1386 1724 1595 1765 modicum
1620 1725 1733 1778 quasi

204 1793 417 1833 obtectum
450 1791 559 1832 ¹cum
581 1791 785 1832 rubicanti
814 1792 1067 1846 coopertorio
1098 1807 1180 1846 prae
1211 1791 1401 1832 manibus
1425 1792 1728 1846 comportavit;

204 1857 319 1913 cujus
346 1858 444 1898 folia
474 1857 620 1912 saepius
653 1858 793 1912 digitis
827 1857 1204 1908 intercurrentibus,
1228 1858 1305 1897 hac
1337 1857 1510 1911 illacque
1541 1857 1732 1912 dispersit

205 1929 245 1965 et
280 1924 467 1974 revolvit,
494 1929 535 1964 et
569 1924 728 1965 divinas
759 1924 1001 1964 celebrando
1033 1923 1228 1964 excubias
1263 1938 1423 1978 semper
1458 1923 1560 1964 illud
1593 1939 1732 1964 secum

203 1990 501 2045 Evangelicum
537 1990 696 2038 cecinit,
732 1994 773 2030 et
809 2005 856 2030 eo
893 1990 1108 2044 completo,
1153 1989 1263 2030 idem
1299 1989 1449 2030 iterum
1496 1990 1731 2044 replicando

202 2057 397 2105 retexuit,
436 2060 460 2078 ‘⁶
480 2056 529 2096 In
560 2055 759 2110 principio
782 2060 869 2096 erat
893 2056 1093 2105 Verbum,
1115 2060 1155 2096 et
1178 2055 1366 2095 Verbum
1389 2059 1476 2095 erat
1510 2070 1535 2095 a
1563 2056 1666 2104 Deo,
1691 2061 1731 2096 et

206 2122 321 2163 Deus
342 2127 430 2162 erat
460 2121 688 2171 Verbum,''
726 2126 766 2162 et
800 2126 936 2162 cetera
957 2136 1143 2175 quaeque,
1180 2135 1308 2174 usque
1339 2120 1378 2160 in
1403 2119 1525 2161 finem
1548 2120 1731 2176 ejusdem

206 2188 453 2242 Evangelii3
501 2187 733 2240 iterumque
767 2187 912 2227 eadem
949 2187 1127 2241 repetiit,
1165 2191 1205 2227 et
1238 2202 1262 2227 a
1283 2185 1362 2227 fine
1383 2202 1512 2241 usque
1533 2187 1587 2227 ad
1623 2187 1731 2242 prin—

206 2254 356 2308 cipium
389 2252 572 2308 ejusdem
609 2252 824 2308 Evangelii
863 2252 1110 2293 decucurrit.
1173 2252 1248 2293 Ille
1287 2267 1380 2293 vero
1416 2253 1483 2306 qui
1519 2253 1607 2294 haee
1638 2268 1731 2294 eum

206 2320 487 2360 concinentem
513 2319 713 2369 audierat,
737 2318 862 2360 verba
887 2319 1030 2360 eadem
1059 2334 1110 2359 ex
1132 2318 1279 2360 auditu
1301 2319 1448 2373 saepius
1480 2319 1522 2359 in
1545 2318 1732 2361 Ecclesia

204 2386 353 2427 iterato
378 2385 392 2406 2
408 2390 665 2440 cognoverat.

252 2494 260 2512 ¹
284 2491 394 2539 Cum]
423 2493 529 2535 Quasi
548 2504 637 2533 cum,
660 2492 707 2525 H.

250 2540 262 2560 ²
278 2538 512 2585 Cognoverat]
541 2541 561 2558 “
575 2539 672 2572 Vidit
690 2539 825 2583 quidem
843 2539 877 2571 in
896 2540 1023 2572 somnis
1041 2545 1149 2572 astare
1167 2539 1229 2572 sibi
1250 2539 1357 2572 virum
1375 2538 1543 2583 quendam
1559 2536 1729 2570 venerabi-

202 2585 282 2627 leni,
301 2586 411 2619 colore
436 2585 622 2627 subrufum,
652 2585 741 2618 linco
769 2585 970 2617 vestimento
1000 2585 1122 2618 diversi
1149 2585 1269 2618 coloris
1300 2585 1467 2626 indutum,
1495 2590 1527 2617 et
1557 2595 1592 2617 se
1618 2582 1730 2616 taliter

203 2632 451 2676 alloquentem:
479 2636 487 2650 ‘
504 2631 670 2676 Nunquid
699 2643 754 2664 me
781 2631 955 2675 cognoscis
970 2631 999 2664 ?'
1048 2631 1110 2664 1110
1129 2631 1263 2664 territus
1286 2631 1395 2675 primo
1413 2631 1517 2673 siluit,
1537 2635 1569 2663 et
1594 2629 1729 2662 intuens

203 2684 281 2711 nota
311 2679 374 2711 sibi
405 2678 616 2721 vestimenta,
646 2678 694 2711 sic
721 2677 779 2720 ait,
808 2677 899 2710 ‘Istc
924 2689 1054 2722 pannus
1080 2677 1324 2721 operimentum
1351 2677 1455 2709 nostri
1481 2677 1545 2709 fuit
1575 2674 1727 2708 Alta1·is.'

202 2724 257 2757 Ad
285 2724 357 2757 haec
387 2725 587 2758 subridens:
627 2723 746 2768 ‘Ego’
769 2724 889 2767 inquit,
918 2725 1011 2756 ‘sum
1039 2723 1211 2756 ,Iohannes
1240 2723 1406 2767 Baptista,
1436 2728 1468 2755 et
1494 2722 1628 2767 proprio
1654 2728 1729 2754 utor

202 2770 421 2812 indument03
448 2777 485 2803 tu
506 2782 560 2803 me
586 2782 737 2815 sequere,
757 2775 794 2803 ut
820 2769 879 2802 tibi
908 2769 1060 2813 quaedam
1088 2774 1216 2802 secreta
1242 2769 1482 2810 demonstrem,
1499 2780 1561 2801 nec
1580 2767 1621 2800 de
1640 2767 1728 2800 vasis

200 2816 331 2859 timeas,
350 2817 506 2861 quoniam
535 2816 593 2849 illa
621 2829 679 2861 per
704 2828 758 2849 me
784 2816 874 2848 salva
900 2815 1068 2860 reperies.'
1122 2815 1300 2847 Praecessit
1319 2827 1395 2859 ergo
1421 2826 1536 2848 versus
1562 2814 1726 2846 orientem

200 2868 231 2894 et
251 2863 465 2907 subsequitur
490 2863 685 2896 adolescens
704 2862 756 2895 via
780 2862 919 2904 lubrica,
947 2862 1047 2894 veluti
1075 2873 1175 2906 super
1198 2861 1355 2906 glaciem,
1373 2866 1466 2894 tanta
1484 2860 1662 2894 velocitate
1691 2864 1727 2891 ut
