1839 3186
157 168 212 214 78
669 178 901 211 LIBELLUS
938 178 1001 209 DE
1037 178 1151 210 VITA

157 300 331 341 quorum
352 284 577 326 multitudo
605 285 768 339 copiosa
798 300 939 326 carnes
971 282 1058 339 ejus
1089 283 1308 326 saevissime
1341 284 1599 336 devastabat,
1637 289 1678 327 'et

157 353 278 394 cilicii
304 352 463 393 hirsuta
480 352 679 394 villositas
713 352 935 406 plurimum
967 366 1107 392 eorum
1127 366 1295 406 gregem
1316 351 1477 406 plenius
1497 353 1677 393 enutrire

158 418 467 461 lconsueverat.
529 418 616 459 Nec
647 419 729 460 alia
758 418 978 472 aliquando
1001 418 1249 459 vestimenta
1279 418 1390 458 nudo
1415 419 1573 474 corpori
1608 434 1678 473 ap-

155 486 349 541 ponebat,
384 485 456 527 sed
477 486 608 526 cilicio
643 491 767 540 atque
798 486 923 526 lorica
958 490 1072 525 artus
1102 490 1264 526 teneros
1287 485 1449 539 spiritui
1474 486 1678 527 deservire

156 553 343 607 cogebat.
414 552 516 594 Tres
538 553 665 594 etiam
695 552 840 593 loricas
865 567 917 593 ex
939 551 1223 592 diuturnitatis
1256 567 1333 593 usu
1356 558 1678 607 consumpserat,

156 620 251 673 quia
279 624 465 661 vetustas
498 619 624 660 etiam
657 619 753 660 ferri
790 618 984 659 duritiem
1006 618 1301 666 consumebat3
1342 624 1383 659 et
1418 634 1509 673 quae
1547 619 1681 660 carnis

155 686 371 727 mollitiem
404 686 600 727 devorare
633 685 781 740 potuit,
818 685 945 740 ipsius
975 685 1120 739 rigoris
1150 685 1281 725 aciem
1311 685 1545 726 teneritudo
1582 685 1682 726 deli-

157 757 251 793 cata
276 753 544 807 consumpsit.
607 752 675 793 Ex
711 752 822 793 senio
857 752 983 806 igitur
1014 751 1212 805 temporis
1247 756 1289 791 et
1320 753 1580 806 corruptione
1615 767 1680 792 ru-

154 819 317 874 biginis,
341 819 465 861 sudor
494 818 758 860 edacissimus
796 833 961 859 carnem
983 817 1157 858 exedere
1180 817 1336 867 debuit,
1365 818 1437 859 sed
1457 819 1608 859 mirum
1638 819 1682 859 in

156 885 327 927 modum
350 901 443 927 caro
474 886 578 940 ipsa,
601 885 688 926 vice
705 900 833 936 versa,
858 884 1149 926 candidissima
1170 889 1210 924 et
1240 884 1570 938 splendidissima
1590 890 1681 926 tota

156 952 338 1001 reluxit3
377 967 453 993 nec
490 950 664 1007 alicujus
698 952 814 1007 pueri
848 967 1013 992 carnem
1054 951 1118 992 vel
1150 951 1256 992 cutis
1293 950 1549 1006 superficiem
1587 952 1681 992 niti-

156 1019 313 1060 diorem
334 1019 399 1061 vel
433 1019 680 1060 teneriorem
711 1033 907 1067 cerneres,
931 1033 1054 1072 quam
1095 1017 1203 1058 illius
1234 1019 1413 1072 corporis
1448 1019 1681 1060 universam

156 1085 389 1140 congeriem
409 1086 662 1127 relucentem
684 1091 725 1126 et
746 1085 1102 1140 praeclarissimam
1124 1085 1355 1138 conspicere
1376 1085 1592 1139 potuisses.

215 1153 233 1205 ᾗ
254 1153 321 1196 67.
346 1152 381 1194 O
399 1153 504 1193 mira
525 1152 606 1193 Dei
624 1152 940 1206 dispensationis
961 1151 1190 1201 clementia,
1207 1166 1287 1204 qua
1308 1151 1565 1205 disponente,
1584 1151 1680 1193 ferri

156 1220 266 1274 rigor
287 1234 312 1260 a
332 1234 481 1260 carnea
506 1219 731 1273 fragilitate
764 1219 1006 1268 devincitur,
1039 1218 1238 1272 asperitas
1260 1232 1285 1258 a
1302 1218 1474 1258 mollitie
1501 1215 1681 1259 contrita

158 1291 386 1341 superatur,
411 1286 584 1327 durities
610 1285 782 1326 lenitate
817 1286 1084 1334 consumitur,
1116 1284 1316 1324 fortitudo
1349 1284 1562 1326 debilitate
1599 1285 1680 1325 001-

157 1353 300 1394 liditur
320 1356 327 1393 !
402 1352 520 1393 Talia
538 1357 633 1394 sunt
655 1367 779 1406 opera
801 1352 903 1401 Tua,
930 1351 1045 1392 Bone
1068 1351 1099 1391 J
1103 1366 1173 1391 esu
1194 1352 1202 1390 l
1252 1350 1333 1402 Qui
1354 1349 1516 1392 infirma
1536 1351 1679 1392 mundi

158 1435 327 1474 quaeque
359 1419 475 1474 eligis
509 1426 556 1460 ut
591 1419 715 1460 fortia
740 1418 989 1459 confundere
1028 1418 1169 1472 possis.
1242 1417 1385 1458 Cilicia
1418 1418 1545 1459 etiam
1578 1418 1678 1473 ejus,

157 1487 304 1541 quibus
326 1486 762 1535 circumamitiebatur,
786 1485 1061 1526 hirsutissima
1082 1489 1123 1525 et
1143 1484 1400 1538 grossissima
1420 1485 1680 1536 exstiterant,

158 1553 296 1608 qualia
330 1552 436 1594 fabri
475 1551 712 1608 hujusmodi
744 1551 1032 1593 architecturae
1068 1551 1133 1592 vel
1165 1549 1343 1591 artifices
1378 1552 1585 1605 asperiora
1617 1551 1682 1592 vel

157 1619 353 1674 rigidiora
388 1619 647 1660 contexuisse
698 1623 932 1673 potuerant,
975 1632 1148 1672 quorum
1188 1617 1389 1671 asperiem
1426 1618 1498 1658 lini
1535 1618 1683 1659 delica-

160 1687 309 1728 tissimi
347 1686 564 1726 mollitiem
601 1685 844 1740 deputabat,
892 1690 933 1726 et
973 1685 1153 1726 hirsutos
1184 1683 1347 1724 aculeos
1382 1684 1570 1726 stimulos
1609 1700 1683 1740 pro

160 1753 317 1794 deliciis
338 1767 602 1807 compensare
633 1752 804 1794 solebat.
867 1750 1032 1792 Horum
1064 1749 1268 1791 infinitam
1286 1751 1597 1792 multitudinem
1632 1767 1685 1793 ex

159 1835 256 1862 usus
274 1824 483 1861 vetustate
514 1819 764 1860 contriverat
782 1836 793 1867 ς
832 1823 875 1859 at
897 1823 1038 1859 tamen
1074 1832 1234 1872 semper
1254 1832 1362 1858 nova
1382 1833 1455 1872 pro
1477 1818 1685 1860 veteribus

158 1901 257 1928 mox
289 1886 365 1927 sibi
386 1886 635 1927 substituere
664 1901 745 1926 non
780 1885 992 1933 cessabat;
1028 1899 1117 1938 quae
1140 1883 1278 1924 onmia
1299 1884 1480 1925 exterius
1502 1885 1684 1926 vestibus

160 1954 288 1994 laneis
307 1953 530 2007 operiebat,
564 1952 659 2006 quia
697 1952 824 1993 oculis
856 1952 1143 1992 contuentium
1178 1965 1227 1991 ea
1260 1965 1348 2003 quae
1384 1950 1555 1992 interius
1590 1965 1683 1992 con-

160 2024 273 2061 tecta
296 2020 472 2070 fuerant,
497 2034 732 2073 comparere
754 2017 768 2039 Ξ
785 2018 963 2059 nolebat.

205 2131 213 2150 ¹
238 2129 506 2176 consueveram]
527 2129 621 2162 Thus
654 2129 808 2162 narrated
837 2129 883 2174 by
911 2128 969 2162 the
998 2129 1109 2162 writer
1136 2128 1173 2161 of
1197 2127 1254 2161 the
1286 2126 1448 2160 Harleiau
1476 2138 1687 2173 anonymous

155 2176 286 2222 history
301 2189 308 2211 :
340 2178 362 2196 ‘⁶
377 2177 458 2209 Post
474 2176 573 2209 fortia
588 2175 735 2209 luxuriae
748 2181 1024 2221 temperamenta,
1042 2187 1101 2220 per
1118 2175 1225 2208 varias
1242 2174 1371 2220 species
1388 2174 1533 2206 ferarum
1548 2180 1688 2208 conatus

158 2229 210 2257 est
235 2235 313 2257 eum
338 2229 460 2256 terrere
485 2222 651 2262 diabolus,
674 2234 836 2268 apparens
854 2234 944 2256 nunc
961 2222 1058 2255 leone
1075 2221 1127 2254 vel
1145 2233 1233 2264 urso,
1252 2232 1342 2254 nunc
1360 2220 1393 2253 in
1411 2226 1507 2253 tauro
1525 2220 1578 2253 vel
1595 2220 1686 2265 lupo,

158 2282 249 2303 nunc
267 2270 302 2303 111
320 2269 498 2314 vulpecula
515 2268 566 2302 vel
584 2269 720 2302 bufone.
769 2268 836 2302 Sed
853 2268 909 2302 1110
930 2269 1025 2302 fortis
1048 2269 1083 2301 in
1108 2268 1174 2301 fide
1200 2268 1313 2300 omnia
1338 2266 1586 2301 contemnebat.
1640 2267 1687 2300 Ut

158 2316 314 2350 incendia
332 2316 441 2350 carnis
459 2315 682 2359 extingueret,
706 2315 817 2349 cilicio
836 2327 956 2360 corpus
974 2314 1153 2348 edomabat
1170 2314 1365 2359 asperrimo,
1383 2319 1416 2346 et
1432 2313 1571 2346 loricam
1594 2313 1686 2347 nudo

158 2375 296 2408 corpore
321 2362 513 2405 inducebat,
543 2374 608 2406 quo
626 2374 685 2407 per
702 2373 806 2395 annos
832 2362 901 2395 fere
927 2361 1169 2406 quinquaginta
1197 2360 1355 2394 continue
1381 2359 1549 2393 utebatur.
1600 2360 1687 2393 Haec

157 2416 280 2455 praeter
298 2409 433 2443 duritiei
451 2408 676 2453 ponderisque
693 2408 877 2451 molestias,
897 2409 999 2441 ctiam
1025 2409 1059 2441 iu
1085 2408 1202 2441 aestivo
1228 2407 1350 2440 sudore
1375 2405 1584 2451 pedunculos
1609 2418 1685 2451 pro-

159 2456 304 2499 creabat,
324 2466 465 2500 quorum
483 2454 737 2488 multitudinem
754 2454 884 2488 hirsuta
899 2455 1040 2500 desuper
1059 2454 1160 2487 cilicii
1180 2453 1342 2486 villositas
1360 2452 1565 2485 nutriebat.''
1665 2492 1669 2497 .

206 2503 219 2522 ²
239 2501 412 2547 Nolelmt]
441 2503 463 2520 ‘⁶
476 2501 562 2535 Haee
588 2507 701 2534 autem
728 2513 769 2534 ne
787 2508 995 2546 apparerent,
1014 2501 1121 2534 laneis
1140 2500 1288 2533 vestibus
1306 2498 1506 2543 tegebantur
1524 2496 1685 2534 externis.
1704 2506 1706 2508 '

162 2550 244 2582 Tres
261 2549 382 2582 loricas
400 2560 442 2581 ex
461 2548 621 2593 temporis
640 2547 859 2581 diuturnitate
877 2548 1097 2593 consumpsit,
1116 2546 1229 2580 cilicia
1254 2557 1330 2579 vcro
1356 2545 1488 2578 infinita
1516 2544 1688 2579 detrivit.'’

160 2597 272 2630 Anou,
291 2595 440 2640 Legend.
