1839 3186
205 201 289 241 188
718 208 951 242 LIBELLUS
987 209 1051 240 DE
1087 207 1201 240 VITA

201 315 338 356 adhue
359 312 485 355 etiam
504 311 734 354 consistunt
757 312 799 353 in
812 313 901 368 ipso
922 311 1102 354 fluminis
1119 312 1272 361 littore,
1289 314 1576 352 convertentes
1593 307 1730 351 vultus

200 382 435 435 frequenter
477 379 531 421 ad
565 379 887 420 retinaculorum
927 394 1113 420 meorum
1146 377 1393 419 orbiculares
1425 377 1605 426 semitas,
1640 390 1730 429 quae

201 453 297 488 sunt
321 447 363 487 in
384 447 472 502 ipso
495 445 608 487 fluvii
628 445 804 501 gurgite.
867 446 1073 500 Conspexi
1098 450 1139 486 et
1173 444 1337 499 quando
1362 459 1430 485 eos
1451 443 1640 484 deserens
1669 456 1731 482 re-

201 513 372 563 cessisti,
398 518 439 554 01
462 513 560 567 quid
580 512 658 567 ipsi
680 512 812 567 operis
831 512 907 553 sibi
928 516 1228 567 proposuerunt
1250 510 1418 564 exsequi
1435 513 1731 562 consequenter

200 580 365 635 agnovi.
427 579 534 620 Nolo
565 578 692 634 igitur
724 586 771 620 ut
805 579 906 620 talia
942 577 1228 620 conventicula
1268 577 1378 618 eirca
1408 575 1615 616 domicilia
1649 574 1730 615 ista

199 646 295 696 sint,
320 661 451 700 neque
472 646 513 686 in
534 645 624 686 istis
656 644 766 686 horti
801 645 882 686 mei
918 643 1066 685 finibus
1096 642 1332 699 hujusmodi
1354 642 1548 683 consortii
1584 648 1728 682 contu-

199 713 343 754 bernia
366 710 487 754 sint.''
550 710 663 752 Puer
698 711 825 765 igitur
858 725 981 764 quam
1009 710 1227 765 pudenter,
1254 709 1318 751 his
1345 709 1509 759 auditis,
1533 707 1726 755 erubuit3

199 780 296 833 quia
316 779 455 819 omnia
474 778 637 819 illorum
661 782 819 818 secreta
835 777 985 817 domno
1002 792 1075 818 suo
1097 776 1262 816 detecta
1283 775 1496 830 persensit.
1558 774 1728 814 Fratres

201 845 349 886 deinde
382 845 458 899 ipsi
490 844 559 898 qui
590 843 875 891 consederant,
908 843 988 883 ista
1018 858 1100 883 non
1133 842 1190 883 sic
1216 857 1257 883 se
1293 841 1444 882 habere
1476 840 1725 888 credebant;

199 912 272 953 sed
294 911 550 966 egredientes
575 909 724 959 omnia,
748 909 853 950 sicut
889 909 955 949 ille
988 909 1163 959 dixerat,
1184 923 1281 950 vera
1307 907 1431 949 fuisse
1467 906 1583 947 oculo
1621 911 1729 947 teste

201 978 555 1033 comprobabant3
591 976 865 1030 praeeepitque
901 975 1097 1017 fratribus
1133 979 1181 1015 ut
1218 989 1286 1016 eos
1314 973 1464 1015 amodo
1501 973 1569 1014 illo
1591 973 1728 1015 venire

198 1060 271 1099 pro
294 1044 368 1085 tali
392 1043 558 1099 negotio
579 1042 825 1091 inhiberent,
848 1057 923 1083 nec
944 1042 998 1083 ad
1019 1042 1114 1083 talis
1136 1040 1410 1082 conventiculi
1435 1039 1606 1080 delubra
1633 1039 1729 1079 illuc

199 1110 371 1152 ulterius
392 1109 624 1164 conspirare
651 1115 959 1163 praesumerent.
1032 1107 1298 1149 Mirabantur
1319 1106 1488 1161 proinde
1518 1106 1665 1146 fratres
1687 1110 1728 1146 et

201 1177 596 1232 congratulabantur
625 1174 667 1216 in
702 1174 896 1224 Domino,
931 1179 1223 1230 cognoscentes
1255 1173 1364 1227 quod
1386 1173 1447 1214 vir
1469 1172 1549 1212 Dei
1584 1172 1729 1226 plenus

200 1249 289 1285 erat
324 1243 482 1298 Spiritu
516 1242 696 1289 Sanct03
731 1256 812 1282 non
844 1241 952 1281 enim
983 1246 1071 1282 erat
1107 1240 1284 1281 hominis
1319 1239 1496 1294 parietes
1531 1238 1726 1293 lapideos,

200 1310 287 1351 visu
308 1314 562 1365 penetrante,
589 1308 891 1357 transcendere,
919 1322 994 1348 nec
1015 1307 1093 1349 nisi
1125 1307 1260 1348 Solius
1293 1305 1373 1346 Dei
1401 1305 1574 1346 aliorum
1593 1310 1730 1345 errata

199 1392 271 1418 seu
295 1376 589 1418 desideriorum
611 1374 821 1429 proposita
856 1374 1083 1428 propalare.
1145 1372 1325 1426 Jamque
1348 1372 1405 1413 eis
1426 1371 1530 1412 alius
1560 1370 1727 1425 quidam

198 1443 211 1464 ¹
228 1443 432 1484 Helisaeus
452 1447 590 1483 nostro
611 1446 796 1495 tempore
817 1440 940 1481 fuisse
961 1440 1153 1490 innotuit,
1173 1439 1241 1493 (1111
1260 1443 1409 1479 cuneta
1430 1453 1519 1491 quae
1540 1437 1728 1479 minister

199 1508 286 1565 ejus
308 1509 349 1550 in
372 1509 518 1551 itinere
539 1508 707 1558 fecerat,
730 1507 888 1548 facinus
910 1507 992 1547 21111
1015 1506 1245 1561 detegendo
1269 1504 1543 1560 ³explanavit.

247 1620 257 1640 ¹
278 1618 466 1665 Helisaeus]
495 1621 515 1651 2
533 1618 653 1662 Kings,
672 1630 702 1651 v.
723 1619 778 1652 24.
1202 1615 1215 1635 2
1234 1614 1325 1661 Illi]
1355 1614 1464 1656 Illius,
1485 1614 1532 1648 H.

246 1667 259 1687 ³
279 1664 512 1711 Explanavih]
553 1664 626 1697 The
658 1664 752 1697 Harl.
784 1663 859 1697 MS.
890 1662 968 1696 thus
998 1661 1179 1707 proceeds:
1207 1661 1397 1694 “Tandem
1425 1667 1525 1695 aetate
1553 1660 1727 1695 confectus

198 1719 324 1758 quanto
349 1712 456 1757 magis
475 1713 560 1744 vires
586 1711 732 1755 corporis
757 1709 944 1753 amittebat,
969 1715 1062 1742 tanto
1088 1708 1320 1753 spiritualibus
1347 1707 1518 1740 exercitiis
1536 1707 1729 1751 vigilantius

199 1759 406 1793 intendebat.
458 1758 539 1791 Fuit
565 1763 677 1790 autem
704 1757 810 1802 ipsius
835 1756 982 1801 eorporis
1008 1761 1101 1788 tanta
1129 1754 1296 1798 debilitas,
1322 1761 1359 1787 ut
1377 1754 1478 1787 etiam
1505 1765 1582 1787 cum
1608 1753 1728 1787 baculo

198 1818 266 1839 non
283 1810 397 1851 posset
414 1804 505 1838 solus
524 1803 689 1847 incedere,
708 1803 767 1836 sed
785 1802 953 1835 ferebatur
970 1801 1126 1835 manibus
1145 1801 1276 1835 alienis.
1327 1800 1511 1844 AEgritudo
1529 1812 1660 1845 quoque
1679 1801 1727 1834 sie

199 1851 452 1897 ingravescebat
468 1850 648 1895 aliquando
674 1855 711 1882 111
728 1856 871 1882 1110110111
898 1855 1093 1893 putaremus
1119 1848 1256 1881 instare.
1307 1846 1487 1880 Convaluit
1505 1854 1617 1880 tamen
1643 1859 1726 1891 pau-

198 1899 306 1941 latini,
332 1904 365 1931 et
391 1897 618 1942 quaerentibus
644 1897 701 1941 qui
732 1896 772 1929 dc
801 1895 907 1940 ipsius
938 1895 1032 1928 obitu
1059 1901 1238 1938 expectare
1264 1893 1435 1936 deberent,
1462 1893 1508 1925 ita
1532 1893 1726 1938 respondit:

199 1945 347 1978 ‘Adhuc
377 1943 623 1989 aliquantulum
651 1948 760 1975 vester
789 1941 957 1975 Godricus
987 1941 1049 1974 erit
1067 1940 1265 1973 vobiscum.’
1316 1939 1599 1972 Dunehnensium
1626 1940 1728 1984 igitur

198 1993 349 2034 fratrum,
368 1991 425 2035 qui
443 1995 602 2024 venerant
619 1989 711 2032 illue,
730 1988 862 2021 caeteris
886 1988 1023 2020 domum
1049 1986 1280 2028 redeuntibus,
1298 1985 1364 2018 duo
1382 1985 1424 2018 ad
1442 1986 1514 2029 ejus
1538 1986 1727 2019 custodiam

199 2044 277 2072 sunt
299 2037 419 2071 relicti.
468 2035 710 2069 Residentibus
735 2034 802 2067 illis
828 2040 905 2067 ante
929 2033 1105 2077 grabatum
1131 2033 1248 2077 ipsius,
1267 2032 1356 2076 quod
1381 2032 1444 2064 fuit
1465 2037 1581 2064 eontra
1606 2032 1721 2065 Sancti

200 2085 222 2118 J
224 2084 365 2117 ohannis
379 2083 496 2116 Altare
510 2082 746 2126 compositum,
761 2092 850 2123 eece,
864 2091 946 2124 puer
959 2091 1046 2112 1111115
1064 2079 1224 2121 introivit,
1240 2090 1340 2122 quem
1354 2078 1426 2123 ipse
1443 2077 1621 2121 advocans,
1636 2078 1726 2112 unde

202 2131 329 2164 veniret
346 2129 495 2174 inquirit.
547 2128 631 2161 Inde
650 2127 866 2160 dissimulans
885 2126 1071 2167 veritatem,
1089 2125 1174 2158 falsa
1195 2124 1328 2157 dicebat
1344 2137 1351 2166 3
1378 2129 1411 2157 et
1428 2124 1477 2156 vir
1495 2124 1559 2157 Dei
1578 2124 1726 2158 seeundo

199 2184 231 2211 01
249 2177 347 2210 101110
365 2181 519 2220 repetens
537 2174 627 2219 quod
644 2173 815 2218 quaerebat
829 2185 837 2213 3
856 2172 1013 2215 adjunxit
1030 2171 1238 2215 interrogans
1257 2182 1421 2215 quosnam
1435 2170 1540 2203 cernit
1553 2171 1609 2215 qui
1627 2183 1727 2216 super

199 2230 355 2268 stagnum
380 2221 532 2267 piscariae
555 2219 783 2254 ambulabant.
834 2218 897 2251 Ille
923 2217 1067 2262 negabat
1084 2229 1119 2250 50
1145 2217 1208 2250 1100
1234 2218 1330 2259 50110,
1357 2217 1435 2261 quia
1461 2216 1507 2249 ibi
1529 2217 1600 2260 jam
1626 2216 1726 2261 longo

198 2277 348 2315 tempore
360 2280 426 2301 non
440 2268 570 2301 fuisset.
597 2267 693 2299 Tune
707 2277 821 2298 servus
837 2265 901 2297 Dei
918 2276 924 2299 :
945 2266 953 2283 ‘
967 2263 1003 2297 N
1006 2262 1116 2306 onne,'
1128 2263 1249 2308 inquit,
1265 2265 1273 2281 ‘
1286 2263 1353 2296 vidi
1366 2263 1466 2295 modo
1480 2269 1513 2296 te
1525 2263 1585 2304 ibi,
1598 2269 1630 2296 et
1643 2263 1726 2297 duos

193 2319 337 2362 juvenes
355 2327 432 2349 cum
450 2314 580 2347 duabus
597 2311 857 2345 adolescentulis
876 2323 933 2355 per
951 2317 1068 2354 stagna
1084 2310 1238 2354 piscariae
1255 2309 1472 2354 gradientes?
1524 2309 1593 2354 Ipsi
1612 2316 1726 2342 autem

197 2363 307 2397 adhue
325 2362 371 2395 ibi
390 2360 577 2395 consistunt
596 2370 685 2404 saepe
711 2357 896 2391 retinacula
922 2362 1131 2397 contuentes,
1150 2362 1183 2388 et
1201 2367 1262 2400 ego
1280 2355 1361 2400 quid
1386 2356 1495 2388 facere
1520 2355 1727 2389 meditantur

197 2410 330 2455 agnovi.
393 2407 485 2441 Nolo
511 2406 599 2439 cirea
624 2405 708 2437 fines
737 2415 830 2436 meos
853 2403 925 2436 fieri
952 2402 1186 2436 conventicula
1211 2402 1330 2435 talium
1355 2402 1598 2446 1101501111111111.7
1661 2402 1726 2436 Η15

197 2456 322 2491 auditis
339 2466 422 2500 puer
440 2453 585 2494 erubuit,
603 2458 636 2484 et
653 2450 797 2495 amplius
815 2456 930 2483 eontra
949 2449 1059 2482 dicere
1077 2460 1143 2481 non
1160 2454 1387 2493 praesumpfflt.
1438 2447 1573 2481 Fratres
1589 2448 1726 2492 egressi,

198 2515 275 2537 vera
293 2514 365 2536 esse
395 2512 467 2545 quae
493 2499 635 2541 dixerat,
654 2496 786 2530 oculata
810 2495 878 2530 fide
904 2502 1122 2540 cognoscunt,
1140 2496 1301 2528 mirantes
1326 2494 1416 2539 quod
1441 2494 1528 2528 sicut
1545 2494 1629 2528 alter
1655 2494 1726 2528 Eli-

197 2562 274 2584 50115
291 2547 436 2583 ministri
454 2547 543 2580 facta
560 2542 764 2589 detegeret.’'
