1839 3186
196 168 279 208 462
717 181 948 214 LIBELLUs
985 184 1049 214 DE
1085 185 1200 215 VITA

360 383 462 408 CCIX.
495 384 547 409 DE
579 384 682 410 ARCU
714 386 816 411 COELI
846 386 872 411 A
905 387 1102 412 DUNELMO
1134 388 1178 412 IN
1209 388 1412 414 FINCHALE
1444 390 1570 419 USQUE

848 453 1060 479 PORRECTO.

258 550 276 603 ξ
300 552 395 593 591.
435 551 542 592 Posrr
563 552 640 594 viri
663 552 744 593 Dei
772 552 932 593 obitum
962 552 1130 606 quidam
1162 552 1332 594 clericus
1364 552 1413 594 de
1442 554 1607 609 regione
1638 569 1731 610 sep-

197 617 450 659 temtrionali
470 619 614 660 limina
636 619 779 660 Sancti
797 619 1017 660 Outhberti
1037 619 1238 669 aditurus,
1262 619 1471 673 profectus
1493 626 1554 662 est
1575 621 1732 663 Dunel-

198 699 328 726 mum.
391 685 472 737 Qui
497 685 553 727 ibi
578 700 704 740 usque
727 686 781 726 ad
814 686 948 727 noctis
974 686 1259 740 crepusculum
1282 686 1533 739 demoratus,
1557 693 1730 743 urgente

194 751 321 792 animi
357 752 418 792 sui
450 751 744 793 deliberatione
773 757 814 793 et
847 751 1061 808 cujusdam
1091 752 1350 794 necessitatis
1379 754 1589 795 secretiori
1614 769 1729 796 occa-

196 817 322 867 sione,
348 818 583 873 compulsus
604 823 666 860 est
688 818 743 859 ad
764 824 955 874 parentes
977 824 1018 860 et
1040 819 1378 873 consanguineos,
1405 835 1507 874 quos
1528 820 1569 861 in
1591 822 1729 875 proxi-

195 899 264 925 mo
284 885 444 936 habuit,
464 885 543 926 iter
563 885 660 926 licet
675 884 766 941 jam
787 891 1036 927 nocturnum
1058 885 1250 939 arripere.
1283 885 1542 928 Autumnale
1563 887 1730 941 quidem

195 956 361 1006 tempus
380 951 556 1002 exstitit,
579 952 621 993 in
644 967 723 1006 quo
745 952 867 993 Beati
893 952 1113 994 Guthberti
1135 952 1328 994 solemnis
1350 952 1363 974 1
1380 954 1610 1003 translatio,
1634 969 1729 995 cum

193 1018 471 1059 nundinarum
502 1018 768 1073 frequentiori
800 1018 945 1069 officio,
978 1019 1132 1060 ibidem
1169 1019 1365 1060 celebrari
1401 1020 1596 1062 instituit,
1660 1019 1728 1062 Ex

195 1085 297 1127 urbe
318 1085 446 1140 igitur
466 1086 608 1127 exiens
629 1090 671 1127 et
691 1085 745 1126 ad
765 1085 1079 1127 Qmonasterium
1097 1086 1241 1127 Sancti
1257 1086 1420 1141 AEgidii
1442 1092 1563 1128 extra
1582 1088 1727 1129 urbem

194 1152 208 1174 3
225 1153 408 1194 locatum
437 1152 694 1207 perveniens,
727 1152 1014 1208 ingruentibus
1044 1153 1177 1194 noctis
1207 1153 1508 1195 obscurioribus
1534 1154 1727 1203 tenebris,

193 1219 262 1273 qui
284 1219 420 1260 adhuc
439 1233 513 1260 sex
533 1219 711 1261 miliaria
726 1219 884 1261 itineris
906 1219 1117 1261 confectus
1138 1225 1239 1270 erat,
1259 1235 1338 1274 quo
1353 1235 1516 1274 gressus
1533 1220 1728 1276 dirigeret

194 1301 276 1341 pree
299 1286 427 1326 nimia
446 1287 580 1327 noctis
601 1291 642 1326 et
664 1286 836 1327 nubium
858 1286 1032 1341 caligine
1054 1286 1219 1341 penitus
1240 1287 1472 1341 ignorabat.
1535 1287 1652 1328 Tunc
1672 1288 1727 1329 ad

193 1353 314 1394 Beati
333 1351 503 1393 Godrici
524 1352 773 1407 postulanda
793 1353 989 1408 suffragia
1010 1368 1051 1394 se
1076 1354 1297 1403 convertit,
1315 1358 1356 1394 et
1377 1358 1424 1394 ut
1449 1352 1536 1409 ejus
1552 1354 1727 1409 vestigia

193 1419 389 1475 dirigeret
417 1424 458 1460 et
489 1419 754 1474 praecederet,
779 1419 929 1461 devoto
958 1420 1094 1460 animo
1116 1420 1282 1461 sedulus
1303 1420 1504 1461 exoravit.
1568 1421 1727 1462 Mirum

190 1486 318 1541 igitur
352 1485 394 1526 in
425 1485 597 1526 modum
631 1491 777 1527 contra
798 1501 961 1527 omnem
991 1491 1152 1527 naturae
1183 1501 1305 1527 usum
1335 1486 1473 1528 subito
1505 1487 1621 1541 quasi
1652 1487 1723 1529 iris

190 1553 359 1594 radians
380 1552 538 1594 coelitus
558 1557 620 1594 est
651 1552 825 1601 emissa3
866 1552 980 1608 cujus
1005 1552 1217 1594 exordium
1243 1552 1294 1594 de
1320 1552 1531 1603 Finchale,
1554 1554 1626 1595 ubi
1648 1554 1725 1596 viri

193 1619 274 1661 Dei
295 1619 558 1674 sepulchrum
579 1623 654 1669 est,
673 1619 836 1674 prodire
854 1619 989 1661 visum
1009 1619 1100 1670 fuit,
1123 1618 1215 1661 finis
1231 1634 1327 1661 vero
1348 1619 1458 1661 illius
1480 1635 1574 1674 pars
1595 1620 1727 1662 altera

193 1701 310 1728 secus
331 1685 511 1727 ecclesiae
538 1686 746 1740 praedictae
772 1686 881 1727 viam
901 1686 1046 1727 tritam
1068 1691 1109 1727 et
1129 1686 1299 1741 regiam,
1330 1701 1424 1727 cum
1445 1686 1599 1728 lumine
1631 1689 1724 1729 cho-

192 1768 310 1794 rusco
331 1752 454 1793 nimis
474 1752 681 1807 apparuit.
725 1753 847 1805 Quod
867 1753 934 1794 ille
955 1753 1100 1795 videns
1122 1758 1164 1794 et
1187 1752 1331 1794 Sancti
1354 1752 1522 1794 Godrici
1546 1753 1624 1794 hoc
1647 1754 1726 1795 mi-

191 1820 378 1861 raculum
399 1834 485 1860 esse
507 1819 781 1874 perpendens,
806 1820 894 1860 ibat
916 1820 1087 1861 clericus
1107 1819 1200 1860 irim
1223 1820 1404 1860 lucidam
1425 1834 1598 1874 sequens
1618 1836 1723 1875 prae-

190 1887 301 1928 viam
321 1901 444 1941 quam
459 1886 649 1934 videbat3
675 1886 747 1927 sed
768 1886 868 1927 dum
886 1887 1000 1927 illam
1021 1886 1212 1941 subsequi
1233 1901 1316 1927 non
1335 1886 1485 1937 omisit,
1509 1886 1564 1927 ad
1584 1887 1725 1928 villam

191 1968 315 2007 quam
335 1953 393 1993 ire
415 1957 683 2007 proposuerat
705 1958 873 2008 repente
895 1953 1097 2008 pervenit.
1146 1954 1237 2006 Quo
1258 1957 1306 1994 ut
1330 1952 1517 2007 pervenit
1540 1951 1632 1994 finis
1652 1953 1723 1995 iris

193 2019 418 2075 praedictae,
447 2033 537 2073 quae
575 2034 696 2074 super
725 2025 851 2074 caput
882 2019 1107 2074 equitantis
1134 2024 1304 2061 eatenus
1334 2019 1574 2074 prominuit‚
1599 2019 1656 2060 ibi
1686 2020 1723 2061 ei

189 2085 556 2128 consummationis
589 2085 813 2127 terminum
847 2085 980 2127 facere
1011 2086 1122 2128 visus
1152 2085 1243 2127 fuit.
1307 2086 1413 2127 Pars
1436 2101 1532 2127 vero
1563 2086 1721 2140 reliqua

191 2167 280 2207 quae
303 2167 426 2207 super
447 2151 646 2192 Finchale
673 2152 840 2206 prodiit,
868 2152 1078 2207 splenduit
1101 2157 1142 2194 et
1170 2152 1409 2207 prominuit,
1433 2167 1506 2207 per
1527 2152 1722 2207 longioris

189 2218 374 2273 spacium
393 2217 528 2259 noctis
548 2217 703 2258 ibidem
725 2218 873 2259 durare
901 2223 942 2259 et
964 2219 1169 2273 quiescere
1190 2219 1280 2260 visa
1309 2219 1402 2260 fuit.
1464 2218 1515 2259 In
1538 2234 1617 2273 quo
1638 2219 1721 2260 vir-

189 2286 292 2326 tutis
324 2284 522 2325 miraculo
543 2283 701 2325 Beatus
723 2284 927 2326 Godricus
950 2285 1121 2326 Domini
1154 2285 1216 2326 sui
1240 2285 1270 2325 J
1275 2300 1346 2326 esu
1369 2284 1522 2326 Christi
1543 2285 1719 2340 vestigia

190 2351 401 2406 signorum
431 2355 494 2391 est
520 2350 724 2399 imitatus,
747 2351 843 2405 quia
869 2351 1032 2393 stellam
1062 2366 1213 2393 novam
1237 2351 1279 2392 in
1301 2356 1395 2392 ortu
1419 2365 1492 2392 suo
1514 2351 1719 2393 Dominus

190 2417 241 2458 de
266 2418 365 2458 coelo
387 2417 535 2465 emisit,
559 2421 600 2457 et
617 2417 674 2458 sic
698 2418 848 2472 Magos
870 2418 920 2459 de
944 2418 1114 2459 remotis
1141 2418 1329 2472 partibus
1353 2417 1408 2458 ad
1428 2432 1470 2458 se
1492 2417 1714 2472 perduxit3

189 2484 268 2525 iste
289 2499 386 2525 vero
408 2483 450 2523 in
470 2482 648 2524 nubibus
669 2483 802 2525 noctis
823 2483 916 2525 irim
938 2485 1110 2539 produci
1131 2484 1242 2534 fecit,
1266 2489 1307 2525 et
1330 2483 1523 2525 clericum
1545 2498 1587 2525 se
1608 2483 1721 2525 invo-

187 2611 360 2657 produxit,
379 2617 411 2644 et
429 2610 476 2643 rei
494 2610 599 2643 totius
625 2615 783 2642 eventum
809 2621 921 2643 coram
943 2609 1095 2654 pluribus
1114 2610 1290 2644 enarravit.
1334 2610 1389 2643 Ex
1408 2610 1465 2644 illo
1484 2611 1538 2644 die
1556 2623 1575 2644 a
1592 2612 1726 2646 eunctis

189 2658 307 2693 ovibus
324 2657 496 2702 praedictae
512 2656 663 2689 mulieris
681 2655 882 2701 pestilentiae
896 2656 1083 2701 periculum
1102 2668 1236 2701 prorsus
1254 2657 1454 2691 abscessit.”
1504 2658 1616 2692 Anon.
1636 2658 1723 2691 Har-

210 2720 219 2728 ,ι
335 2715 366 2730 ·O'
438 2728 446 2737 0

188 2703 496 2795 lolanlefZZgquia]
522 2748 720 2794 September
733 2750 766 2781 4.
808 2748 858 2782 As
871 2754 906 2782 to
920 2748 977 2781 the
989 2748 1148 2782 nundinae
1163 2749 1198 2782 S.
1214 2748 1404 2792 Cuthberti,
1419 2761 1475 2783 see
1491 2749 1508 2795 ξ
1523 2752 1578 2794 92,
1593 2756 1672 2784 note
1686 2753 1718 2785 5.

231 2798 244 2816 ⁹
270 2797 511 2830 Monasterium
531 2795 563 2829 S.
584 2794 748 2841 AEgidiz‘]
774 2795 847 2828 The
872 2794 1018 2840 hospital
1036 2795 1074 2828 of
1095 2794 1143 2828 St.
1162 2795 1258 2828 Giles
1276 2807 1319 2828 on
1337 2796 1394 2829 the
1420 2796 1582 2830 outskirts
1601 2797 1638 2830 of
1659 2797 1717 2830 the

186 2845 255 2889 city
273 2843 311 2876 of
324 2842 488 2876 Durham.

232 2892 245 2911 ³
272 2888 459 2934 Loccctwn]
488 2888 562 2921 MS.
583 2887 798 2921 “locatamss'
