1839 3186
178 230 202 268 2
380 256 382 271 1
516 279 519 286 s
818 237 1063 271 EPISTOLA.

174 344 251 386 bus
273 343 348 385 sub
370 342 496 386 Vestri
518 348 622 384 nutu
646 341 804 397 imperii
829 356 956 397 usque
987 341 1041 383 ad
1062 341 1157 382 vitae
1179 341 1373 384 ultimum
1397 341 1575 384 Domino
1597 341 1701 383 mili-

174 410 294 453 tavit.
363 408 493 466 Cujus
512 408 678 465 gloriosi
700 409 935 450 certaminis
955 408 1238 464 primordium,
1268 424 1508 464 procursum
1529 409 1628 451 vitae
1659 413 1701 449 et

175 477 348 528 exitum,
379 477 537 519 calamo
568 476 683 518 tenui
704 476 1013 531 permavimus,
1049 479 1090 516 et
1111 481 1273 526 vestrae,
1296 481 1343 517 ut
1365 476 1497 527 decet,
1524 475 1701 517 nominis

174 544 449 593 excellentiae,
471 542 677 598 sequentis
698 542 831 597 operis
850 540 1071 584 artificium
1088 541 1330 593 dedicando,
1349 542 1699 584 commendamus.

174 611 297 662 Nam,
335 610 441 653 sicut
476 609 601 653 vestri
635 608 822 665 specialis
854 614 917 650 est
954 608 1086 664 gloria
1125 608 1175 649 de
1211 608 1307 651 talis
1344 607 1417 650 filii
1455 624 1619 657 corona,
1659 613 1701 650 et

174 692 328 728 eorum,
352 692 441 732 quae
465 677 507 718 in
535 675 656 718 laude
679 675 848 716 Domini
871 675 922 716 de
947 690 994 716 eo
1026 674 1326 726 describuntur,
1350 676 1479 717 vestri
1514 675 1702 731 specialis

175 744 299 786 debet
330 759 416 786 esse
443 742 687 799 approbatio
716 747 757 783 et
788 756 985 790 censura3
1024 740 1163 795 itaque
1194 741 1389 796 quicquid
1417 742 1588 798 dignum
1615 758 1699 784 me-

172 811 303 853 moria
324 811 375 852 de
396 816 484 852 tam
506 813 649 852 sancta
669 813 710 850 et
734 808 864 849 ardua
885 808 1012 863 ipsius
1028 808 1294 862 cognovimus
1311 808 1410 859 vita,
1428 814 1515 850 tam
1535 824 1584 850 ea
1607 825 1699 864 quae

171 878 249 934 ipsi
270 877 461 927 vidimus,
485 891 608 931 quam
629 875 718 931 ipso
740 874 913 916 docente
936 874 1167 925 didicimus,
1193 874 1259 916 vel
1280 890 1305 916 a
1326 875 1514 930 patribus
1534 876 1697 930 nostris,

171 944 264 987 filiis
285 943 444 994 vestris,
480 943 588 984 circa
624 942 742 984 illum
773 941 1013 996 aliquandiu
1047 941 1410 993 commorantibus,
1434 942 1500 984 vel
1531 942 1584 984 ab
1609 942 1699 984 aliis

171 1027 284 1066 ecque
306 1010 518 1053 catholicis
540 1009 636 1052 viris
667 1008 844 1050 fideliter
873 1008 1171 1051 attestantibus
1205 1008 1386 1063 perfecte
1417 1009 1696 1065 cognovimus,

169 1078 212 1119 in
233 1077 440 1133 sequentis
464 1076 597 1132 operis
621 1074 851 1118 artificialia
876 1076 1064 1117 membra
1085 1080 1311 1129 utcumque
1333 1075 1628 1132 compegimus,
1649 1081 1696 1118 ut

168 1145 295 1187 vestri
335 1143 537 1187 examinis
578 1143 749 1185 arbitrio
790 1142 1122 1198 derelinquimus.
1204 1142 1363 1198 Nempe
1412 1158 1492 1198 quo
1538 1143 1700 1185 animus

170 1217 307 1254 vester
325 1211 461 1253 tendit
474 1209 566 1267 jam
587 1210 694 1252 filius
713 1215 848 1252 vester
868 1209 1040 1265 praemia
1057 1213 1301 1251 consecutus
1322 1214 1477 1251 aeterna
1493 1210 1695 1265 pervenit,

169 1294 264 1320 cum
285 1294 365 1334 quo
383 1277 683 1333 permaximam
704 1277 934 1332 portionem
958 1276 1001 1318 in
1022 1275 1132 1318 coelis
1153 1275 1328 1327 habetis,
1355 1277 1424 1331 qui
1444 1277 1552 1318 tanti
1571 1292 1699 1318 mem-

170 1345 231 1387 bri
254 1351 378 1401 caput
398 1344 522 1387 fuisse
545 1343 767 1386 meruistis.

235 1413 317 1465 §2
354 1412 574 1454 Gratulare
605 1411 757 1465 itaque,
787 1415 907 1466 pater
936 1410 980 1451 in
1011 1409 1177 1452 Christo
1203 1409 1439 1461 reverende,
1471 1410 1539 1465 qui
1567 1408 1697 1452 filium

168 1484 353 1521 vestrum
379 1479 422 1520 in
449 1478 561 1520 coelis
590 1492 740 1519 corona
761 1475 853 1533 jam
875 1477 1075 1519 donatum
1106 1476 1351 1532 cognoscitis
1373 1476 1538 1519 Christo
1568 1477 1697 1519 consi-

168 1546 277 1597 dere,
300 1544 416 1603 cujus
438 1546 526 1588 vita
545 1545 598 1587 ab
619 1549 738 1586 utero
758 1543 904 1586 matris
926 1544 1017 1585 Deo
1041 1548 1082 1584 et
1100 1543 1335 1585 hominibus
1357 1544 1696 1585 commendabilis

166 1613 343 1664 exstitit,
373 1612 499 1668 signis
534 1616 576 1653 et
605 1610 814 1653 miraculis
847 1610 1017 1660 claruit3
1053 1625 1174 1664 quem
1205 1610 1318 1652 sinus
1344 1610 1432 1651 coeli
1466 1610 1509 1651 in
1541 1611 1695 1653 Christi

166 1679 444 1721 consolatione
467 1679 526 1720 illi
553 1676 972 1733 ¹conglorificandum
1002 1676 1195 1732 suscepit,
1220 1682 1261 1718 et
1289 1676 1442 1719 Christi
1475 1677 1695 1719 clementia

165 1745 338 1788 infinitis
369 1745 663 1787 miraculorum
697 1743 883 1799 insigniis
919 1743 1146 1799 pretiosum
1180 1743 1223 1784 in
1262 1748 1485 1799 conspectu
1525 1744 1696 1786 Domini

164 1813 319 1855 mundo
341 1812 538 1855 divinitus
573 1811 835 1868 propalavit;
874 1811 980 1853 sicut
1009 1810 1216 1865 sequentis
1244 1810 1339 1852 libri
1366 1815 1509 1853 textus
1536 1811 1697 1867 plenius

164 1894 392 1935 exsequens
416 1885 457 1921 et
479 1894 532 1921 ex
552 1879 693 1920 ordine
718 1877 956 1934 explicabit.
1027 1877 1220 1919 Gaudeat
1245 1877 1369 1919 etiam
1392 1877 1508 1919 vobis
1533 1878 1701 1920 subdita

165 1952 207 1989 et
229 1946 448 1988 commissa
468 1945 759 1988 Dunelmensis
781 1944 963 1994 ecclesia,
996 1959 1089 1998 quae
1119 1943 1170 1985 de
1192 1942 1274 1985 filio
1295 1948 1469 1999 patrem,
1494 1944 1544 1985 de
1568 1944 1695 1986 fratre

166 2012 436 2062 defensorem,
457 2013 508 2054 de
537 2027 610 2054 suo
629 2012 832 2052 monacho
853 2010 1005 2052 sanctis
1027 2010 1107 2051 Dei
1128 2010 1171 2050 in
1195 2010 1426 2052 coelestibus
1445 2011 1693 2065 coequalem,

164 2079 397 2122 novissimis
423 2079 568 2120 diebus
598 2076 770 2132 adipisci
791 2077 1029 2132 promeruit,
1056 2077 1098 2118 in
1123 2076 1233 2118 coelis
1262 2076 1414 2118 Christi
1436 2076 1692 2127 coheredem,

167 2146 426 2201 Angelorum
455 2149 700 2193 consortem,
730 2143 985 2199 martyribus
1020 2143 1063 2184 in
1090 2142 1231 2183 2lenta
1259 2142 1544 2185 diuturnitatis
1579 2144 1694 2185 caede

168 2212 436 2260 consimilem,
460 2210 758 2253 confessoribus
787 2209 830 2251 in
860 2208 956 2250 fidei
987 2209 1266 2250 decertatione
1298 2209 1547 2263 coequalem,
1570 2210 1693 2265 virgi—

166 2279 288 2320 nibus
318 2278 443 2320 sacris
472 2277 515 2319 in
538 2275 801 2318 continentiae
833 2280 874 2317 et
905 2275 1117 2331 pudicitiae
1153 2275 1362 2330 triumpho
1391 2277 1694 2318 communican-

167 2350 267 2396 tem,
283 2344 333 2386 de
354 2344 518 2400 proprio
540 2349 649 2385 coetu
672 2343 748 2384 sibi
767 2342 976 2398 praemisit,
1000 2341 1196 2392 counivit,
1221 2342 1455 2392 destinavit,
1482 2343 1694 2393 enutrivit,

168 2411 346 2461 edocuit,
374 2411 428 2452 ad
449 2410 529 2451 Dei
555 2409 759 2465 sponsalia
788 2408 1023 2450 intromisit.
1094 2408 1158 2449 De
1181 2408 1328 2462 quibus
1360 2408 1529 2464 singulis
1554 2414 1694 2451 vestra

167 2478 354 2533 specialis
374 2482 436 2519 est
456 2476 587 2532 gloria
608 2474 723 2531 cujus
743 2474 972 2530 paternitas
1003 2474 1130 2516 talem
1162 2473 1292 2515 filium
1316 2475 1559 2529 procreavit,
1592 2476 1691 2516 edun

168 2545 292 2595 cavit,
324 2549 365 2585 et
386 2543 583 2599 praemisit
604 2542 658 2583 ad
680 2541 854 2583 coelestis
875 2541 989 2597 regni
1010 2541 1174 2596 gaudia,
1199 2541 1314 2583 vobis
1342 2546 1383 2582 et
1411 2542 1558 2583 vestris
1589 2542 1692 2584 divi-

167 2611 282 2652 nitus
304 2609 592 2665 praeparanda.

235 2677 388 2719 Valeat
424 2680 568 2718 sancta
604 2675 833 2730 paternitas
876 2679 1014 2715 vestra
1053 2688 1214 2728 semper
1248 2672 1290 2713 in
1323 2672 1499 2724 Christo,
1543 2673 1692 2715 domne

166 2743 459 2792 amantissime,
482 2756 591 2783 nunc
613 2746 653 2782 et
675 2740 718 2781 in
740 2745 940 2781 aeternum
963 2739 1181 2794 diligende.
1241 2739 1362 2780 Vale.

721 2821 903 2847 EXPLICIT
939 2821 1140 2846 EPISTOLA.

400 2904 408 2922 ¹
439 2900 771 2947 Conglorificandum.
816 2899 1135 2945 Congloricandum,
1154 2898 1228 2932 MS.

396 2949 409 2969 ‘2
438 2949 546 2983 Lenta
565 2974 571 2982 .
593 2975 600 2983 .
621 2974 627 2982 .
648 2974 655 2981 .
677 2900 790 2993 ccede}
814 2947 876 2980 Sec
895 2946 952 2979 the
970 2957 1062 2979 same
1080 2945 1277 2990 expression
1295 2951 1329 2978 at
1348 2941 1366 2989 ξ
1384 2947 1460 2979 265.
