1839 3186
504 230 562 260 ET
599 229 865 262 MIRACULIS
903 230 937 261 s.
972 230 1189 262 conmei.
1536 219 1616 264 107

84 433 171 458 CAP.
198 431 311 458 XLVI.
368 432 569 462 QUALITER
613 432 810 458 DIABOLUS
848 431 975 457 SUPER
1013 431 1145 457 SPECIE
1183 431 1270 456 VlRt
1306 431 1525 467 APPARUIT,
1567 433 1615 458 ΕΤ

142 499 298 523 ΜΟΝΙΤΑ
333 499 372 523 ΕΙ
403 498 551 523 DIVINA
574 499 818 532 PROPOSU1T3
858 499 906 523 ET
950 498 1117 523 TERRAM
1153 498 1283 523 ILLlUs
1324 499 1554 534 EFFODIENS,
1594 500 1618 524 A

142 565 236 591 VIRO
268 566 334 590 DEI
354 565 531 590 DELUsUs
561 565 633 592 SIT.
652 545 664 566 l

145 664 281 718 §10st
320 664 488 704 Damna
522 664 602 706 alio
637 669 823 719 tempore
848 664 911 706 vir
946 664 1027 705 Dei
1067 665 1110 706 in
1146 679 1244 720 agro
1275 664 1385 706 horti
1421 664 1484 705 sui
1515 679 1618 719 opus

84 730 295 784 quodlibet
331 730 381 771 de
416 745 529 772 more
566 746 639 773 suo
679 731 876 781 exercuit,
913 735 954 772 et
995 731 1170 786 pedibus
1207 736 1360 772 terram
1399 730 1616 781 2exarans,

83 796 225 851 glebas
246 797 473 852 superiores
509 798 638 839 secuit
660 802 701 839 et
722 802 877 839 terram
898 797 1018 839 fodit.
1089 797 1195 840 Cum
1216 813 1312 840 vero
1336 796 1427 853 jam
1459 797 1546 839 dies
1577 798 1619 838 in

84 863 216 903 altum
246 862 474 917 proficeret,
510 869 551 905 et
587 864 721 905 fervor
753 864 832 905 diei
864 864 972 905 cirea
1006 864 1221 905 meridiem
1257 879 1329 919 per
1365 864 1620 905 incrementa

85 934 359 984 consurgeret,
393 928 484 984 jam
518 930 790 972 lassabundus
824 930 1027 985 paulatim
1060 931 1215 985 quievit
1244 931 1296 972 ab
1326 946 1460 985 opere,
1492 936 1617 984 atque

84 995 232 1036 sudore
264 1011 337 1050 per
370 1000 485 1037 artus
514 994 604 1051 jam
638 997 863 1051 fatigantes
904 997 1170 1047 discurrente,
1215 997 1272 1038 sic
1313 997 1617 1051 aliquantulum

84 1066 283 1116 pertaesus
321 1062 519 1103 substitit.
584 1063 744 1117 Nempe
781 1063 1080 1116 aliquantulam
1113 1063 1202 1118 agri
1235 1063 1297 1104 sui
1331 1069 1494 1118 partem
1526 1061 1618 1118 jam

81 1127 259 1182 pedibus
295 1128 490 1169 sulcando
526 1128 738 1178 effoderat,
774 1129 847 1170 sed
887 1129 1024 1171 adhuc
1065 1129 1276 1183 quantitas
1304 1130 1489 1171 maxima
1521 1129 1616 1170 effo-

85 1193 237 1235 dienda
257 1195 453 1236 restabat.
528 1194 586 1236 Et
611 1211 705 1236 eece
732 1195 901 1249 quidam
923 1196 1043 1237 heros
1063 1211 1238 1250 magnus
1259 1196 1335 1237 sub
1370 1196 1504 1250 specie
1529 1196 1615 1246 viri,

86 1260 417 1314 appropinquans
453 1262 663 1316 apparuit,
693 1267 734 1303 et
756 1262 1013 1303 laborantem
1038 1262 1289 1316 subsequens
1311 1261 1554 1312 diutissime,
1578 1262 1620 1303 in

86 1341 180 1367 eum
211 1327 349 1368 oculos
385 1328 599 1370 revolvens
635 1333 676 1370 et
716 1333 1002 1383 contorquens,
1044 1329 1216 1369 tandem
1247 1328 1304 1370 sic
1341 1344 1511 1370 exorsus
1543 1329 1616 1379 ait,

88 1396 112 1414 “
136 1392 228 1444 Eia,
254 1408 354 1434 num
379 1393 436 1435 sie
465 1393 637 1436 3Patres
658 1396 787 1436 nostri
812 1395 854 1435 in
884 1395 1061 1437 Deserto
1092 1396 1278 1436 laborare
1307 1400 1617 1446 consueverant,

87 1474 260 1512 quorum
282 1464 398 1501 artus
423 1476 509 1515 prae
531 1461 727 1503 ariditate
748 1461 876 1502 nimia
894 1466 935 1502 et
957 1462 1127 1516 pallenti
1149 1462 1280 1503 macie
1300 1461 1372 1504 vix
1400 1462 1484 1503 suis
1510 1477 1618 1503 eom-

86 1525 260 1580 pagibus
283 1527 495 1569 cohaesisse
516 1527 710 1570 valebant
728 1530 740 1569 ἒ
771 1533 812 1569 et
834 1533 880 1569 tu
903 1533 996 1570 tota
1018 1528 1083 1569 die
1104 1529 1171 1569 1110
1193 1528 1349 1570 otiosus
1372 1528 1514 1583 vagari
1536 1544 1618 1569 non

88 1591 250 1642 desinis,
280 1597 321 1633 et
352 1608 494 1634 eorum
533 1599 575 1635 te
597 1595 781 1650 vestigiis
813 1595 1010 1636 inhaerere
1041 1594 1241 1637 confidis?
1303 1595 1339 1636 Ο
1364 1595 1522 1636 robusti
1544 1611 1617 1650 pro

88 1657 242 1699 Christi
263 1673 402 1700 amore
418 1660 495 1701 viri
520 1661 748 1715 pertinacia
767 1664 774 1702 2
811 1660 928 1717 eujus
950 1666 1041 1702 tota
1061 1662 1211 1703 virium
1233 1661 1437 1703 industria
1454 1662 1525 1703 vix
1547 1677 1620 1717 per

88 1724 197 1765 diem
223 1725 436 1766 dimidiam
459 1727 719 1781 semipedalis
749 1728 871 1783 gleba
906 1727 957 1768 de
993 1733 1112 1769 terrae
1134 1728 1290 1783 gremio
1326 1733 1388 1770 est
1425 1729 1617 1770 elevata!

87 1790 188 1831 Jam
225 1791 275 1832 de
314 1806 434 1833 mane
473 1808 601 1847 usque
637 1794 852 1835 meridiem
882 1799 973 1835 tota
1006 1809 1032 1835 a
1061 1800 1103 1835 te
1141 1795 1227 1836 dies
1259 1794 1538 1849 expenditur-3
1577 1799 1619 1835 et

87 1857 252 1898 tantilla
272 1858 359 1912 agri
384 1857 505 1914 hujus
529 1860 733 1914 particula
754 1860 825 1902 vix
848 1861 1025 1914 quinque
1047 1861 1199 1916 pedum
1223 1861 1475 1902 dimensione
1497 1861 1620 1902 suffo-

89 1923 229 1964 ditur!
297 1924 391 1965 Non
422 1925 479 1966 sic
517 1926 636 1967 decet
669 1927 785 1968 virile
823 1927 948 1968 robur
980 1942 1022 1968 se
1061 1926 1307 1975 4exserere;
1343 1928 1415 1969 sed
1451 1942 1621 1982 operum

87 1989 289 2044 probabili
333 1991 620 2046 magnitudine
655 2009 778 2047 quam
817 1994 991 2035 devotus
1032 1994 1084 2035 sit
1124 1994 1214 2035 Deo
1255 1994 1417 2035 animus
1452 1994 1621 2049 grandis

88 2056 211 2111 spatii
233 2058 572 2111 praeclusionibus
608 2059 927 2104 den10nstra1·e.”
990 2060 1107 2102 Tune
1129 2060 1191 2101 vir
1222 2061 1303 2102 Dei
1339 2060 1553 2102 subsidens
1578 2066 1620 2101 et

86 2122 127 2163 in
164 2138 257 2163 eum
291 2124 432 2165 crebro
468 2125 687 2180 respiciens
725 2126 797 2176 ait,
829 2132 853 2149 “
880 2127 945 2168 Tu
981 2142 1078 2182 ergo
1113 2127 1216 2168 mihi
1252 2128 1489 2182 exemplum
1520 2127 1619 2168 boni

86 2245 160 2266 rum
178 2245 240 2267 nee
259 2234 359 2267 etiam
378 2234 555 2267 eacumina
573 2233 738 2277 videntur,
752 2234 860 2267 virum
879 2234 944 2267 Dei
963 2235 1057 2279 quasi
1075 2240 1247 2267 mortuum
1266 2234 1496 2279 deplorabant.
1542 2234 1619 2267 Cel-

85 2279 155 2312 lula
174 2280 264 2313 enim
283 2287 353 2313 erat
370 2281 453 2314 adeo
473 2280 594 2313 debilis
612 2286 645 2313 et
663 2287 806 2324 vetusta,
825 2287 861 2314 ut
882 2281 1088 2326 (seeundum
1102 2281 1362 2314 aestimationem
1382 2281 1532 2325 illorum)
1546 2293 1617 2314 sus-

88 2326 194 2359 tinere
220 2338 286 2359 non
312 2327 418 2371 possit
447 2326 586 2360 humani
614 2327 710 2372 pedis
738 2327 933 2372 impulsum.
985 2326 1135 2371 Ideoque
1161 2328 1297 2372 quidam
1324 2334 1481 2372 putantes
1508 2328 1619 2373 ipsum

88 2384 165 2405 eum
181 2372 394 2406 domunculis
412 2374 536 2418 pariter
554 2384 627 2406 esse
644 2380 835 2418 correptum
854 2380 886 2406 et
901 2374 1030 2419 impetu
1051 2372 1245 2419 [impetum,
1261 2373 1355 2420 Ms]
1376 2386 1463 2419 aqua
1481 2374 1619 2407 fluentis

88 2418 250 2462 ablatum,
276 2431 396 2464 eorpus
421 2420 570 2452 defuncti
597 2420 686 2453 eirea
712 2420 801 2465 ripas
832 2420 982 2453 fluminis
1009 2421 1244 2464 quaeritabant.
1296 2421 1377 2454 Post
1396 2421 1467 2454 dies
1492 2432 1618 2466 paucos

88 2476 174 2509 aqua
198 2465 377 2509 detumuit,
405 2472 437 2498 et
456 2466 575 2499 domus
599 2466 704 2499 illaesa
726 2478 862 2511 prorsus
885 2467 1051 2511 apparuit.
1103 2467 1352 2500 Convenientes
1381 2468 1482 2511 igitur
1505 2467 1618 2510 amici,

88 2511 281 2555 quaerebant
295 2512 336 2545 ab
351 2523 389 2545 eo
404 2512 547 2556 qualiter
563 2512 627 2545 hoe
641 2513 790 2557 periculo
807 2513 1047 2558 permansisset
1065 2513 1202 2547 illaesus.
1254 2513 1387 2556 Quibus
1406 2514 1462 2546 ille
1480 2525 1618 2558 respon-

88 2557 149 2599 dit,
168 2557 257 2602 quod
275 2558 316 2591 de
334 2558 395 2591 hae
414 2558 633 2591 inundatione
652 2560 786 2603 penitus
804 2559 888 2592 nihil
907 2560 1018 2599 sciret,
1034 2560 1097 2592 nisi
1117 2560 1205 2604 quod
1223 2571 1338 2593 eorum
1357 2560 1474 2593 relatio
1489 2560 1617 2593 indica-

90 2603 136 2636 vit
154 2617 162 2644 3
188 2610 221 2637 et
239 2616 275 2637 se
291 2604 356 2637 hoe
374 2605 481 2649 spatio
500 2606 661 2649 temporis
679 2606 886 2639 orationibus
912 2605 1088 2639 institisse.
1139 2606 1195 2639 Illi
1213 2607 1304 2639 sieea
1322 2607 1473 2639 videntes
1491 2606 1616 2649 omnia,

89 2655 126 2682 ut
158 2650 245 2683 intra
275 2650 413 2683 domum
446 2663 508 2684 nee
541 2651 641 2685 unius
674 2658 779 2697 guttae
808 2652 986 2697 vestigium
1021 2661 1206 2697 appareret,
1234 2653 1357 2686 divinae
1388 2652 1616 2685 miserationis

88 2707 251 2740 agnovere
269 2697 465 2730 virtutem.'’

137 2742 146 2762 ¹
176 2743 215 2775 In
233 2743 290 2776 the
310 2743 405 2776 Harl.
422 2744 497 2778 MS.
517 2744 654 2789 ehapter
672 2745 785 2779 XLV.

136 2789 149 2808 2
170 2788 350 2834 Etnruria]
380 2790 567 2833 Effodiens,
589 2791 636 2825 H.
686 2791 749 2824 See
774 2791 831 2824 the
854 2803 947 2824 same
975 2791 1171 2836 expression
1197 2796 1231 2823 at
1259 2788 1276 2835 ξ
1304 2793 1383 2824 251.
1434 2790 1619 2824 “Pedibus

91 2836 256 2868 exarare''
275 2836 316 2876 is,
335 2836 350 2868 l
369 2847 535 2880 presumo,
554 2843 588 2869 to
606 2844 682 2870 turn
702 2849 779 2870 over
796 2838 852 2870 the
871 2838 964 2870 earth
984 2837 1063 2870 with
1083 2849 1102 2870 a
1119 2837 1222 2881 spade
1246 2837 1376 2870 instead
1395 2837 1432 2870 of
1445 2848 1464 2869 a
1481 2836 1619 2881 plough.

136 2882 150 2902 3
170 2881 290 2915 Patres
304 2881 436 2927 nostra]
464 2883 527 2916 See
541 2883 598 2916 the
616 2895 708 2917 same
720 2884 869 2917 remarks
887 2883 1045 2929 repeated
1063 2883 1177 2927 bytho
1195 2894 1288 2916 same
1303 2883 1485 2928 authority,
1506 2880 1523 2927 ξ
1540 2885 1619 2917 220.

140 2928 150 2945 ⁴¹
170 2927 355 2972 Erserere]
381 2928 560 2971 Exereere,
578 2929 624 2963 H.
