1839 3186
554 203 612 233 ET
647 201 912 234 rviinricums
950 202 983 233 s.
1011 201 1230 233 conarer.
1570 194 1652 234 135

122 306 277 347 tissime
299 306 443 347 solitus
471 311 533 347 est
566 321 659 346 cum
685 305 912 347 lacrimosis
945 306 1192 361 singultibus
1227 307 1390 356 iterare,
1424 310 1449 328 ‘⁶
1476 306 1653 355 Nemo‚”

119 373 264 426 inquit,
304 378 327 394 “
350 373 427 412 1100
443 372 545 413 meis
566 372 724 413 meritis
744 373 937 422 ascribat,
960 372 1032 414 sed
1055 372 1135 413 Dei
1157 373 1281 414 solius
1299 373 1564 424 miserationi,
1599 373 1649 414 de

119 454 200 492 qua
222 439 354 480 omnis
381 439 478 479 boni
500 438 618 493 copia
647 438 907 479 exundanter
928 444 1107 480 emanat.
1171 439 1332 494 Nempe
1354 440 1559 493 quomodo
1581 440 1652 481 illa

116 504 321 545 infantula
349 505 633 555 resurrexerit,
668 520 743 559 ego
774 505 937 558 nescio;
975 505 1047 547 sed
1079 505 1187 559 quod
1209 521 1283 560 pro
1311 504 1485 560 alicujus
1508 505 1652 547 Sancti

118 572 264 612 merito
283 587 357 626 pro
379 572 526 626 spiritu
550 569 637 626 ejus
657 571 970 626 interpellantis,
995 572 1078 612 tale
1100 572 1178 612 hoc
1207 587 1310 627 opus
1335 572 1509 627 contigit
1531 573 1651 614 testis

116 638 367 679 certissimus
387 638 671 678 indubitanter
687 637 866 679 asseroff'

175 704 284 744 Haec
309 709 349 745 et
371 705 452 745 alia
478 702 714 759 hujusmodi
745 704 893 759 saepius
928 704 1174 755 testabatur,
1202 705 1312 758 quod
1346 704 1449 746 nulli
1482 704 1649 746 omnino

115 770 344 811 dubitabile
383 770 628 825 relinquitur
668 770 778 825 quod
820 771 945 813 toties
991 786 1112 813 verus
1154 772 1278 812 homo
1323 771 1404 813 Dei
1446 771 1648 814 veridicus

120 836 131 857 ¹
140 838 390 879 testabatur.

116 1031 204 1055 CAP.
242 1030 354 1055 Lvnl.
437 1030 630 1059 QUOMODO
666 1030 994 1055 DUNELMENSIUM
1037 1030 1219 1056 PRIORUM
1256 1030 1436 1055 IMPERIIS
1478 1031 1521 1055 SE
1559 1030 1649 1055 SUB-

143 1097 322 1129 JECER1T3
359 1097 406 1121 ET
437 1097 518 1121 NISI
553 1097 668 1122 SIGNO
700 1097 752 1122 AB
783 1097 842 1122 EIS
874 1096 989 1121 PRIUS
1021 1097 1205 1132 ACCEPTO,
1230 1097 1349 1126 LOQUI
1380 1081 1620 1123 NOLUERIT.2

176 1198 198 1252 ξ
222 1196 317 1241 127.
355 1196 541 1238 3VERUM
579 1202 720 1238 tamen
760 1202 854 1251 post
886 1196 973 1237 haec
1014 1198 1078 1238 vir
1117 1197 1197 1248 ille,
1239 1197 1507 1239 edocentibus
1543 1197 1649 1247 aliis,

114 1264 326 1319 paululum
347 1263 504 1315 didicit,
543 1264 653 1317 quod
690 1263 937 1318 permodicae
968 1264 1230 1318 perfectionis
1253 1265 1377 1305 fuerit
1405 1280 1525 1305 omne
1547 1279 1651 1319 opus

113 1330 320 1386 religionis
342 1331 464 1384 quod,
488 1330 732 1371 obedientiae
756 1330 971 1385 disciplina
991 1331 1276 1385 magistrante,
1302 1331 1554 1381 inchoatum,
1579 1346 1649 1372 ex-

115 1398 273 1438 cultum
298 1402 422 1451 atque
444 1397 673 1452 perfectum
694 1412 777 1437 non
799 1397 865 1438 sit.
937 1397 1063 1438 Unde
1083 1398 1158 1439 sub
1180 1396 1353 1453 alicujus
1370 1397 1446 1439 viri
1471 1397 1649 1453 religiosi

115 1469 325 1519 praecepto
346 1464 525 1505 militare
559 1464 725 1519 eligens,
764 1463 929 1505 Priores
960 1463 1083 1519 elegit
1123 1464 1436 1515 Dunelmenses,
1476 1465 1572 1518 quia
1606 1465 1649 1505 in

115 1531 303 1585 proximo
326 1536 456 1580 erant,
480 1536 520 1571 et
541 1531 654 1571 beati
680 1529 912 1580 Outhberti,
929 1545 1051 1585 quem
1075 1531 1161 1586 ipse
1183 1531 1416 1586 specialiter
1434 1531 1647 1586 diligebat,

113 1598 369 1648 thesaurarii,
397 1597 467 1638 filii
490 1602 530 1638 et
557 1597 735 1638 ministri
773 1597 1044 1639 exsistebant.
1116 1597 1209 1639 Hos
1233 1598 1371 1652 igitur,
1398 1599 1547 1639 exinde
1572 1599 1650 1640 sibi

113 1662 326 1705 4cloctores
347 1664 585 1715 accersiens,
609 1669 649 1704 et
671 1664 809 1704 onmia
840 1669 998 1705 secreta
1032 1664 1178 1705 animae
1212 1680 1294 1706 suae
1330 1664 1409 1706 illis
1448 1665 1647 1719 aperiens,

163 1763 173 1783 ¹
198 1762 422 1808 Testabatur]
449 1763 522 1796 The
549 1763 644 1797 Harl.
671 1775 882 1808 anonymous
912 1763 1034 1807 legend
1059 1763 1138 1796 thus
1169 1764 1346 1797 continues
1372 1764 1429 1797 the
1455 1764 1645 1799 narrative:

118 1810 139 1827 ‘⁶
152 1809 320 1842 Godricus
338 1809 372 1841 in
390 1821 527 1855 vespere
554 1810 693 1843 domum
712 1810 815 1849 venit,
836 1815 869 1842 et
887 1810 1010 1854 angulo
1028 1810 1175 1854 quodam
1194 1809 1339 1843 Oratorii
1359 1822 1479 1855 corpus
1497 1811 1625 1844 invenit
1639 1823 1649 1853 ;

116 1855 175 1888 sed
194 1856 330 1889 omnino
348 1867 415 1889 non
433 1857 555 1901 tetigit.
607 1856 714 1901 Igitur
727 1856 770 1891 ad
788 1856 899 1889 Deum
919 1863 990 1889 tota
1008 1856 1117 1890 cordis
1135 1857 1323 1890 intentione
1341 1869 1532 1900 conversus,
1550 1858 1649 1891 lacri-

117 1902 182 1935 mis
210 1908 242 1935 et
269 1903 438 1947 precibus,
465 1903 617 1948 suspiriis
647 1909 748 1947 atque
774 1903 970 1947 gemitibus,
994 1904 1096 1948 coepit
1114 1903 1251 1946 instare,
1280 1903 1420 1937 humilis
1447 1910 1480 1937 et
1507 1904 1648 1938 devotus

115 1955 233 1982 exorat
256 1956 292 1982 ut
320 1949 413 1983 Deus
432 1949 668 1994 Omnipotens,
688 1950 755 1991 Qui
775 1950 842 1982 vita
868 1956 918 1982 cst
941 1950 1094 1982 omnium
1120 1956 1153 1982 et
1171 1950 1262 1983 solus
1287 1956 1398 1995 potest
1420 1957 1571 1984 mortuos
1596 1963 1648 1984 re—

113 2007 231 2029 vocare
249 1996 291 2029 ad
310 1996 424 2039 vitam,
444 2008 511 2029 non
532 1997 638 2041 ipsius
657 2002 885 2041 peccatorum,
905 1996 964 2029 sed
982 1996 1222 2029 misericordiae
1241 1997 1317 2030 Suae
1335 1997 1524 2030 consideret
1542 2010 1647 2042 quan-

115 2042 260 2076 titatem.
311 2043 434 2076 Tribus
452 2043 589 2088 quidem
616 2042 772 2076 noctibus
791 2049 824 2076 et
842 2043 973 2076 duobus
1000 2042 1119 2076 diebus
1138 2043 1201 2076 hoc
1226 2055 1324 2088 agere
1342 2055 1409 2077 non
1427 2045 1587 2086 cessavit;
1614 2050 1648 2078 et

114 2089 202 2122 sicut
228 2100 270 2122 ex
299 2090 404 2135 ipsius
435 2101 490 2123 ore
520 2090 672 2135 cognovi,
696 2101 869 2134 nunquam
896 2095 990 2122 tanto
1020 2098 1171 2134 tempore
1199 2096 1310 2123 tantas
1340 2090 1444 2124 animi
1474 2092 1646 2136 angustias

111 2147 230 2180 passus
248 2136 323 2170 fuit.
375 2136 411 2169 N
414 2148 479 2169 unc
498 2137 588 2169 enim
615 2136 808 2181 supplicans
827 2136 1083 2169 vehementibus
1107 2136 1265 2170 lamentis
1284 2143 1317 2170 et
1335 2137 1517 2181 ejulatibus
1535 2138 1647 2172 anxiis

113 2182 312 2224 insistebat;
338 2194 428 2216 nunc
453 2189 567 2216 autem
586 2183 677 2216 velut
696 2183 876 2227 objurgans
897 2183 1036 2216 ubinam
1060 2190 1149 2216 esset
1167 2183 1232 2216 Dei
1260 2183 1451 2228 clementia,
1476 2191 1509 2217 et
1531 2191 1645 2218 utrum

113 2234 247 2273 propter
274 2229 379 2274 ipsius
396 2236 535 2274 peccata
561 2230 754 2263 recessisset
780 2241 799 2262 a
828 2229 953 2272 seculo,
983 2229 1207 2274 perquirebat.
1256 2230 1417 2263 Diluculo
1446 2231 1553 2264 tertiae
1580 2232 1647 2265 diei

112 2286 190 2307 cum
209 2275 318 2308 adhuc
336 2282 538 2321 temperaret
555 2289 574 2309 a
590 2276 751 2319 lacrimis,
770 2282 848 2309 ante
866 2275 982 2309 Altare
997 2276 1236 2321 procumbens,
1256 2288 1275 2309 a
1291 2276 1396 2310 latere
1414 2278 1508 2322 quasi
1527 2279 1646 2323 strepi-

113 2327 184 2354 tum
211 2322 395 2366 gradientis
423 2322 551 2355 audivit
566 2336 573 2364 3
605 2329 638 2355 et
664 2334 844 2355 conversus
863 2322 946 2355 vidit
974 2322 1122 2367 puellam
1146 2324 1249 2366 juxta
1274 2324 1438 2368 parietem
1464 2324 1512 2357 ire
1530 2336 1645 2358 versus

114 2367 243 2401 Altare.
295 2369 392 2401 Tunc
410 2369 593 2402 exsultavit
611 2369 643 2401 in
664 2369 812 2402 Domino
830 2375 863 2402 et
881 2368 1067 2402 delectatus
1086 2369 1182 2402 estin
1196 2369 1270 2402 Deo
1289 2369 1432 2403 Salutari
1451 2382 1523 2404 suo.
1574 2371 1645 2404 Vo-

112 2414 196 2447 catis
215 2426 292 2459 ergo
315 2427 393 2448 cum
411 2415 626 2448 festinatione
642 2415 850 2460 parentibus,
868 2422 1049 2460 antequam
1063 2415 1191 2460 aliquid
1209 2416 1383 2461 indicaret,
1396 2429 1495 2462 super
1510 2418 1645 2451 Eucha-

111 2460 240 2494 ristiam
254 2462 452 2504 juraverunt
466 2462 555 2506 quod
569 2468 735 2495 secretum
753 2461 871 2506 ipsius,
886 2473 925 2494 eo
940 2463 1083 2505 vivente,
1102 2474 1169 2495 non
1186 2462 1377 2507 proderent.
1407 2464 1503 2497 Tunc
1518 2465 1643 2498 ostium

113 2518 275 2550 reserans,
298 2508 446 2552 puellam
474 2509 522 2541 eis
547 2508 730 2552 assignavit
748 2508 980 2550 incolume1n;
1007 2520 1108 2553 quam
1131 2508 1181 2542 illi
1204 2510 1405 2555 suscipiunt,
1428 2522 1496 2556 prae
1520 2511 1643 2555 gaudio

112 2552 327 2587 lacrimantes
353 2561 386 2588 et
404 2555 469 2588 Dei
494 2554 664 2599 magnalia
689 2555 932 2588 collaudantes.
981 2555 1050 2588 Res
1076 2555 1141 2588 ista
1166 2567 1298 2601 semper
1322 2556 1422 2590 latuit
1441 2557 1546 2591 donec
1572 2558 1644 2602 ipse

112 2599 301 2634 infirmatus
331 2601 373 2634 ad
397 2608 553 2645 mortem,
583 2601 618 2634 id
644 2601 842 2646 presbytero
868 2601 1042 2635 indicavit.
1093 2601 1170 2635 Hoc
1197 2608 1230 2635 et
1260 2602 1343 2635 mihi
1374 2610 1491 2649 postea
1514 2610 1643 2637 secreto

111 2647 267 2690 narravit,
287 2647 450 2691 adjiciens
476 2647 566 2692 quod
583 2648 666 2681 tanti
690 2647 815 2681 laboris
833 2659 896 2681 nec
914 2648 949 2680 in
966 2654 1074 2680 morte
1100 2654 1214 2693 posset
1239 2649 1451 2693 aliquatenus
1478 2650 1642 2685 oblivisci.

112 2691 256 2725 Dicebat
274 2694 365 2726 enim
380 2706 386 2728 :
415 2695 424 2712 ⁶
439 2694 521 2727 Non
536 2701 585 2728 est
600 2694 690 2727 enim
707 2694 810 2727 homo
828 2695 884 2738 qui
903 2694 1054 2727 crederet
1066 2701 1207 2739 quantas
1225 2695 1292 2728 illis
1311 2695 1429 2729 diebus
1446 2697 1642 2740 pertulerim

111 2738 145 2770 in
171 2739 290 2783 spiritu
316 2741 488 2784 angustias
514 2747 546 2773 et
576 2740 718 2774 dolores.
770 2740 898 2774 Nullus
918 2740 982 2773 hoc
1008 2741 1093 2773 meis
1119 2741 1264 2774 ascribat
1284 2743 1425 2785 meritis,
1443 2742 1502 2775 sed
1521 2743 1643 2777 divinae

112 2784 326 2819 solummodo
351 2787 481 2831 pietati.
532 2786 642 2820 Credo
673 2787 809 2832 quidem
834 2787 923 2832 quod
949 2786 1063 2832 puella
1088 2787 1202 2821 Sancti
1229 2787 1372 2832 alicujus
1402 2789 1644 2823 intercessione

112 2832 318 2865 surrexerit!
330 2832 351 2847 ''

159 2877 171 2895 2
200 2877 236 2910 In
255 2878 311 2911 the
331 2878 426 2911 Harl.
444 2879 520 2913 MS.
538 2879 676 2925 chapter
694 2880 790 2913 LVI.
904 2881 917 2901 3
937 2880 1053 2914 Verum
1071 2880 1207 2925 tamem]
1233 2880 1295 2913 See
1314 2879 1351 2925 ἐξ
1372 2883 1449 2922 185,
1468 2884 1547 2916 308.

160 2925 171 2943 ⁴
193 2923 382 2970 Doctores]
407 2925 611 2968 Germanus,
629 2938 682 2971 ap.
701 2925 793 2960 Galf.
811 2925 829 2971 ξ
849 2929 902 2970 35,
921 2926 1014 2970 gives
1032 2925 1217 2960 additional
1235 2926 1433 2971 particulares
1450 2928 1560 2963 which
1585 2942 1642 2963 are
