1839 3186
251 169 295 209 xl
639 181 890 213 APPENDIX
926 182 984 214 To

250 283 317 324 Ac
339 284 381 325 in
402 284 510 326 bello
533 286 858 340 procumbentis³

250 348 334 392 Vel
355 351 525 393 remotis
546 367 617 394 seu
638 353 864 408 praesentis,

307 417 461 460 Crebro
482 419 657 474 promsit
679 419 841 460 intima.

559 569 670 595 XXIV.

307 635 578 691 Remigantes
599 637 640 677 in
663 637 869 692 profundo

248 700 383 743 Corde
406 703 543 753 duros,
567 704 633 745 vel
655 704 859 755 foecundo,

306 768 421 811 Gella
443 770 574 811 cernit
595 771 781 826 positum

247 835 384 877 Actus
406 838 487 878 rati

247 902 329 943 Vel
350 905 519 958 patrati,

247 970 328 1024 Spe
352 970 482 1013 delusi

247 1036 329 1078 Vel
350 1037 490 1087 refusi,

306 1104 423 1160 Saepe
445 1105 592 1160 pandit
615 1106 764 1148 exitus.

563 1253 655 1279 XXV.

300 1319 465 1361 .Mentis
486 1336 621 1362 mores
643 1323 904 1378 praesagavit,

246 1385 364 1441 Opus
385 1387 511 1442 lapsis
533 1387 760 1440 innovavit,

304 1452 431 1496 Vatis
452 1454 597 1510 ingens
619 1456 766 1511 spiritu
785 1475 795 1504 3

1019 182 1115 214 THE
1151 183 1380 216 PREFAOE.

1050 286 1167 341 Saepe
1189 292 1334 342 raptus
1355 287 1394 327 in
1420 302 1592 329 excessu

1049 352 1149 394 Ooeli
1172 353 1277 395 vidit
1299 354 1340 394 in
1362 369 1567 409 processu,

1109 420 1223 461 Mira
1243 421 1362 475 plura
1383 421 1556 462 traditu.

1357 534 1464 560 XXVI.

1105 601 1276 643 Certum
1299 602 1360 643 sui
1384 601 1650 656 defungendi,

1047 668 1171 709 Diem
1193 669 1363 710 modum
1384 668 1650 723 perquirenti,

1106 735 1338 790 Septimum
1361 735 1597 790 praececinit
1614 752 1624 783 ;

1048 802 1277 857 Sexagenis
1298 802 1416 843 annis
1437 802 1554 851 actis,

1047 868 1170 910 Gaede
1193 869 1308 910 lenta
1328 869 1371 910 in
1392 884 1434 911 se
1456 869 1577 910 factis

1105 936 1205 978 Ooeli
1227 951 1389 978 summa
1409 936 1547 991 petiit.

1346 1054 1472 1080 XXVII.

1106 1126 1132 1143 ‘⁶
1148 1122 1178 1162 J
1183 1137 1253 1163 esu
1277 1122 1431 1164 Christi
1454 1137 1564 1163 nunc
1586 1121 1731 1171 amice,

1049 1189 1150 1231 Pius
1172 1194 1259 1230 esto
1281 1204 1403 1239 nunc,
1428 1189 1620 1240 Godrice,

1105 1255 1206 1298 Oceli
1227 1256 1270 1297 in
1291 1256 1490 1305 victoria3

1047 1322 1169 1365 Nunc
1190 1339 1264 1365 nos
1285 1338 1413 1378 regna
1435 1323 1544 1364 coelis
1565 1322 1657 1373 Sita,

1047 1389 1135 1431 Ubi
1156 1391 1269 1432 locus
1282 1389 1397 1446 jugie
1419 1390 1518 1441 vita,

1104 1457 1261 1499 Tecum
1283 1458 1414 1499 claros
1434 1454 1606 1512 gloria.”
