1839 3186
187 161 271 202 350
711 169 944 203 LIBELLUS
980 171 1043 203 DE
1079 172 1194 204 VITA

186 288 270 315 non
299 273 420 329 longo
448 279 633 329 tempore
655 290 829 329 quaeque
847 290 1044 331 prospera
1064 275 1115 317 de
1138 276 1196 317 eis
1216 275 1399 318 audituri
1421 281 1530 319 sunt.
1619 278 1727 319 Tum

187 340 335 381 mulier
369 340 440 381 illa
475 340 643 382 hilarior
681 341 828 382 effecta
875 342 1049 392 rediens,
1087 342 1265 396 reliquos
1303 340 1408 385 filios
1446 358 1539 385 suos
1574 344 1727 386 talibus

188 406 364 448 oraculis
406 407 631 461 plurimum
683 408 871 449 refovens
929 408 971 449 in
1025 408 1168 450 multis
1215 414 1278 450 est
1332 410 1555 450 consolata.
1638 409 1726 451 Nec

187 472 309 514 multi
337 473 604 527 postmodum
640 473 727 516 dies
763 472 1092 524 interfluxerant,
1134 480 1175 515 et
1211 490 1304 515 ecce
1336 476 1504 529 quidam
1533 476 1583 516 de
1615 481 1727 518 terra

186 539 258 580 illa
277 540 489 581 venientes
522 554 563 581 se
591 555 738 594 pueros
762 540 853 582 illos
883 539 974 595 jam
1006 545 1131 582 aetate
1165 541 1412 583 maturiores
1436 542 1587 584 vidisse
1618 542 1726 584 dice-

187 606 302 656 bant,
327 612 368 647 et
389 610 502 647 certa
523 621 693 660 quaeque
725 605 966 662 intersignia
1001 611 1042 648 et
1082 606 1235 648 indicia
1273 608 1396 649 matri
1428 613 1469 649 et
1501 606 1595 650 filiis
1626 609 1725 651 satis

188 671 355 727 cognita
378 671 678 727 1proferebant.

187 920 275 946 CAP.
299 920 340 946 x.
397 917 599 949 QUALITER
636 917 822 943 emarcus
853 916 1015 946 QUIDAM
1047 916 1312 943 FEBRICITANS
1342 916 1506 943 MERITIS
1540 918 1626 943 VIRI
1656 918 1724 943 Dm

254 986 442 1011 SANITATI
472 985 714 1011 REsTrrUTus
747 984 817 1019 srr,
843 983 929 1009 CUM
953 982 1070 1010 PRIUS
1098 983 1247 1009 MULTIS
1278 983 1605 1010 MachMrNfflus
1630 984 1722 1010 CON-

254 1053 479 1079 VALEsCERE
512 1050 597 1077 NON
628 1033 859 1077 ΡΟΤΠΕΗΙΤ.2

258 1137 403 1191 §33L
463 1134 545 1177 SED
580 1149 656 1176 nec
691 1133 823 1175 defuit
860 1133 947 1174 viro
974 1132 1056 1174 Dei
1075 1133 1255 1175 >virtutis
1289 1132 1426 1188 gratia
1461 1132 1516 1174 ad
1547 1132 1722 1174 aliorum

188 1203 350 1246 diversa
377 1200 631 1244 infirmitatis
661 1215 812 1256 genera
833 1199 1029 1250 curanda,
1053 1200 1121 1254 qui
1144 1200 1227 1241 suis
1247 1199 1484 1241 vulneribus
1505 1199 1721 1241 subvenire

186 1270 302 1312 novit
324 1284 397 1325 per
417 1274 506 1310 tam
529 1268 619 1309 dira
641 1267 827 1308 dolorum
848 1266 1044 1308 remedia.
1116 1265 1220 1308 Erat
1242 1266 1444 1320 siquidem
1475 1265 1517 1307 in
1543 1281 1590 1307 eo
1614 1266 1722 1307 mul-

186 1336 319 1392 tiplex
348 1336 497 1391 gratia,
521 1339 562 1376 et
593 1334 625 1376 si
654 1333 885 1389 petentium
916 1331 1017 1374 fides
1044 1332 1349 1387 promeruisset,
1372 1332 1592 1387 aliquando
1621 1332 1722 1375 satis

187 1417 371 1459 operosa.
435 1401 590 1455 Aliquo
621 1401 748 1456 igitur
768 1404 953 1455 tempore
985 1404 1073 1440 erat
1094 1399 1262 1453 quidam
1282 1399 1325 1440 in
1346 1398 1555 1440 Dunelmo
1590 1399 1720 1440 nomi-

186 1469 437 1519 natissimus,
464 1468 532 1523 qui
554 1472 595 1508 et
616 1482 725 1508 nunc
749 1466 796 1507 ³J
800 1466 982 1507 ohannes
1002 1465 1327 1516 archidiaconus,
1351 1466 1420 1520 qui
1439 1465 1556 1521 gravi
1576 1466 1720 1507 morbo

188 1535 498 1591 corripiebatur,
523 1539 564 1575 et
594 1534 771 1575 febrium
795 1532 940 1574 ardore
968 1531 1191 1587 praevalido
1223 1532 1452 1573 diutissime
1474 1532 1719 1574 vexabatur.

188 1602 351 1644 Aderat
382 1602 478 1643 huic
509 1600 653 1642 crebra
682 1599 937 1641 medicinalis
962 1598 1181 1649 industria,
1205 1598 1367 1640 diversa
1393 1598 1545 1639 artium
1566 1599 1720 1640 multa-

186 1684 279 1710 rum
313 1667 549 1710 adhibendo
569 1666 808 1709 4solamina.
885 1665 970 1707 Sed
999 1665 1153 1706 frustra
1174 1665 1271 1706 huic
1297 1664 1452 1720 aliquid
1482 1663 1719 1721 hujusmodi

186 1735 420 1785 adhibetur,
444 1735 539 1789 quia
559 1733 749 1775 omnibus
778 1732 941 1773 illorum
970 1731 1127 1774 nisibus
1157 1730 1410 1773 infirmitatis
1430 1731 1590 1773 saevitia
1609 1731 1718 1773 fero-

188 1802 275 1844 cius
309 1801 587 1857 grassabatur.
669 1799 798 1840 Forte
834 1798 1000 1853 quidem
1032 1797 1148 1840 Deus
1182 1797 1365 1853 ipsorum
1401 1798 1551 1853 peritia
1584 1798 1717 1840 noluit

186 1868 420 1924 languentis
453 1866 614 1923 operari
642 1866 830 1916 salutem,
854 1865 950 1919 quia
982 1880 1056 1920 per
1088 1879 1180 1906 eam
1219 1864 1325 1906 servi
1362 1864 1436 1906 Sui
1456 1863 1718 1920 ⁵perordina-

234 1989 243 2009 ¹
271 1985 524 2034 Proferebant]
553 1987 573 2004 “
588 1984 715 2019 Mulier
732 1984 886 2030 quaedam
906 1985 989 2019 duos
1014 1984 1103 2018 filios
1119 1985 1249 2029 habuit,
1263 1996 1405 2030 quorum
1424 1997 1511 2019 unus
1529 1996 1606 2019 cum
1622 1991 1717 2031 patre

185 2035 221 2068 in
240 2034 457 2079 Norwegiam
475 2030 656 2077 navigavit,
682 2037 716 2065 et
733 2031 816 2064 alter
833 2031 937 2064 veluti
963 2031 1166 2076 quaesiturus
1191 2031 1299 2075 illum,
1326 2032 1360 2064 in
1385 2031 1527 2065 eandem
1545 2032 1716 2077 regionem

185 2081 285 2126 longo
300 2086 350 2114 est
368 2080 544 2124 interjecto
562 2084 712 2123 tempore
738 2077 950 2111 subsecutus.
1000 2078 1111 2110 Annis
1136 2077 1264 2122 aliquot
1283 2077 1436 2121 evolutis,
1454 2078 1647 2111 nuntiatum
1665 2084 1716 2112 est

185 2128 352 2161 seniorem
382 2137 455 2160 esse
484 2125 695 2167 defunctum,
723 2129 757 2157 et
781 2123 1000 2169 postmodum
1027 2123 1147 2157 similis
1170 2135 1283 2156 rumor
1309 2123 1350 2157 de
1371 2124 1506 2167 juniore
1530 2125 1715 2169 personuit.

188 2173 290 2207 Unde
307 2178 414 2206 mater
430 2171 532 2205 nimis
550 2171 673 2204 afflicta
697 2169 740 2203 ad
757 2170 865 2203 virum
890 2169 966 2213 Dei,
994 2169 1051 2214 qui
1072 2169 1203 2203 vicinus
1229 2176 1310 2214 erat,
1337 2170 1516 2203 consilium
1535 2171 1716 2215 quaesitura

185 2219 350 2265 pervenit.
400 2218 554 2262 Cumque
579 2217 629 2250 illi
653 2216 800 2249 miseriae
822 2227 891 2249 suae
913 2216 1053 2249 modum
1074 2215 1255 2249 lacrimans
1278 2216 1472 2260 indicasset,
1491 2217 1562 2262 ipse
1580 2229 1716 2263 compa-

186 2267 274 2299 tiens
301 2272 334 2298 et
359 2270 482 2298 terram
508 2263 664 2297 deorsum
690 2262 856 2307 aspiciens
882 2261 938 2295 diu
966 2262 1069 2306 siluit,
1098 2267 1131 2296 et
1152 2268 1233 2296 tunc
1254 2262 1328 2297 ait:
1355 2264 1364 2281 ‘
1380 2263 1573 2307 Consolare,
1595 2270 1713 2308 mater,

187 2311 372 2353 consolare,
390 2311 469 2356 quia
486 2316 626 2354 uterque
654 2309 800 2342 filiorum
824 2309 858 2341 in
884 2308 1067 2353 Norwegia
1085 2309 1166 2342 vivit
1191 2308 1382 2353 incolumis,
1409 2309 1457 2343 ibi
1481 2309 1583 2343 modo
1607 2310 1655 2343 fui
1681 2316 1715 2343 et

187 2359 304 2392 ambos
321 2358 471 2391 viventes
501 2367 667 2400 sanosque
694 2355 882 2400 conspexi3
910 2360 943 2388 et
967 2355 1085 2388 multis
1110 2355 1207 2389 bonis
1232 2355 1290 2388 ille
1314 2355 1425 2389 minor
1449 2356 1609 2390 abundat.
1660 2356 1714 2390 Tu

186 2406 333 2450 reliquos
351 2403 534 2446 consolare,
553 2402 668 2436 dicens
687 2401 734 2435 eis
752 2401 841 2446 quod
860 2401 901 2434 de
919 2401 989 2435 suis
1011 2401 1169 2435 fratribus
1194 2413 1351 2447 prospera
1368 2408 1447 2435 sunt
1472 2403 1603 2436 noviter
1619 2402 1714 2436 audi-

185 2452 274 2485 turi.'
322 2450 449 2484 Mulier
466 2449 621 2483 discessit
637 2448 774 2481 hilarior
790 2461 799 2490 ;
825 2453 859 2480 et
876 2448 910 2481 in
927 2447 1020 2481 brevi
1044 2453 1153 2482 certos
1174 2449 1304 2494 accepit
1322 2449 1364 2482 de
1385 2448 1531 2482 filiorum
1548 2449 1713 2494 prosperi-

184 2504 253 2532 tate
270 2496 456 2532 rumores.”
505 2496 618 2529 Anon.
637 2494 732 2528 Harl.
751 2494 898 2538 Legend.

230 2545 243 2563 ²
269 2544 309 2577 In
323 2544 380 2577 the
400 2542 496 2576 Harl.
513 2542 590 2576 MS.
608 2541 745 2586 chapter
771 2539 979 2574 CXXXVI.

231 2592 243 2611 ³
267 2591 431 2625 Johmmes
446 2587 707 2633 archidiaconus]
732 2587 770 2620 of
783 2586 954 2628 Durham3
980 2598 1036 2620 see
1055 2586 1102 2620 Le
1121 2586 1250 2620 Nevc's
1270 2587 1377 2630 Fasti,
1402 2599 1435 2632 p.
1451 2589 1531 2621 352.

232 2637 244 2656 ⁴
271 2635 466 2682 Solamimt]
495 2634 676 2668 Solamina.
722 2633 789 2666 Iste
807 2632 1011 2666 carminibus
1029 2633 1097 2666 vim
1119 2632 1288 2677 languoris
1305 2633 1491 2679 propellere
1507 2633 1637 2677 nititur,
1656 2634 1712 2667 ille

183 2683 363 2717 herbarum
381 2683 491 2716 succis
509 2681 561 2714 vel
579 2680 729 2714 radicum
744 2678 888 2713 surculis
906 2679 1103 2723 extinguere
1121 2679 1205 2712 tanti
1228 2680 1355 2713 ardoris
1378 2680 1547 2713 incentiva
1562 2680 1711 2723 molitur,

184 2730 270 2764 alius
287 2741 346 2775 per
363 2728 591 2762 antidotorum
619 2726 787 2771 suffragia,
806 2725 943 2770 quidam
968 2737 1026 2770 per
1053 2726 1379 2759 medicamentorum
1405 2726 1554 2771 collyria,
1572 2726 1628 2759 hic
1653 2738 1712 2771 per

184 2777 336 2820 conjecta
351 2775 491 2808 diversae
505 2773 683 2819 opinionis,
698 2772 781 2806 alter
797 2783 856 2817 per
873 2777 964 2805 certa
976 2771 1129 2816 quaedam
1144 2773 1377 2817 experimenta
1394 2773 1562 2818 quondam
1581 2773 1614 2805 in
1626 2773 1710 2806 alios

184 2822 356 2868 operantia
372 2833 456 2866 opus
474 2820 763 2854 acceleratissimae
781 2818 934 2852 sanitatis
950 2831 958 2859 3
984 2818 1043 2852 sed
1060 2818 1193 2862 frustra,
1214 2818 1261 2852 H.

229 2869 241 2888 ⁵
268 2865 579 2913 Perordinavemt.]
608 2866 903 2907 Praeordinavcrat,
925 2864 971 2900 H.
