1839 3186
186 175 269 215 346
701 183 934 215 LIBELLUS
970 183 1034 215 DE
1070 184 1186 216 VITA

305 289 315 305 7

184 289 302 332 eme.7
378 287 458 341 Qui
480 288 569 343 ejus
589 287 771 342 imperiis
795 303 938 343 parere
960 302 1042 328 non
1068 287 1242 339 distulit,
1266 287 1339 329 secl
1363 302 1458 328 cum
1478 286 1579 328 nihil
1603 287 1716 329 inve-

183 355 324 405 nisset,
345 355 388 396 id
409 354 489 396 Dei
510 354 597 396 viro
619 354 794 395 detexit.
857 354 974 395 Tunc
996 354 1062 395 ille
1082 354 1281 396 ministris
1302 354 1509 410 praecepit,
1535 362 1582 395 ut
1606 354 1717 395 furto

185 422 349 464 sublata
379 421 602 463 redderent
641 426 682 462 et
713 425 1064 477 recognoscerent,
1100 436 1146 462 eo
1171 421 1281 475 quod
1315 421 1453 475 inique
1483 436 1557 475 pro
1587 436 1718 462 mam-

185 504 310 530 mona
339 487 571 542 iniquitatis
591 488 750 543 operati
771 487 959 529 fuissent.
1021 487 1083 528 At
1104 487 1163 528 illi
1184 486 1480 529 stomachando
1505 487 1719 529 saevientes

184 570 279 596 eum
314 555 507 596 dicebant
542 569 626 610 prae
661 555 773 596 senio
806 553 941 595 aetatis
971 553 1156 604 delirare,
1189 558 1230 595 et
1258 553 1442 609 pluribus
1475 554 1718 595 astruebant

184 622 404 663 verborum
430 621 673 676 ambagibus
703 620 803 674 quid
838 619 992 661 diceret
1026 619 1189 674 penitus
1217 620 1418 675 ignorare.
1487 620 1604 661 Tunc
1634 620 1715 671 ille,

185 692 210 711 ‘⁶
226 688 317 743 Ego
338 703 420 729 non
441 687 569 729 deliro
590 702 665 728 nec
687 686 857 741 desipio,
875 686 948 727 sed
968 701 1040 727 vos
1054 686 1289 740 falsiloquos
1309 692 1350 728 et
1372 687 1587 750 men-doses
1608 687 1719 728 fures

186 755 342 796 diutius
376 754 576 796 sustinere
613 768 696 794 non
726 754 857 795 valeo.
920 752 1067 793 Nonne
1105 753 1213 793 enim
1246 757 1367 794 nocte
1403 753 1517 794 feriae
1560 758 1717 807 quartae

184 821 458 876 praecedentis
478 819 750 861 hebdomadae
773 819 961 860 denarios
981 819 1083 869 illos,
1106 834 1172 860 me
1192 819 1435 870 dormiente,
1458 819 1564 860 clam
1585 824 1719 861 sustu-

183 888 301 939 listis,
325 893 366 929 et
390 888 432 928 in
454 886 636 928 conclavi
658 886 729 927 illa
748 887 854 927 alter
874 885 943 940 qui
965 885 1134 940 pertulit
1155 885 1274 926 alteri
1293 890 1477 927 vestrum
1498 885 1567 940 qui
1587 886 1718 941 parti-

186 955 321 1010 cipare
353 954 509 1004 debuit,
533 953 744 1001 ostendit3
779 967 827 994 ac
863 952 1048 993 Sabbato
1085 951 1271 1006 sequenti
1304 952 1451 994 bovem
1479 952 1533 994 ad
1563 957 1717 994 terram

183 1027 365 1063 vestram
390 1019 659 1062 excolendam
681 1019 732 1061 de
753 1034 894 1060 eorum
915 1018 1051 1074 precio
1073 1018 1116 1060 in
1137 1018 1408 1060 Dunelmensi
1435 1019 1523 1060 foro
1545 1019 1713 1070 emistis,

185 1093 227 1129 et
250 1088 315 1129 die
335 1088 530 1129 hesterna
543 1086 597 1128 ad
618 1085 719 1128 fines
732 1085 981 1127 Laudoneiae
998 1085 1114 1126 illum
1129 1085 1223 1126 duci
1243 1085 1397 1127 fecistis
1409 1086 1447 1127 2⁹7
1483 1085 1717 1140 (Siquidem

185 1170 259 1196 rex
282 1155 521 1196 Scottorum
543 1152 556 1174 1
574 1153 824 1194 Malcolmus
862 1152 899 1193 ei
932 1152 1035 1194 duas
1065 1152 1238 1194 bovatas
1260 1157 1382 1194 terrae
1416 1152 1459 1193 in
1478 1152 1719 1194 Laudoneia

185 1221 369 1271 dederat,
393 1236 493 1275 quas
527 1220 613 1275 ipse
651 1235 724 1274 pro
748 1218 975 1261 ministerio
1008 1234 1150 1260 eorum
1169 1218 1304 1260 fuerat
1325 1219 1524 1274 largitus3
1560 1224 1601 1260 et
1624 1218 1717 1260 ideo

184 1288 245 1330 ita
266 1288 464 1342 dicebat.)
529 1291 554 1309 ‘⁶
572 1286 663 1341 Ego
686 1286 852 1340 quidem
877 1285 945 1340 qui
966 1290 1067 1327 tunc
1098 1286 1304 1341 corporeis
1325 1286 1453 1328 oculis
1473 1285 1716 1337 obdormivi,

185 1355 319 1396 cordis
352 1355 434 1395 mei
466 1353 593 1395 oculis
621 1352 814 1407 quicquid
845 1352 986 1407 egistis
1021 1356 1062 1393 et
1098 1352 1226 1393 locuti
1261 1352 1410 1402 fuistis,
1436 1352 1521 1394 vidi
1554 1357 1596 1394 et
1628 1367 1718 1407 per-

185 1421 305 1471 sensi,
329 1426 370 1463 et
392 1420 582 1462 omnibus
603 1419 793 1474 operibus
813 1419 961 1460 vestris
988 1418 1142 1460 nefarie
1164 1418 1341 1474 peractis
1363 1434 1522 1474 semper
1542 1434 1720 1474 praesens

186 1488 302 1529 affui.
363 1487 490 1528 Unde
528 1485 781 1528 confitemini
803 1485 984 1526 Domino
1019 1490 1060 1526 et
1093 1486 1281 1527 invocate
1304 1485 1427 1536 Eum,
1451 1491 1492 1527 et
1515 1485 1719 1528 sacerdoti

187 1554 369 1610 detegite
409 1554 568 1595 facinus
588 1557 773 1594 vestrum
805 1557 893 1593 tam
929 1556 1097 1602 scerete,
1132 1557 1179 1593 ut
1214 1552 1406 1607 putastis,
1440 1553 1482 1594 in
1518 1568 1583 1593 me
1609 1567 1718 1593 com-

185 1621 398 1663 missum.”
460 1620 541 1673 Qui
566 1619 675 1674 quod
695 1634 839 1660 verum
859 1619 995 1660 fuerat
1017 1618 1189 1660 ulterius
1217 1618 1382 1660 diffiteri
1403 1634 1485 1660 non
1512 1624 1718 1674 poterant,

186 1688 259 1730 sed
280 1702 417 1728 coram
439 1686 651 1728 sacerdote
679 1684 953 1740 procidentes,
975 1685 1064 1726 haec
1086 1685 1223 1726 omnia
1246 1685 1306 1726 ita
1328 1685 1452 1727 fuisse
1472 1690 1519 1727 ut
1542 1686 1718 1737 dixerat,

186 1769 281 1796 cum
312 1754 538 1795 lacrimosis
562 1752 809 1807 singultibus
830 1751 1105 1793 affirmabant.
1187 1752 1254 1792 Ex
1277 1753 1424 1806 quibus
1451 1752 1551 1794 satis
1572 1752 1720 1793 claruit

187 1836 311 1875 quam
326 1820 440 1861 mirae
464 1820 526 1862 vir
546 1819 713 1862 virtutis
735 1818 909 1868 exstitit,
928 1817 996 1872 qui
1019 1818 1145 1859 etiam
1168 1833 1216 1859 ea
1231 1833 1337 1872 quae,
1354 1818 1443 1874 ipso
1475 1819 1717 1870 dormiente,

187 1888 299 1929 facta
335 1887 461 1937 fuere,
494 1885 718 1942 perspicuae
757 1885 909 1927 mentis
945 1884 1061 1926 oculo
1102 1890 1265 1939 poterat
1300 1885 1527 1940 pervidere.
1609 1884 1720 1926 Ecce

188 1954 333 1995 diebus
366 1953 598 1995 novissimis
626 1952 731 1993 alter
750 1951 996 2007 2Helysaeus
1034 1950 1210 1999 enituit;
1245 1951 1340 2005 quia
1369 1952 1476 1993 sicut
1514 1952 1581 1993 ille
1605 1951 1721 1992 Giezi

187 2020 379 2076 operibus
410 2035 589 2074 nequam
613 2033 794 2074 praesens
818 2017 949 2069 affuit,
977 2018 1038 2059 ita
1060 2022 1101 2059 et
1124 2017 1328 2059 Godricus
1351 2023 1490 2060 noster
1510 2033 1721 2060 servorum

188 2102 356 2129 suorum
406 2088 569 2128 occulta
619 2100 709 2139 quae
769 2084 1072 2134 commiserant,
1134 2084 1452 2139 praesentialiter
1493 2084 1721 2126 assistendo

193 2153 367 2195 detexit.

189 2334 278 2360 CAP.
300 2332 389 2359 VIII.
444 2333 541 2361 QUID
578 2333 630 2357 DE
661 2332 835 2362 QUODAM
866 2332 1113 2358 PUGNATURO
1144 2332 1309 2358 VIDERIT
1352 2331 1485 2361 ATQUE
1514 2331 1723 2357 PRAEDIXE-

367 2399 445 2434 RIT,
483 2399 533 2424 ET
564 2399 766 2428 QUALITER
796 2399 928 2424 ALIUM
960 2399 1070 2425 HORA
1100 2399 1248 2425 PUGNAE
1279 2381 1561 2425 ΡΗΟΤΕΧΕΕΙΤ.3

249 2484 387 2536 ἓ328.
432 2482 574 2524 FACTA
614 2487 676 2523 est
710 2481 921 2523 contentio
959 2482 1098 2523 valida
1133 2482 1241 2523 inter
1278 2481 1496 2523 nobiliores
1530 2485 1634 2522 natu
1672 2480 1723 2521 de

190 2550 443 2606 possessione
469 2549 684 2599 ditissima,
708 2563 831 2603 quam
854 2549 1017 2602 utrique
1039 2549 1271 2590 alterutrim
1293 2547 1650 2589 calumniabantur
1670 2547 1724 2587 ad

192 2618 254 2659 sui
282 2615 389 2672 juris
422 2621 607 2672 spectare
636 2614 872 2663 territoria3
907 2613 1024 2670 cujus
1060 2614 1330 2670 queremoniae
1365 2615 1437 2655 lite
1477 2618 1721 2664 contestata,

239 2714 248 2732 ¹
278 2711 505 2757 Malcolnms]
532 2711 605 2744 The
630 2710 781 2744 mention
808 2709 846 2742 of
866 2708 934 2741 this
960 2720 1061 2742 name
1087 2708 1224 2741 enables
1249 2709 1289 2741 ns
1306 2713 1341 2740 to
1360 2707 1478 2740 decide
1496 2707 1567 2740 that
1585 2707 1642 2740 the
1661 2706 1724 2740 cil·-

192 2763 387 2790 cumstance
405 2757 487 2791 took
510 2757 606 2802 place
630 2757 715 2791 after
733 2768 803 2790 A.D.
824 2758 925 2799 1153,
943 2755 1041 2788 when
1068 2754 1231 2788 Malcolm
1259 2754 1323 2788 IV.
1342 2753 1511 2788 ascended
1531 2753 1587 2787 the
1605 2753 1724 2787 throne

192 2804 231 2837 of
244 2804 415 2838 scotland.
465 2804 528 2837 See
547 2804 636 2837 Lord
656 2803 806 2837 Hailes’s
823 2802 916 2837 Ann.
934 2802 956 2836 i.
977 2804 1054 2846 101,
1074 2801 1153 2836 edit.
1175 2801 1277 2836 1776.

238 2850 250 2868 ²
278 2850 474 2896 Helymus]
503 2853 523 2883 2
542 2850 661 2895 Kings,
682 2862 712 2884 v.
732 2852 788 2884 25.

240 2897 254 2916 ³
278 2896 317 2930 In
337 2896 394 2931 the
418 2896 515 2931 Harl.
533 2896 608 2932 MS.
627 2897 765 2942 chapter
784 2895 972 2930 CXXXV.
