1839 3186
200 201 282 242 216
729 211 961 244 LIBELLUS
991 211 1056 242 DE
1088 210 1205 242 VITA

194 415 280 442 CAP.
304 415 371 441 011.
432 413 635 444 QUALITER
665 412 813 439 FAMEM
844 413 1042 439 FUTURAM
1064 412 1337 449 PRAEDIXERIT,
1360 413 1408 439 ET
1438 412 1630 443 QUOMODO
1651 412 1728 439 Hoc

676 479 756 505 ILLI
785 480 1033 506 REVELATUM
1064 463 1247 506 FUERIT.1

253 579 400 634 §2o4.
435 579 597 622 TAoTUs
634 579 856 634 aliquando
900 579 1131 622 devotionis
1170 580 1328 632 ardore,
1363 580 1492 622 frater
1530 579 1599 622 ille
1635 596 1726 637 pro-

193 645 325 687 fectus
361 660 523 688 servum
560 645 641 687 Dei
685 646 968 688 consolaturus
1002 646 1188 697 invisere,
1224 647 1488 702 perrexitque
1524 662 1619 688 cum
1657 647 1726 689 illo

191 711 321 753 frater
351 712 510 766 aliquis,
533 712 602 767 qui
625 712 752 753 nimio
771 712 956 754 fervebat
979 712 1181 755 desiderio
1203 713 1358 767 aliquid
1386 713 1438 754 ab
1471 713 1541 754 illo
1562 713 1724 756 audisse

192 793 371 832 operosae
396 779 575 820 virtutis.
646 778 709 818 Po
771 778 904 820 multa
924 793 1020 820 vero
1042 785 1200 820 secreta
1221 780 1433 834 colloquia,
1457 779 1726 834 procedentes

193 844 244 885 de
270 844 471 894 Ecclesia,
505 859 661 899 coepere
693 844 809 885 ilum
842 860 987 900 rogare
1015 850 1063 887 ut
1096 861 1169 901 pro
1205 846 1313 888 illius
1348 845 1492 901 patriae
1523 851 1648 902 gente
1683 852 1725 888 et

191 910 374 951 omnium
396 911 641 965 populorum
674 910 794 951 simul
830 912 975 963 salute,
1003 911 1172 953 Domini
1199 912 1439 967 dignaretur
1460 912 1722 954 clementiam

191 991 374 1017 exorare.
438 977 547 1018 Tum
569 977 652 1026 ille,
678 981 703 999 “
724 976 819 1018 Hoc
848 977 1015 1032 inquam
1037 978 1139 1020 satis
1158 978 1506 1033 pernecessarium
1527 984 1605 1029 est,
1627 979 1723 1034 quia

191 1057 297 1083 anno
322 1048 517 1097 sequente
538 1043 668 1085 fames
699 1043 953 1085 validissima
982 1059 1146 1085 omnem
1168 1045 1376 1100 regionem
1397 1045 1521 1087 istam
1551 1061 1722 1101 oppres·

190 1123 285 1151 sura
315 1109 417 1151 est?
478 1109 599 1163 Quod
629 1109 688 1151 illi
719 1109 947 1161 audientes,
970 1111 1236 1153 vehementer
1269 1111 1455 1153 institere
1489 1111 1723 1166 perquirere

190 1175 395 1229 quomodo
416 1175 508 1217 haec
528 1176 670 1217 futura
694 1176 751 1217 sic
773 1176 1037 1230 praevidendo
1060 1182 1197 1232 posset
1219 1193 1453 1233 agnoscere.
1493 1182 1519 1201 “
1537 1178 1721 1234 Nuper,''

191 1241 338 1296 inquit,
384 1247 409 1265 ‘⁶
431 1242 531 1284 dum
562 1242 612 1284 de
650 1243 728 1284 hac
761 1242 949 1285 Ecclesia
984 1243 1153 1294 exirem,
1191 1244 1365 1299 contigit
1400 1259 1467 1286 me
1500 1244 1568 1286 hic
1601 1251 1722 1288 extra

191 1308 334 1349 limina
365 1308 447 1350 ista
482 1309 678 1363 reperisse
718 1309 891 1364 genibus
933 1309 1138 1364 quendam
1174 1310 1444 1366 procurvatis,
1481 1311 1596 1365 quasi
1633 1320 1722 1353 ora'-

190 1374 373 1416 tionibus
394 1380 637 1424 vacantem;
672 1376 741 1430 qui
762 1390 946 1430 oppansa
982 1381 1023 1417 et
1057 1376 1145 1418 lata
1178 1377 1366 1432 nigrioris
1399 1377 1566 1420 habitus
1599 1378 1719 1420 indu-

191 1447 334 1482 menta
353 1441 512 1489 habuit,
549 1447 590 1482 et
612 1442 813 1483 sotulares
832 1442 916 1483 late
941 1442 1098 1484 refusos
1116 1443 1230 1485 velut
1251 1442 1526 1486 ²monachiles
1545 1445 1720 1500 pedibus

190 1507 443 1562 protendit.”
505 1507 780 1562 Ostenditque
802 1509 938 1549 locum
962 1509 1003 1550 in
1028 1524 1107 1563 quo
1133 1509 1398 1560 decubuerat,
1426 1516 1467 1552 et
1504 1526 1584 1565 quo
1615 1512 1720 1554 ritus

188 1589 337 1629 genere
365 1589 406 1615 se
436 1574 715 1629 provolvendo
745 1579 1038 1630 prostraverat.
1103 1580 1127 1598 ‘⁶
1147 1576 1228 1629 Qui
1258 1576 1548 1618 advenientem
1580 1592 1721 1620 exsur-

188 1640 323 1695 gendo
356 1640 566 1690 salutavit,
602 1646 643 1682 et
675 1641 1011 1683 benedictionum
1047 1642 1173 1683 verba
1212 1642 1479 1697 profundens,
1513 1642 1718 1699 3responsi

188 1706 366 1760 alloquia
396 1722 422 1748 a
448 1722 513 1748 me
534 1707 666 1749 amice
688 1707 788 1749 satis
812 1708 964 1763 exegit.
1036 1708 1350 1763 Procedensque
1370 1709 1466 1751 hinc
1487 1709 1719 1752 Ecclesiam

188 1772 331 1814 Beatae
356 1773 506 1814 Mariae
529 1778 720 1815 oraturus
742 1773 839 1825 adii,
863 1779 904 1815 et
933 1789 1027 1816 cum
1048 1780 1141 1830 post
1170 1779 1333 1830 tergum
1354 1790 1492 1817 meum
1516 1777 1718 1819 acclama-

189 1845 252 1880 ret
296 1844 337 1880 et
380 1839 481 1881 mihi
524 1840 799 1890 benediceret,
845 1845 1085 1895 retorquens
1124 1841 1179 1882 ad
1221 1842 1336 1883 illum
1375 1843 1575 1885 cervicem
1615 1843 1716 1894 dixi,

190 1904 394 1957 ‘4Amen,
442 1921 576 1956 amen,
623 1906 714 1948 dico
755 1906 900 1948 vobis.'
961 1907 1160 1949 Oratione
1201 1908 1379 1963 expleta,
1424 1910 1575 1951 iterum
1621 1908 1718 1965 ⁵per

189 1971 365 2013 eundem
396 1972 514 2022 redii,
535 1977 576 2014 et
599 1972 697 2027 quid
719 1988 850 2014 causae
868 1973 1040 2015 haberet
1061 1974 1114 2015 ab
1138 1974 1207 2015 illo
1232 1975 1411 2029 expetii3
1446 1976 1515 2030 qui
1544 1977 1717 2018 eleemo-

189 2053 301 2093 synae
323 2053 482 2093 agapen
504 2039 723 2094 diligenter
744 2039 940 2094 expetiit3
968 2040 1039 2081 sed
1063 2040 1162 2081 dum
1182 2040 1226 2081 id
1247 2041 1357 2095 quod
1378 2042 1503 2083 habui
1524 2036 1714 2097 6protuli,

188 2104 245 2144 ibi
277 2119 360 2145 non
393 2105 650 2159 comparuit3
691 2105 885 2146 attollens
921 2105 1048 2161 igitur
1080 2106 1219 2148 oculos
1253 2107 1387 2148 virum
1423 2108 1605 2162 quaesivi,
1645 2109 1717 2151 sed

189 2185 292 2224 pene
314 2185 430 2211 secus
456 2171 603 2212 limbos
632 2170 809 2213 nemoris
832 2171 993 2226 longius
1028 2171 1124 2213 hinc
1157 2178 1337 2214 stantem
1370 2175 1578 2229 conspexi.
1641 2176 1717 2216 Ille

188 2236 316 2290 igitur
336 2236 376 2276 in
398 2236 607 2278 immensae
628 2237 861 2278 altitudinis
882 2238 1046 2279 interim
1070 2239 1221 2279 molem
1249 2246 1501 2291 excreverat,
1525 2246 1565 2282 et
1589 2241 1718 2283 rictus

190 2302 271 2343 oris
310 2302 497 2343 latissimi
538 2303 737 2353 faucibus,
777 2318 901 2357 supra
946 2319 1069 2358 quam
1105 2304 1185 2345 dici
1217 2311 1394 2360 poterat,
1424 2307 1712 2357 distendebat3

189 2383 415 2422 manusque
454 2384 548 2410 suas
583 2369 637 2409 ad
670 2384 742 2410 ora
763 2368 965 2424 jactando
1002 2371 1154 2425 saepius
1186 2372 1391 2426 apposuit,
1428 2378 1469 2414 et
1501 2373 1717 2428 voragines

187 2434 369 2489 gutturis
404 2434 465 2476 sui
505 2435 758 2476 insatiabiles
798 2436 855 2476 sic
896 2435 1157 2477 vociferando
1191 2439 1475 2492 proclamavit.
1538 2439 1716 2481 Dicebat

191 2500 357 2554 quidem
398 2501 467 2551 sic,
505 2504 530 2523 “
555 2501 685 2550 Mete,
709 2506 831 2551 mete,
854 2502 1027 2550 mete;”
1058 2517 1148 2556 quae
1180 2504 1307 2545 verba
1336 2504 1436 2545 satis
1471 2505 1643 2547 stridule
1675 2512 1715 2547 et

190 2567 353 2608 horride
376 2567 450 2608 sub
468 2567 645 2622 Anglico
667 2582 851 2609 sermone
873 2568 1072 2621 protulit3
1108 2574 1149 2609 et
1173 2569 1331 2620 eadem,
1354 2571 1468 2624 quasi
1490 2586 1605 2613 escas
1625 2587 1714 2626 pos-

234 2672 244 2692 1
271 2671 310 2704 In
329 2671 387 2704 the
406 2671 502 2704 Harl.
521 2671 596 2704 MS.
615 2671 752 2716 chapter
770 2672 846 2705 CX.

232 2718 246 2738 2
268 2716 500 2763 Itsomtclziles]
528 2718 590 2751 See
609 2718 664 2750 Du
683 2718 808 2761 Gange,
826 2718 938 2752 Gloss.
957 2719 1001 2752 vi.
1018 2721 1097 2763 825,
1110 2720 1216 2754 under
1234 2721 1291 2755 the
1308 2721 1399 2755 word
1418 2725 1440 2741 “
1454 2721 1683 2757 Subtalares.⁷’

233 2765 246 2783 ³
265 2762 452 2809 Responsc']
478 2764 704 2808 Respondcre,
727 2764 774 2797 H.

233 2811 244 2828 ⁴
263 2810 379 2853 Amen,
398 2822 500 2851 amen,
517 2812 587 2843 (lico
603 2810 718 2855 vobis]
742 2811 804 2843 See
822 2810 838 2855 ξ
860 2812 937 2844 134.

232 2857 245 2875 5
266 2857 336 2889 Per
352 2854 512 2902 eundem]
540 2857 594 2889 Ad
613 2856 769 2899 cundem,
790 2857 837 2890 H.

233 2903 246 2922 ⁶
269 2902 430 2947 Protuli]
455 2902 641 2946 Proferens,
664 2903 710 2936 H.
760 2903 799 2937 In
821 2903 864 2936 Β.
884 2903 950 2937 this
970 2903 1059 2937 word
1078 2904 1105 2938 is
1124 2906 1255 2939 written
1274 2917 1315 2939 on
1334 2919 1376 2940 an
1394 2918 1539 2943 erasure.
