1839 3186
173 166 256 204 120
693 171 924 203 LIBELLUS
961 171 1025 202 DE
1061 170 1177 202 VITA

173 282 316 318 menta
332 292 472 318 earum
495 277 755 326 exstiterant,
776 276 886 331 quod
912 280 1150 317 contactum
1172 290 1255 330 prae
1278 273 1339 316 sui
1362 273 1534 315 mollitie
1560 271 1710 314 admit-

175 350 262 385 tere
293 359 375 385 non
397 344 604 385 valebant.
676 347 704 365 ‘⁶
728 343 785 385 Et
807 347 854 384 ut
877 343 927 383 de
954 343 1039 392 re,”
1074 342 1221 396 inquit,
1256 345 1281 363 “
1303 340 1502 381 indicibili
1534 339 1711 380 dixerim

178 410 254 451 tibi
276 410 444 465 aliquid,
467 410 576 465 quod
598 425 759 464 quoquo
778 409 901 450 modo
924 409 1087 450 illarum
1110 408 1336 450 similitudo
1360 406 1488 463 possit
1522 405 1708 460 intelligi,

180 483 268 518 erat
287 477 450 518 illarum
471 476 603 532 figura
625 477 739 530 quasi
770 476 931 517 testulae
954 476 1019 517 ovi
1041 475 1210 516 interior
1231 475 1326 525 tela,
1351 489 1443 528 quae
1466 472 1710 528 quandoque

179 544 408 599 unguinum
440 543 715 599 praeacumine
743 543 814 584 vix
847 558 932 597 prae
962 542 1023 583 sui
1045 541 1322 582 teneritudine
1354 543 1404 581 de
1433 540 1586 582 testula
1617 554 1712 579 con-

183 610 317 652 fracta
338 611 546 666 expilatur
568 626 660 651 cum
683 610 862 664 quadam
884 609 984 650 artis
1004 608 1191 663 ingenuae
1214 606 1448 649 1le11itate.”

184 904 273 929 CAP.
309 904 360 928 LI.
435 903 638 932 QUALITER
682 904 851 929 BRUTUM
904 903 1069 928 ANIMAL
1110 903 1240 928 ILLIUS
1284 903 1599 928 OBTEMPERAVIT
1649 903 1715 927 IM-

243 970 381 1004 PERns,
429 971 477 995 ET
523 970 680 995 saMPER
710 971 828 996 Hoais
859 970 1191 995 COMPETENTiBus
1223 970 1277 994 AD
1308 970 1460 995 PASCUA
1495 970 1638 995 EXIVIT
1669 970 1718 994 ET

244 1021 420 1062 RED11T.‘⁴''

246 1139 385 1191 §lla
420 1139 590 1180 EXINDE
625 1152 722 1179 vero
756 1137 937 1178 Domino
975 1152 1135 1192 semper
1173 1137 1363 1179 devotius
1394 1135 1642 1184 deservivit3
1675 1140 1717 1176 et

187 1206 467 1247 beatissimam
505 1205 585 1245 Dei
621 1204 874 1245 Genitricem
905 1204 1182 1259 interpellans,
1215 1204 1321 1245 sicut
1344 1203 1379 1244 ei
1413 1202 1641 1258 3promisit,
1675 1202 1717 1242 in

188 1272 300 1313 omni
330 1287 519 1327 pressura
539 1287 631 1326 quae
658 1286 752 1312 eum
774 1271 1061 1318 circumdedit,
1084 1271 1142 1311 illi
1163 1270 1466 1325 promptissime
1503 1269 1718 1310 subvenire

189 1337 205 1359 4
219 1339 516 1394 comprobavit.
580 1337 719 1379 Multo
736 1343 921 1392 tempore
946 1337 1003 1379 sic
1026 1337 1205 1379 solitarie
1227 1342 1387 1386 exacto,
1410 1336 1580 1377 tandem
1610 1350 1718 1376 com-

189 1405 438 1462 pellentibus
466 1405 622 1455 amicis,
661 1405 839 1458 aliquem
862 1404 1053 1459 suscepit,
1087 1404 1155 1458 qui
1174 1403 1210 1444 ei
1233 1403 1467 1453 deserviret,
1492 1407 1533 1443 et
1556 1400 1642 1457 ejus
1662 1401 1720 1443 rei

191 1472 365 1526 publicae
391 1471 693 1527 diligentiorem
710 1471 939 1512 custodiam
961 1471 1189 1511 adhiberet.
1261 1469 1370 1510 Nam
1391 1474 1608 1524 tantopere
1629 1484 1722 1509 ora-

243 1583 251 1601 ¹
272 1581 458 1628 Lemmata]
488 1582 509 1599 ‘⁴
523 1581 600 1614 Jam
620 1581 714 1626 quasi
733 1580 832 1613 unius
849 1580 940 1613 horae
958 1580 1103 1625 spatium
1122 1579 1184 1613 sub
1210 1579 1273 1612 hac
1292 1579 1420 1612 risione
1438 1579 1625 1621 transierat,
1644 1590 1721 1611 cum

194 1629 299 1662 altera
313 1629 479 1673 virginum
495 1639 569 1673 quae
583 1628 624 1660 ad
638 1627 791 1660 dextram
804 1626 914 1660 stabat
931 1626 1056 1670 altaris,
1068 1626 1232 1671 processit
1249 1626 1291 1659 ad
1303 1625 1546 1659 occidentalem
1560 1625 1721 1669 angulum

194 1676 298 1721 partis
317 1675 480 1718 ejusdem,
500 1681 532 1707 et
549 1674 677 1719 reliqua
695 1673 850 1707 similiter
875 1673 917 1706 ad
943 1673 1128 1706 sinistrum.
1179 1673 1295 1705 Stante
1320 1684 1397 1715 una,
1417 1672 1527 1705 stabat
1545 1678 1577 1704 et
1595 1671 1722 1713 altera,

195 1722 370 1767 gradiente
384 1733 461 1764 una,
474 1720 688 1765 gradiebatur
702 1727 734 1753 et
748 1719 862 1753 altera.
902 1719 957 1753 Ad
972 1719 1158 1752 Godrieum
1170 1719 1314 1763 denique
1332 1724 1557 1760 accesserunt,
1576 1724 1607 1751 et
1622 1729 1722 1763 super

197 1781 272 1801 eum
293 1774 420 1801 stantes
439 1767 635 1812 aliquandiu
653 1772 842 1799 tacuerunt.
868 1766 964 1799 Tunc
983 1765 1051 1808 illa,
1070 1777 1146 1810 quae
1165 1777 1184 1798 a
1203 1765 1330 1798 dextris
1348 1771 1429 1808 erat,
1448 1776 1524 1798 eum
1543 1764 1654 1798 taliter
1672 1770 1723 1797 est

199 1816 300 1848 effata
317 1827 323 1849 :
351 1817 360 1833 ί
376 1814 556 1858 Numquid
573 1825 639 1857 me,
659 1813 817 1856 Godrice,
836 1813 1010 1856 cognoscis
1022 1812 1048 1845 2⁷
1101 1812 1144 1845 Et
1163 1811 1218 1845 ille
1236 1824 1242 1845 :
1270 1816 1279 1830 ‘
1295 1812 1371 1845 Hoc
1400 1823 1500 1844 nenio
1517 1817 1638 1856 potest,
1657 1811 1722 1844 nisi

199 1862 253 1895 cui
272 1869 308 1894 tu
328 1861 471 1894 volueris
488 1860 659 1893 revelare?
711 1860 756 1892 Et
774 1859 831 1892 illa
847 1870 854 1892 :
883 1862 890 1877 ⁶
906 1859 1029 1900 Bene,'
1054 1858 1174 1903 inquit,
1193 1860 1201 1876 ζ
1217 1858 1346 1901 dixisti,
1365 1858 1454 1903 quod
1471 1864 1578 1890 mater
1597 1857 1723 1891 Christi

201 1920 289 1949 sum,
303 1913 335 1940 et
352 1919 411 1952 per
436 1919 490 1940 nie
518 1907 629 1951 Ipsius
646 1906 788 1951 granam
807 1906 986 1939 obtinebis.
1038 1905 1109 1938 Ista
1127 1917 1203 1938 vero
1221 1911 1271 1937 est
1290 1904 1529 1950 Apostolorum
1548 1904 1725 1949 Apostola,

202 1954 314 1988 Maria
332 1953 546 1998 Magdalene.
598 1953 674 1986 Nos
697 1952 758 1985 tibi
785 1952 1081 1997 patrocinabiniur,
1106 1957 1139 1984 et
1162 1951 1320 1984 solatium
1346 1951 1380 1984 in
1399 1951 1489 1983 omni
1508 1950 1725 1983 tribulatione

200 2000 459 2046 praestabimus!
509 1999 572 2032 Ille
601 1999 744 2044 pedibus
762 1998 914 2043 Virginis
938 1997 1115 2030 advolutus
1131 2010 1136 2031 :
1165 1999 1173 2015 ζ
1189 1997 1266 2030 Tibi
1296 1997 1374 2040 nie,’
1403 1997 1522 2041 inquit,
1554 1998 1561 2014 ‘
1578 1996 1725 2030 Domina

202 2059 290 2088 mea,
305 2047 492 2087 committo,
506 2052 544 2078 ut
557 2057 612 2078 nie
628 2051 790 2090 perpetuo
808 2045 975 2078 custodire
994 2044 1166 2089 digneris.’
1218 2044 1313 2076 Tunc
1331 2050 1472 2087 utraque
1489 2055 1609 2076 manus
1628 2055 1727 2088 super

204 2099 306 2138 caput
323 2093 414 2126 illius
433 2092 599 2137 apposuit,
612 2098 645 2124 et
659 2091 830 2124 caesariem
849 2090 1111 2136 complanantes,
1131 2090 1268 2123 domum
1286 2090 1387 2123 odore
1401 2089 1561 2123 dulcifluo
1580 2090 1727 2135 eomple-

204 2144 335 2173 verunt.
386 2138 468 2172 Post
489 2138 562 2171 haec
592 2138 657 2171 Dei
684 2138 842 2171 Genitrix
870 2137 1039 2171 canticum
1066 2136 1234 2181 quoddam
1265 2148 1376 2169 coram
1402 2136 1471 2180 illo,
1498 2136 1592 2181 quasi
1619 2148 1732 2169 coram

204 2197 308 2231 puero
335 2185 496 2228 discente,
522 2184 665 2217 mirifica
690 2184 920 2217 modulatione
944 2184 1142 2229 praecinivit,
1169 2189 1202 2216 et
1227 2183 1337 2228 ipsum
1364 2189 1498 2216 cantare
1522 2183 1733 2228 pr‘aedocuit3

207 2232 297 2277 quod
316 2238 348 2265 et
365 2232 437 2276 ipse
455 2237 571 2276 postea
596 2231 787 2275 frequenter
812 2231 945 2273 cecinit,
965 2236 997 2263 et
1014 2230 1186 2262 memoriae
1204 2229 1345 2262 firmiter
1362 2229 1621 2263 commendarit.
1669 2229 1732 2263 Est

208 2285 321 2312 autern
348 2278 518 2311 canticum
544 2277 628 2311 illud
655 2277 825 2310 idiomatis
843 2277 979 2321 Anglici
1006 2276 1239 2321 rythmiceque
1264 2276 1514 2321 compositum3
1540 2281 1650 2321 potest
1667 2276 1731 2309 hoc

208 2325 309 2358 modo
327 2324 497 2357 transferri
515 2337 521 2359 :
550 2326 558 2342 ‘
578 2324 701 2357 Sancta
728 2323 838 2356 Maria
857 2323 974 2367 Virgo,
999 2331 1106 2355 mater
1124 2323 1145 2355 J
1149 2335 1207 2355 esu
1227 2322 1353 2356 Christi
1380 2323 1560 2365 Nazareni,
1579 2322 1731 2366 admitte,

208 2377 356 2416 protege,
386 2370 508 2414 adjura
534 2377 631 2403 tuum
650 2370 847 2413 Godricum,
866 2370 1010 2414 suscipe,
1040 2369 1150 2402 adduc
1179 2369 1246 2402 cito
1272 2375 1385 2402 tecum
1413 2369 1447 2402 in
1478 2368 1542 2401 Dei
1571 2370 1735 2413 regnum?

210 2418 376 2462 Praecepit
394 2417 528 2461 quidem
548 2424 584 2449 ut
603 2417 734 2461 quoties
753 2416 870 2460 dolori,
885 2416 936 2449 vel
955 2416 1067 2459 taedio,
1088 2415 1139 2448 vel
1157 2416 1368 2460 temptationi
1384 2415 1602 2448 succumbere
1618 2416 1735 2448 formi-

211 2464 315 2508 daret,
334 2464 397 2497 hoc
415 2475 451 2496 se
469 2463 599 2496 cantico
618 2463 791 2505 solaretur,
811 2469 843 2495 et
861 2463 907 2495 ait
924 2475 929 2496 :
958 2464 965 2480 ί
980 2462 1123 2504 Quando
1141 2462 1189 2495 sic
1206 2474 1261 2494 ine
1278 2462 1461 2505 invocabis,
1479 2473 1591 2494 meum
1611 2462 1736 2495 senties

211 2511 375 2544 instanter
393 2509 583 2543 auxilium!
625 2510 709 2542 Haec
728 2509 854 2551 dicens,
873 2510 1004 2553 signum
1026 2508 1144 2542 Crucis
1170 2520 1260 2553 saepe
1278 2509 1347 2541 suis
1367 2508 1523 2541 manibus
1541 2508 1643 2552 capiti
1662 2510 1735 2551 ejus

211 2557 393 2602 impressit,
413 2562 446 2589 et
463 2556 567 2589 altera
592 2555 680 2588 idem
700 2555 789 2588 fecit.
840 2555 922 2588 Post
946 2555 1030 2598 liaec,
1049 2555 1161 2588 onmia
1187 2555 1277 2587 illius
1301 2554 1551 2597 benedicentes,
1570 2554 1642 2599 ipso
1668 2566 1739 2587 eer-

213 2609 325 2646 nente,
338 2604 371 2636 in
390 2603 457 2636 alta
471 2602 712 2645 conscendunt,
725 2607 758 2634 et
771 2602 819 2634 sic
831 2602 992 2646 paulatim
1007 2601 1164 2634 humanis
1179 2601 1305 2634 visibus
1320 2600 1560 2634 subtmhuntur
1576 2613 1583 2641 ;
1602 2600 1738 2634 odorem

213 2650 260 2683 ibi
288 2649 526 2682 suavissimum
555 2655 587 2681 et
605 2648 903 2692 incomparabilem
931 2647 1169 2692 relinquentes.
1219 2647 1295 2680 Hoc
1324 2647 1407 2680 milii
1436 2659 1496 2679 suo
1522 2646 1665 2691 ipsemet
1683 2658 1739 2679 ore

214 2696 372 2739 narravit,
392 2702 425 2728 et
442 2695 611 2728 canticum
630 2694 713 2727 illud
732 2706 820 2739 saepe
837 2694 985 2727 lacrimis
1003 2694 1205 2727 decantavit.
1257 2694 1342 2726 Cum
1362 2705 1437 2726 vero
1457 2693 1497 2726 de
1515 2693 1645 2726 illarum
1665 2704 1739 2726 res-

215 2742 306 2776 tibus
324 2742 552 2786 inquisissem,
572 2741 659 2774 dixit
678 2752 733 2773 eas
751 2746 855 2773 tantae
873 2740 1070 2773 subtilitatis
1088 2740 1203 2783 fuisse,
1222 2740 1309 2784 quod
1328 2739 1474 2772 hominis
1492 2745 1618 2772 tactum
1638 2739 1739 2773 susti-

214 2800 293 2821 nere
309 2800 375 2821 non
394 2787 564 2833 possent.⁷'
589 2788 700 2821 Anon.
719 2786 813 2820 Harl.
833 2786 981 2831 Legend.

262 2836 275 2853 ²
299 2835 338 2868 ln
356 2834 413 2867 the
433 2834 528 2868 Harl.
547 2834 622 2868 MS.
642 2833 778 2878 chapter
797 2833 835 2866 L.
1118 2834 1129 2852 ³
1150 2833 1336 2879 Promisit]
1361 2832 1377 2877 ξ
1399 2834 1475 2866 111.

261 2882 272 2900 ⁴
295 2880 554 2926 Comprobavit]
579 2880 660 2913 Non
680 2879 790 2923 desiit,
813 2879 860 2913 H.
