1839 3186
649 197 707 229 To
739 197 835 228 THE
872 196 1100 229 PREFAGE.
1538 191 1643 232 xxix

1450 312 1646 335 CAPITULUM

113 350 302 403 Qualiter
324 350 376 392 sit
397 366 422 391 a
444 349 591 405 spiritu
623 349 906 391 fornic-ationis
938 355 1182 406 temptatus,
1206 357 1247 393 et
1270 352 1447 406 qualiter

169 417 449 467 aedificaverit,
474 422 515 458 et
538 415 770 473 eujusmodi
793 417 931 458 eibum
954 419 1189 473 sumpserit,
1214 424 1254 460 et
1277 435 1445 474 quomo-

169 484 221 525 do
244 484 469 526 comederit
571 517 580 526 .
785 519 794 528 .
1003 517 1011 526 .
1220 519 1228 527 .
1435 523 1442 531 .
1556 488 1644 545 xiiij

112 551 328 604 Quomodo
343 550 536 607 jacuerit,
562 550 788 601 dormierit,
807 551 1072 602 laboraverit,
1090 557 1131 594 et
1154 553 1331 607 qualiter
1348 570 1443 596 noc—

168 618 280 660 tibus
302 619 343 660 in
365 618 490 660 fluvio
513 618 676 659 steterit
786 651 794 659 .
1002 653 1009 660 .
1218 653 1226 661 .
1436 656 1443 664 .
1589 639 1645 666 XV

111 685 328 738 Quomodo
335 685 462 742 juxta
477 686 615 741 ignem
633 685 685 726 sit
701 685 996 741 colaphizatus,
1014 692 1054 727 et
1072 687 1170 741 quid
1189 692 1333 729 eontra
1349 689 1443 730 libi-

168 752 306 794 dinem
322 753 479 803 fecerit,
496 758 536 794 et
553 752 731 806 qualiter
748 768 843 794 eum
861 753 1049 795 diabolus
1067 760 1240 797 cantans
1262 755 1451 798 deriserit
1573 758 1642 815 xxj

110 820 211 873 Quae
238 820 426 862 diabolus
451 818 669 875 proficerit
692 835 814 875 super
839 830 1041 871 orantem,
1066 827 1106 863 et
1130 822 1308 877 qualiter
1329 839 1353 865 a
1376 824 1443 866 si]-

167 887 372 929 vestribus
392 888 488 929 feris
509 888 676 928 hortum
697 887 934 929 liberaverit
997 922 1005 929 .
1215 923 1224 932 .
1432 925 1439 933 .
1557 892 1643 950 xvij

110 954 327 1007 Quomodo
349 955 471 996 nudis
500 954 674 1009 pedibus
698 954 985 1006 ambulaverit,
1014 955 1064 997 de
1096 972 1223 1011 puero
1247 973 1368 1012 quem
1391 959 1442 1000 de

167 1036 236 1062 ore
259 1021 444 1062 crucifixi
467 1021 572 1063 vidit
595 1022 721 1071 exire,
747 1027 787 1062 et
811 1021 861 1062 de
884 1024 1087 1064 statuario
1213 1058 1223 1068 .
1431 1060 1439 1068 .
1540 1028 1641 1085 xviij

110 1088 327 1141 Quomodo
341 1089 451 1130 fures
470 1088 696 1130 erraverint
714 1093 804 1129 tota
820 1094 954 1139 nocte,
976 1096 1017 1131 et
1035 1091 1212 1144 qualiter
1230 1092 1440 1135 diabolum

168 1155 218 1196 de
241 1171 335 1211 sepe
356 1155 576 1211 fugaverit,
596 1160 637 1196 et
661 1155 866 1210 quomodo
889 1156 1035 1198 cellam
1057 1155 1207 1200 fluvius
1229 1161 1383 1201 texerit
1438 1195 1446 1202 .
1571 1163 1644 1204 xix

110 1222 325 1275 Quantum
347 1223 535 1264 diabolus
562 1222 604 1263 in
625 1223 753 1278 ipsius
777 1223 898 1264 horto
927 1224 1041 1266 brevi
1063 1230 1250 1280 tempore
1277 1227 1440 1278 foderit,

167 1294 208 1330 et
231 1290 407 1344 qualiter
427 1290 549 1331 horas
572 1291 789 1332 canonicas
811 1291 1105 1343 observaverit,
1125 1298 1165 1334 et
1184 1293 1442 1337 tintinnabu-

166 1356 267 1406 lum,
291 1357 402 1398 nullo
425 1362 636 1412 tangente,
662 1358 845 1399 sonuerit
996 1391 1004 1399 .
1215 1394 1223 1401 .
1433 1396 1440 1404 .
1584 1380 1643 1407 ΧΧ

110 1424 327 1476 Quomodo
363 1423 535 1465 fluvium
566 1424 838 1466 inundantem
871 1426 1083 1477 averterit,
1111 1432 1152 1468 et
1177 1428 1354 1482 qualiter
1384 1431 1444 1471 in-

165 1492 342 1532 undanti
363 1490 487 1533 fluvio
509 1492 685 1533 limitem
704 1492 900 1547 posuerit,
919 1498 959 1534 et
978 1495 1183 1547 quomodo
1208 1495 1321 1543 Sooti
1339 1513 1442 1552 pree-

166 1558 293 1600 dones
314 1559 371 1600 ibi
393 1558 601 1613 perierunt
784 1592 791 1599 .
998 1593 1005 1601 .
1215 1595 1222 1603 .
1430 1598 1437 1605 .
1568 1566 1641 1624 xxj

109 1624 174 1666 De
203 1626 349 1680 puellis
382 1626 543 1668 duabus
575 1640 676 1679 quas
707 1625 824 1677 vidit,
857 1632 898 1668 et
932 1627 982 1669 de
1016 1629 1177 1671 cantico
1215 1630 1323 1684 quod
1361 1631 1441 1673 Dei

169 1692 362 1733 Genitrix
385 1708 479 1733 eum
502 1693 642 1734 docuit
782 1726 790 1734 .
998 1728 1005 1736 .
1212 1729 1220 1737 .
1428 1732 1436 1740 .
1551 1701 1639 1758 xxij

110 1758 326 1811 Quomodo
348 1775 474 1800 vacca
505 1775 577 1814 per
599 1775 641 1800 se
673 1759 767 1800 ierit
792 1766 917 1815 atque
951 1761 1133 1813 redierit,
1164 1769 1205 1805 et
1235 1766 1440 1818 quomodo

166 1841 341 1880 puerum
362 1827 470 1867 inter
492 1842 645 1868 cornua
666 1828 896 1881 portaverit
998 1861 1006 1870 .
1214 1863 1223 1871 .
1432 1867 1440 1874 .
1535 1835 1639 1892 xxiij

109 1892 174 1933 De
207 1893 368 1934 duobus
399 1894 664 1943 salmonibus,
688 1899 729 1934 et
763 1894 812 1936 de
845 1895 1032 1950 cognatis
1063 1896 1191 1951 ipsius
1223 1898 1291 1953 qui
1314 1915 1437 1941 vene-

165 1965 263 2001 runt
284 1960 338 2001 ad
360 1976 454 2001 eum
564 1995 572 2004 .
780 1993 787 2001 .
996 1995 1003 2002 .
1213 1998 1221 2005 .
1429 2001 1436 2009 .
1520 1969 1638 2026 xxiiij

108 2025 173 2067 De
194 2032 328 2068 morte
349 2026 495 2068 matris
517 2027 656 2082 ipsius,
681 2035 722 2068 et
745 2028 795 2069 de
817 2029 1001 2070 maximo
1025 2030 1208 2072 salmone
1432 2069 1441 2077 .
1553 2052 1641 2079 xxv

108 2093 324 2146 Quomodo
341 2094 491 2136 viderit
508 2094 803 2137 remotissimas
818 2096 1016 2152 regiones,
1035 2103 1075 2138 et
1094 2114 1216 2152 quam
1238 2099 1439 2143 laboriose

164 2161 343 2215 puellam
365 2161 626 2203 suscitaverit
648 2177 673 2203 a
694 2168 828 2203 morte
990 2197 998 2205 .
1205 2200 1213 2209 .
1423 2201 1431 2210 .
1535 2170 1636 2227 xxvj

106 2227 171 2269 De
196 2228 445 2278 obedientia,
469 2234 510 2269 et
532 2229 695 2269 silentio
718 2236 758 2270 et
781 2245 968 2271 sermone
992 2231 1133 2286 ipsius,
1158 2238 1199 2274 et
1223 2233 1273 2274 de
1298 2235 1437 2277 anima

162 2295 376 2337 familiaris
398 2295 433 2336 ei
455 2300 654 2337 matronae
678 2312 770 2350 quae
793 2297 851 2337 illi
873 2298 1066 2352 apparuit
1205 2334 1212 2343 .
1365 2356 1369 2358 Α
1422 2336 1431 2344 .
1516 2305 1636 2362 xxvij

106 2360 171 2402 De
192 2367 325 2402 morte
348 2362 496 2404 sororis
518 2377 613 2412 suae,
638 2368 678 2403 et
701 2363 751 2404 de
773 2364 902 2418 ipsius
921 2364 1048 2406 fratre
1071 2367 1298 2418 submerso,
1323 2374 1363 2410 et
1380 2370 1438 2412 le-

161 2444 261 2483 pore
282 2429 350 2483 qui
372 2429 483 2470 olera
504 2430 692 2470 sumebat
777 2465 784 2473 .
992 2463 999 2471 .
1209 2467 1217 2475 .
1424 2471 1432 2478 .
1505 2438 1635 2495 xxviij

104 2494 169 2536 De
190 2500 323 2536 morte
338 2496 491 2550 Rogeri
515 2495 671 2538 Prioris
693 2497 1001 2549 Dunelmensis,
1021 2504 1061 2540 et
1079 2502 1285 2554 quomodo
1310 2504 1433 2545 Sanc-

161 2567 230 2603 tus
261 2562 292 2602 J
296 2562 478 2603 ohannes
513 2565 704 2618 apparuit
727 2564 776 2615 ei,
800 2570 841 2605 et
874 2565 924 2606 de
956 2580 1075 2608 cruce
1107 2582 1197 2621 quae
1224 2568 1436 2612 deseendit

161 2644 282 2684 super
303 2629 434 2670 altare
788 2664 796 2672 .
1005 2665 1013 2673 .

102 2694 167 2736 De
198 2711 324 2750 puero
350 2711 471 2749 quem
497 2696 547 2737 de
572 2695 759 2738 crucifixi
790 2698 918 2739 latere
941 2698 1047 2740 vidit
1069 2700 1194 2757 egxire,
1219 2707 1260 2742 et
1284 2703 1334 2743 de
1356 2704 1432 2744 sal-

158 2777 278 2803 mone
300 2763 456 2817 optimo
477 2764 545 2817 qui
566 2769 711 2818 captus
734 2769 807 2814 est,
830 2763 955 2806 fluvio
969 2764 1059 2820 jam
1082 2773 1225 2808 arente
1423 2803 1430 2811 .
1543 2788 1633 2813 ΧΧΧ

102 2828 288 2880 Qualiter
310 2844 350 2870 se
374 2829 561 2871 diabolus
583 2830 828 2871 heremitam
856 2832 1124 2882 simulaverit,
1150 2839 1190 2874 et
1215 2835 1264 2875 de
1294 2835 1430 2878 incen—

159 2894 225 2935 dio
249 2895 395 2936 domus
559 2929 566 2936 .
774 2931 782 2938 .
990 2932 997 2939 .
1205 2934 1211 2941 .
1417 2936 1423 2943 .
1526 2905 1630 2962 xxxj

1530 2639 1635 2680 xxix
