1839 3186
205 152 287 191 416
719 159 952 191 LIBELLUS
989 159 1052 190 DE
1089 159 1203 190 VITA

471 377 614 403 CXXXV.
647 377 698 402 DE
730 376 979 401 PARALYTICO
1012 376 1114 401 MIRO
1145 376 1256 401 MODO
1288 375 1457 401 SANATO.

265 462 409 516 §503
448 460 579 502 Amos
621 459 788 514 quidam
829 458 880 499 de
917 458 1155 500 Clivelande
1197 464 1333 510 natus,
1377 459 1631 515 paralyticus
1673 464 1735 501 est

205 528 387 578 effectus,
421 527 613 581 omnique
648 526 927 566 membrorum
959 524 1090 565 officio
1123 525 1361 567 destitutus.
1438 525 1572 578 Quem
1602 530 1737 567 mater

205 609 279 635 sua
299 609 403 648 equo
422 593 661 648 impositum
683 592 737 633 ad
761 591 962 632 Sanctum
984 590 1064 632 Dei
1085 591 1280 645 perduxit
1300 609 1309 639 3
1349 591 1420 633 sed
1440 607 1514 632 nec
1532 592 1603 632 diu
1624 598 1735 647 post—

205 676 328 715 quam
358 660 435 702 viri
467 659 547 700 Dei
584 659 845 714 sepulchrum
883 657 1126 711 contigerat,
1165 658 1386 698 sanitatem
1417 659 1614 713 percepit.
1685 658 1735 699 In

206 727 383 768 crastino
406 726 662 782 profecturus
684 739 802 765 versa
823 723 911 764 vioe
933 728 1111 764 matrem
1143 738 1259 764 suam
1291 739 1394 778 equo
1427 724 1670 779 composuit,
1694 730 1735 765 et

205 793 378 848 pedibus
398 806 607 847 regressus
637 790 751 832 illam
773 805 862 844 quae
885 790 1019 844 ipsum
1050 790 1147 830 illuc
1169 789 1211 830 in
1233 805 1336 844 equo
1357 790 1621 845 perduxerat,
1648 790 1735 846 ipse

206 874 328 901 sanus
351 859 520 900 domum
541 857 781 899 reducebat.

564 990 770 1043 §cxxxvn
811 1004 862 1028 DE
892 1003 1159 1028 OPPILATIONE
1189 1003 1387 1028 PECTORIS.

265 1091 287 1145 ᾗ
319 1092 416 1131 504.
450 1089 624 1141 QUJDAM
657 1089 707 1129 de
740 1087 964 1129 Beverlaco
998 1103 1070 1142 per
1106 1087 1193 1129 dies
1226 1087 1381 1128 multos
1411 1087 1524 1142 gravi
1559 1087 1735 1142 pectoris

205 1157 456 1212 oppilatione
475 1155 596 1196 simul
616 1170 708 1196 curn
732 1154 870 1195 dolore
890 1154 1129 1209 aegrotando
1152 1153 1338 1208 deperiit,
1361 1154 1422 1194 ita
1442 1158 1488 1194 ut
1508 1169 1591 1208 prae
1607 1154 1734 1194 nimio

205 1224 345 1265 labore
376 1237 418 1264 se
449 1227 616 1262 arcente
638 1221 691 1262 ad
722 1226 876 1262 terram
905 1235 947 1262 se
972 1220 1209 1261 nullatenus
1230 1219 1466 1261 inclinando
1488 1235 1733 1275 procurvare

205 1290 434 1345 praevaluit.
506 1288 587 1340 Qui
608 1288 705 1328 illuc
725 1302 808 1328 una
829 1302 923 1327 cum
944 1302 1074 1327 uxore
1102 1302 1176 1328 sua
1206 1287 1406 1341 pervenit,
1430 1291 1472 1327 et
1503 1286 1635 1327 sancti
1659 1286 1734 1328 viri

204 1356 362 1397 meritis
397 1354 560 1396 liberari
598 1353 851 1409 promeruit3
890 1353 1114 1407 eodemque
1154 1353 1219 1393 die
1258 1368 1337 1407 quo
1373 1352 1598 1394 advenerat
1637 1352 1732 1402 illic,

204 1437 326 1464 sanus
357 1436 450 1462 cum
480 1421 569 1462 aliis
594 1421 773 1461 ecclesiae
794 1420 1066 1460 fundamenta
1086 1419 1284 1472 fodiebat,
1307 1423 1349 1460 et
1377 1419 1432 1460 ad
1452 1433 1554 1473 opus
1578 1418 1734 1474 lapides

206 1494 247 1530 et
268 1503 411 1530 arenas
433 1487 620 1529 similiter
641 1486 943 1541 comportabat.

707 1632 880 1657 CXXXVII.
916 1631 968 1655 DE
1001 1630 1233 1656 MONOCULA.

275 1721 296 1775 ξ,
320 1721 416 1761 505.
451 1718 573 1758 F1L1A
607 1714 774 1757 Radulfi
805 1719 1077 1770 cognomento
1107 1714 1277 1764 Felaue‚
1299 1713 1405 1755 servi
1428 1711 1629 1762 Odenelli‚
1653 1727 1734 1753 uno

205 1787 323 1827 oculo
348 1800 467 1835 caeca,
484 1788 619 1825 matre
641 1783 831 1832 ducente,
855 1781 908 1822 ad
933 1781 1009 1822 viri
1032 1781 1112 1821 Dei
1135 1781 1397 1835 sepulchrum
1419 1783 1481 1820 est
1502 1778 1730 1833 perducta3

205 1853 277 1894 sed
308 1852 364 1893 ibi
397 1856 458 1893 est
488 1851 616 1905 ipsius
645 1848 804 1890 meritis
835 1847 1081 1889 illuminata.
1153 1847 1280 1902 Cujus
1307 1851 1426 1902 pater
1456 1849 1548 1899 post
1579 1859 1733 1886 annum

205 1919 274 1959 illo
295 1919 450 1974 gratias
480 1917 684 1959 relaturus
715 1915 897 1964 advenit,
921 1913 1129 1967 filiamque
1154 1928 1268 1955 suam
1295 1914 1347 1954 ab
1372 1911 1483 1953 omni
1503 1912 1595 1952 labe
1618 1911 1732 1952 caeci-

204 1986 302 2027 tatis
323 1985 489 2026 omnino
509 1983 727 2024 liberatam
748 1981 936 2023 asseruit.

646 2128 838 2155 CXXXVIII.
875 2128 926 2152 DE
957 2126 1098 2153 GUTTAE
1129 2125 1312 2151 INSANIA.

265 2216 409 2271 §506
445 2214 618 2254 MULIER
654 2210 843 2265 quaedam
880 2209 979 2249 dum
1017 2223 1171 2262 panum
1207 2213 1383 2248 cocturae
1422 2207 1533 2248 domi
1571 2207 1733 2249 avidius

205 2281 397 2330 intendit,
422 2278 558 2321 subito
579 2277 694 2331 quasi
724 2276 828 2317 falce
860 2279 1069 2329 praeacuta
1090 2289 1162 2328 per
1182 2274 1366 2314 medium
1390 2274 1569 2329 pectoris
1600 2280 1732 2316 trans-

205 2348 300 2399 fixa,
326 2347 464 2388 dolore
493 2346 700 2398 insperato
728 2347 913 2396 tempore
944 2340 1154 2393 aliquanto
1183 2340 1378 2394 elanguit.
1440 2340 1541 2392 Quae
1562 2346 1608 2381 ut
1636 2341 1732 2382 111110

205 2415 417 2470 perducta⁷
435 2411 511 2453 viri
529 2410 608 2451 Dei
630 2409 891 2464 sepulchrum
908 2407 1144 2461 contingere
1164 2407 1327 2456 meruit,
1346 2421 1446 2447 inox
1463 2407 1574 2448 omni
1594 2407 1732 2447 dolore

205 2496 299 2522 cum
321 2480 391 2520 illa
411 2483 525 2533 peste
547 2477 704 2531 fugatO,
729 2473 949 2516 sanitatem
977 2472 1173 2527 percepit,
1197 2477 1238 2512 et
1266 2472 1386 2513 fratri
1414 2472 1497 2514 illic
1519 2473 1685 2528 degenti
1707 2488 1732 2514 a

206 2563 287 2602 qua
310 2544 554 2602 aegritudine
577 2543 753 2584 liberata
773 2539 930 2589 fuisset,
957 2538 1179 2579 enarravit.

361 2689 516 2715 CXXXIX.
551 2688 601 2713 DE
632 2686 776 2712 GRESSU
808 2685 990 2711 CARENTE
1021 2685 1065 2709 IN
1096 2684 1223 2710 CARRO
1253 2684 1343 2709 ILLO
1374 2685 1568 2711 DEVECTA.

264 2772 406 2828 §50ss
444 2770 557 2811 ALIA
581 2770 769 2824 quaedam
802 2767 852 2808 de
886 2767 1040 2809 Tresch
1064 2767 1196 2808 multo
1226 2766 1363 2808 dolore
1394 2782 1442 2808 ac
1473 2772 1634 2808 tumore
1662 2767 1729 2808 de-

204 2855 353 2897 pressa,
377 2853 449 2893 per
470 2837 647 2877 multum
669 2834 865 2890 temporis
887 2834 997 2874 omni
1020 2833 1173 2888 pedum
1195 2833 1356 2875 incessu
1380 2833 1514 2875 fuerat
1539 2834 1726 2889 privata;
