1839 3186
524 221 584 252 ET
618 220 885 254 MIRACULIS
921 222 956 253 s.
984 221 1198 254 00011101.
1549 209 1632 255 247

93 323 376 378 subsequentis
406 322 613 365 miseriam
650 338 724 378 ego
751 323 793 364 in
815 323 1062 378 quibusdam
1090 329 1278 366 nostrum
1309 325 1624 367 subsecuturam

92 390 317 439 considero,
341 394 383 431 et
405 390 455 431 de
478 390 558 431 Dei
573 389 745 445 judiciis
765 390 989 444 plurimum
1011 390 1129 432 nobis
1155 391 1443 445 pertiinesco.''
1505 391 1623 433 Allo-

95 471 302 511 quensque
320 456 468 498 fratres
488 456 591 506 illos,
614 457 687 507 ait,
713 455 740 477 ‘⁶
758 456 867 507 Filii,
883 456 938 496 ad
960 456 1188 498 Dominum
1205 457 1343 498 Deum
1363 473 1486 511 quam
1503 458 1624 499 citius

93 522 392 573 convertimini,
416 527 458 563 et
488 526 535 564 ut
557 521 662 578 Ejus
691 522 753 564 ira
782 537 807 563 a
828 522 945 563 nobis
975 528 1191 564 avertatur
1219 523 1455 573 instantius,
1482 539 1619 578 queso,

91 604 205 630 more
240 589 361 630 solito
397 589 685 643 deprecemini.
747 588 869 638 Nam,
900 603 1008 639 ecce,
1037 604 1161 643 quam
1191 590 1347 631 alacres
1378 595 1419 630 et
1446 587 1621 644 jocundi

92 654 215 696 modo
237 655 385 710 singuli
404 655 676 705 consistimus,
701 655 773 697 sed
792 659 1012 710 postquam
1033 656 1086 697 ab
1108 655 1284 697 invicem
1306 655 1476 711 digressi
1497 656 1619 697 fueri-

93 735 197 771 mus,
223 737 434 776 nunquam
464 737 539 765 nos
569 722 746 777 amplius
775 722 817 762 in
845 726 959 762 statu
980 721 1126 763 eodem
1149 722 1371 778 religionis,
1396 737 1475 776 quo
1497 722 1621 763 modo

94 787 367 838 subsistimus,
391 803 464 830 nos
495 787 538 829 in
558 788 646 830 vita
680 788 873 843 praesenti
895 787 1021 829 visuri
1055 803 1209 831 sumus,
1282 789 1443 844 Nempe
1471 789 1622 829 multo-

92 869 185 895 rum
221 855 454 896 animorum
488 859 623 896 status
658 854 779 896 unius
810 854 1011 895 momenti
1047 869 1164 896 casus
1200 855 1337 896 subito
1374 855 1548 906 subruit,
1579 860 1621 896 et

94 921 382 975 temptationis
412 936 514 962 aura
544 921 697 962 multos
734 935 786 962 ex
822 921 1030 975 insperato
1053 921 1284 970 subvertit;
1320 921 1488 975 quidam
1511 922 1622 962 enim

93 987 217 1042 longo
255 992 441 1042 tempore
479 987 803 1042 temptationum
846 987 997 1041 probra
1044 988 1245 1029 sustinere
1288 987 1509 1037 sufficiunt,
1552 988 1622 1028 alii

95 1068 192 1095 vero
252 1054 464 1108 repentino
516 1053 676 1108 impetu
733 1053 870 1094 subito
923 1053 1145 1094 concidunt
1168 1071 1179 1102 ;
1243 1059 1285 1095 et
1341 1069 1469 1109 parvo
1517 1059 1622 1094 tem-

94 1134 192 1174 pore
232 1120 576 1174 temptationibus
620 1120 860 1169 reluctatur,
895 1119 964 1173 qui
1008 1119 1050 1159 in
1092 1119 1252 1161 dimidii
1292 1121 1389 1161 anni
1434 1120 1566 1175 spatio
1597 1135 1623 1161 a

94 1185 226 1227 carnis
261 1186 464 1228 illecebris
504 1185 710 1228 enerviter
745 1185 1002 1240 superatur.''
1075 1185 1156 1227 His
1188 1186 1323 1237 dictis,
1366 1202 1435 1228 eos
1475 1186 1623 1241 saepius

94 1251 265 1307 vigilare
310 1257 353 1294 et
394 1267 510 1294 orare
555 1252 801 1307 praemonuit
822 1268 832 1300 ;
887 1256 929 1292 et
973 1266 1024 1292 ne
1063 1252 1106 1292 in
1149 1252 1493 1307 temptationibus
1533 1252 1623 1294 illos

94 1317 234 1359 induci
257 1318 372 1360 Deus
402 1319 675 1374 permitteret,
698 1333 767 1360 eos
797 1317 1054 1374 frequentius
1085 1333 1345 1360 commonere
1377 1334 1459 1360 non
1484 1319 1620 1360 desiit.

95 1384 402 1427 Recedentibus
431 1385 603 1426 tandem
633 1383 725 1435 illis,
748 1389 795 1426 ut
823 1384 913 1426 dira
935 1384 1011 1425 viri
1038 1384 1119 1425 Dei
1149 1385 1350 1440 praesagia
1371 1385 1493 1427 citius
1513 1399 1622 1426 com-

92 1450 194 1506 pleri
209 1451 460 1502 debuissent,
477 1466 583 1493 unus
601 1466 891 1493 conversorum
908 1451 1071 1491 illorum
1087 1455 1184 1492 ante
1203 1452 1426 1493 terminum
1445 1452 1624 1506 quinque

93 1518 296 1559 mensium
320 1518 658 1573 subsequentium
679 1517 845 1559 adulter
865 1517 1048 1567 effectus,
1064 1518 1384 1572 comprehensus
1408 1523 1450 1559 et
1472 1518 1625 1560 ¹evira-

94 1588 162 1625 tus
200 1589 292 1633 est;
326 1585 432 1626 alter
461 1599 558 1626 vero
594 1599 735 1625 eorum
769 1583 878 1625 infra
917 1584 1008 1625 illos
1041 1598 1114 1625 sex
1153 1599 1314 1626 menses
1349 1584 1404 1625 ad
1441 1586 1625 1626 seculum

95 1650 231 1700 rediit,
270 1655 311 1692 et
343 1666 473 1692 uxore
510 1651 651 1700 ducta,
681 1650 891 1705 2religioni
930 1650 1096 1705 penitus
1132 1651 1459 1693 abrenunciavit.
1524 1651 1626 1704 Quae

94 1715 172 1757 viri
194 1716 274 1758 Dei
299 1717 502 1772 praedicta
531 1716 732 1772 praesagia
761 1717 861 1758 satis
890 1716 1096 1757 horrendo
1118 1716 1269 1758 effectu
1294 1717 1502 1771 completa
1522 1717 1625 1759 vidi-

93 1797 199 1832 mus,
221 1798 298 1824 nec
332 1784 375 1824 in
410 1788 523 1825 statu
545 1799 625 1838 quo
648 1798 786 1824 coram
809 1798 856 1824 eo
880 1782 1058 1833 fuerant,
1082 1797 1150 1824 eos
1184 1798 1367 1837 unquam
1389 1784 1431 1824 in
1456 1798 1625 1838 corpore

94 1850 334 1891 convenisse
355 1850 457 1891 satis
481 1849 683 1905 comperti
705 1864 845 1891 sumus
864 1867 874 1898 ς
908 1849 1018 1890 unde
1038 1853 1080 1890 et
1104 1849 1322 1904 prophetia
1342 1849 1506 1890 illorum
1530 1865 1625 1905 ope-

94 1914 208 1957 ribus
238 1916 444 1966 convenit,
467 1931 641 1970 quorum
673 1930 790 1957 casus
819 1920 916 1956 ante
947 1915 1108 1956 dimidii
1132 1915 1229 1956 anni
1260 1915 1497 1967 terminum,
1520 1916 1626 1958 sicut

97 1981 159 2023 vir
180 1981 260 2023 Dei
281 1982 488 2037 praedixit,
513 1982 686 2024 3evenit.

144 2075 151 2094 ¹
175 2075 364 2121 Eviratus]
395 2075 458 2109 See
484 2076 652 2119 Martene,
678 2076 809 2111 Anecd.
839 2077 888 2110 iii.
918 2078 1031 2118 11543
1067 2076 1124 2109 Du
1154 2075 1298 2120 Cange's
1333 2075 1445 2109 Gloss.
1472 2075 1520 2108 iii.
1547 2075 1628 2117 397;

93 2121 201 2155 Labb.
221 2122 326 2155 Cone.
344 2123 379 2156 ii.
400 2124 501 2166 1594,
519 2135 549 2157 v,
569 2125 649 2157 908.

141 2169 153 2186 ²
173 2167 372 2214 Religioni]
398 2168 438 2202 In
455 2169 513 2202 the
531 2169 658 2203 diction
676 2169 713 2203 of
726 2169 783 2202 the
802 2168 935 2203 Middle
953 2169 1056 2214 Ages,
1074 2168 1131 2201 the
1150 2168 1241 2201 word
1260 2169 1280 2187 “
1294 2168 1452 2213 Religio”
1470 2167 1627 2213 signified

95 2214 325 2248 Monachism.

143 2261 156 2280 ³
172 2261 322 2307 Evenit]
351 2261 464 2295 “Alia
481 2262 552 2295 vice
576 2262 713 2307 quidam
740 2273 783 2295 ex
805 2262 977 2307 praedietis
1000 2261 1188 2305 monachis,
1206 2273 1284 2295 cum
1308 2260 1440 2295 duobus
1458 2261 1627 2294 conversis

95 2306 137 2340 de
155 2307 270 2341 ordine
290 2307 510 2349 Cisternensi,
529 2316 605 2353 post
623 2310 695 2352 ejus
717 2308 885 2353 colloquia
904 2308 1013 2342 redire
1036 2308 1202 2341 maturius
1223 2307 1455 2353 properabant.
1505 2308 1553 2340 At
1570 2307 1628 2340 ille

94 2353 222 2387 diutius
239 2354 417 2387 intendens
435 2354 470 2387 in
488 2366 555 2397 eOS,
574 2361 668 2387 tanta
685 2354 796 2388 subito
814 2355 1028 2388 lacrimarum
1046 2354 1266 2388 inundatione
1284 2354 1500 2396 suffunditur,
1519 2360 1556 2386 ut
1568 2354 1626 2386 vix

94 2411 172 2433 011111
198 2400 246 2433 eis
267 2401 373 2445 possit
391 2401 496 2434 effari.
547 2401 643 2434 Tunc
666 2413 753 2434 unus
777 2413 892 2434 eorum
915 2400 1133 2447 a[d]vertens
1157 2400 1246 2445 quod
1269 2412 1336 2433 11011
1358 2400 1430 2433 sine
1454 2412 1556 2433 causa
1578 2400 1627 2433 sic

93 2452 231 2491 repente
256 2447 443 2492 ploraverit,
470 2447 635 2480 accedens
652 2447 694 2480 ad
712 2459 790 2480 eum
816 2447 924 2481 dixit:
952 2449 961 2465 ⁴
976 2447 1122 2489 Domne,
1148 2459 1215 2480 11011
1240 2447 1363 2480 frustra
1386 2458 1447 2480 nos
1466 2446 1627 2490 1111111311-

93 2492 197 2525 briter
223 2493 410 2538 aspexisti.'
460 2493 505 2526 Et
534 2493 611 2527 ille:
639 2493 816 2536 ‘Verum,⁷
843 2493 901 2537 ait,
928 2493 1025 2534 dicis,
1053 2493 1112 2535 fili,
1141 2494 1219 2538 (111111
1242 2493 1339 2526 video
1363 2492 1565 2538 quibusdam
1584 2503 1627 2525 ex

94 2538 188 2572 vobis
202 2551 363 2584 magnum
381 2539 518 2584 quidem
534 2539 723 2584 periculum
737 2539 925 2573 imminere.
961 2540 1053 2583 Filii,
1072 2540 1172 2573 citius
1190 2539 1232 2572 ad
1251 2539 1363 2572 Deum
1381 2538 1627 2580 convertimini,

96 2591 130 2618 et
147 2596 225 2618 cum
242 2585 369 2619 sedulis
387 2585 543 2631 precibus
562 2592 710 2629 exorate,
728 2597 771 2619 ne
783 2598 840 2619 vos
858 2586 892 2619 in
909 2586 1166 2631 temptationem
1185 2586 1358 2630 permittat
1376 2585 1502 2618 induci.
1552 2583 1629 2617 Nos

97 2631 187 2664 enim
212 2632 269 2676 qni
287 2632 389 2665 simul
420 2632 544 2666 hilares
562 2632 663 2665 modo
688 2632 915 2675 consistimus,
934 2638 1112 2677 postquam
1130 2632 1294 2665 fuerimus
1312 2632 1354 2665 ab
1372 2631 1516 2664 invicem
1535 2642 1631 2675 sepa-

96 2677 170 2721 rati,
189 2689 401 2722 nequaquam
419 2679 454 2712 in
476 2678 541 2712 hoe
558 2684 649 2712 statu
674 2678 819 2723 amplius
845 2679 1054 2724 colligemur.
1106 2678 1299 2723 Temptatio
1325 2677 1487 2722 quosdam
1506 2688 1549 2709 ex
1567 2677 1631 2709 im-

96 2723 228 2768 proviso
254 2724 451 2769 plerumque
474 2725 648 2768 subvertit,
673 2730 706 2758 et
724 2725 861 2769 quidam
884 2725 984 2769 longo
1002 2732 1153 2769 tempore
1173 2724 1435 2769 temptationum
1457 2723 1632 2768 patiuntur

97 2769 256 2804 insultus.
306 2770 415 2804 Parvo
433 2771 570 2816 quidem
587 2771 695 2816 spatio
717 2771 911 2814 reluctatur,
931 2771 987 2816 qui
1017 2783 1076 2816 per
1099 2771 1178 2804 anni
1197 2770 1377 2803 dimidium
1395 2781 1414 2802 a
1432 2769 1540 2802 carnis
1558 2768 1632 2802 ille-

97 2816 205 2849 cebris
231 2817 373 2862 turpiter
402 2817 599 2862 superatur.'
657 2817 731 2851 Illis
759 2817 861 2862 igitur
889 2818 1060 2862 digressis,
1090 2817 1176 2850 infra
1203 2816 1351 2861 quinque
1381 2827 1515 2848 menses
1545 2826 1633 2848 unus

97 2873 333 2896 conversorum
357 2864 390 2896 in
415 2863 580 2897 adulterio
606 2863 835 2908 deprehensus
862 2870 913 2897 est
930 2870 1031 2908 atque
1057 2868 1236 2896 castratus.
1283 2863 1381 2895 Alter
1405 2868 1519 2895 autem
1546 2861 1633 2895 infra

96 2919 158 2941 sex
174 2920 318 2951 menses,
338 2909 498 2954 religione
518 2915 722 2955 contempta,
742 2910 840 2943 duxit
859 2908 1038 2943 uxorem.”
1066 2911 1178 2942 Anon.
1198 2908 1294 2942 Harl.
1312 2908 1460 2953 Legend.
