1839 3186
210 172 344 212 xxxiv
833 184 1085 216 APPENDIX

210 286 241 327 J
245 302 315 329 esu
349 288 527 339 Christe,
553 292 594 329 et
621 288 697 339 Tu,
727 287 881 330 Sancte
915 288 1110 343 Spiritus,
1137 289 1322 330 omnium
1359 289 1604 339 consolator,
1627 294 1668 330 et
1697 294 1744 330 tu

210 353 396 408 piissima
419 355 500 396 Dei
525 354 720 396 Genitrix
745 359 795 396 et·
811 355 944 410 Virgo
969 361 1183 410 perpetua,
1207 362 1247 398 et
1269 361 1316 398 tu
1349 356 1503 398 Sancte
1527 356 1558 397 J
1561 356 1745 397 ohannes

211 420 421 476 Baptista,
447 437 541 463 cum
562 421 753 463 omnibus
777 421 957 472 Sanctis,
983 423 1152 464 obsecro
1174 428 1221 464 ut
1242 423 1485 465 benedicere
1517 422 1744 478 dignemini

209 487 319 529 hunc
349 488 548 540 libellum,
574 488 770 542 quatinus
797 488 914 530 vobis
945 487 1018 529 fiat
1047 495 1244 545 acceptus
1277 495 1318 531 et
1349 489 1525 545 posteris
1552 489 1744 545 profutu-

210 555 322 597 rus.''
384 555 502 596 Tunc
533 555 650 596 illum
682 554 798 610 signo
830 555 962 597 crucis
993 570 1237 598 consecrans
1267 556 1483 598 benedixit
1512 560 1554 597 et
1576 556 1745 597 deoscu-

209 621 342 663 latum
363 622 465 663 mihi
492 622 682 673 tradidit,
706 626 747 662 et
770 622 826 663 sic
858 622 942 663 ait:
980 621 1173 678 “Adjuro
1195 628 1250 675 te,
1274 622 1344 675 fili,
1368 639 1441 678 per
1460 638 1612 664 nomen
1633 623 1664 663 J
1668 638 1739 665 esu

177 744 180 747 v
211 688 380 740 Christi,
407 694 448 730 et
473 705 545 744 per
567 689 830 730 dilectionem
863 704 944 743 qua
973 689 1076 730 mihi
1108 689 1383 746 conjungeris,
1408 695 1455 732 ut
1480 689 1647 741 nemini,
1674 705 1740 731 me

212 756 390 806 vivente,
420 757 498 797 1100
530 756 713 811 detegas,
739 771 815 796 nec
848 755 1050 811 scriptum
1078 756 1192 798 istud
1226 757 1461 799 ostendas.''
1522 756 1614 812 Ego
1649 761 1741 798 tan-

209 837 333 876 quam
366 823 644 878 deprehensus
677 822 834 872 erubui,
858 822 930 864 sed
961 828 1102 864 tamen
1132 824 1241 878 quod
1274 824 1445 879 petebat
1468 838 1561 864 cum
1591 823 1739 865 rubore

210 891 404 933 concessi.
467 889 530 930 At
566 889 636 930 ille
672 889 826 930 blando
863 904 1049 931 sermone
1085 890 1302 932 subridens
1334 890 1419 932 ait:
1457 890 1595 932 “Scio
1631 890 1741 944 quod

210 957 428 998 erubescas
450 957 545 1011 quia
565 972 632 997 me
652 956 731 997 1100
748 972 851 1011 opus
872 956 1083 1011 hucusque
1106 957 1271 1006 celasti;
1297 957 1369 999 sed
1389 957 1552 1000 noveris
1574 962 1739 1012 tempus

209 1038 297 1064 esse
319 1028 541 1066 venturum
566 1023 607 1064 in
630 1039 709 1078 quo
731 1029 901 1079 propter
921 1024 1032 1065 hunc
1053 1024 1205 1066 librum
1226 1040 1374 1080 aspera
1397 1029 1438 1066 et
1460 1040 1602 1066 amara
1623 1040 1666 1066 es
1687 1024 1740 1065 ab

207 1091 364 1132 aemulis
388 1091 620 1132 auditurus.
682 1090 747 1132 Tu
769 1106 865 1132 vero
896 1106 947 1132 ne
976 1092 1180 1133 movearis
1201 1106 1296 1132 cum
1323 1092 1402 1132 1100
1425 1091 1620 1142 evenerit,
1644 1091 1740 1146 quia

206 1165 248 1197 te
280 1158 434 1200 veritas
464 1158 698 1200 libe1²avit.”
760 1157 865 1199 Post
895 1158 983 1199 haec
1015 1158 1305 1200 benedictione
1337 1163 1545 1214 percepta,
1569 1158 1739 1199 domum

205 1223 330 1266 laetus
365 1225 556 1267 abscessi.
619 1224 700 1266 His
737 1224 792 1265 ad
828 1225 1089 1278 sequentium
1121 1221 1374 1267 evidentiam
1409 1224 1647 1281 praelibatis,
1685 1225 1740 1266 ad

205 1291 481 1333 enarrandam
502 1306 640 1333 rerum
662 1291 810 1333 seriem
835 1296 1137 1334 convertamur.

930 1571 1012 1611 VI.

204 1682 230 1707 A
262 1683 405 1716 TABLE,
439 1683 681 1709 EXHIBITING
713 1685 793 1709 THE
825 1684 1134 1710 ARRANGEMENT
1165 1685 1212 1710 OF
1242 1685 1323 1710 THE
1353 1684 1563 1710 HARLEIAN
1596 1685 1739 1711 MANU-

261 1750 395 1775 SCRIPT
428 1750 474 1775 As
506 1751 722 1776 COMPARED
747 1752 861 1777 WITH
893 1752 973 1777 THE
1004 1751 1333 1778 CORRESPONDING
1356 1752 1559 1777 CHAPTERS
1584 1752 1627 1777 ΙΝ
1658 1752 1738 1777 ΤΗΕ

261 1816 461 1842 BODLEIAN
493 1818 606 1844 COPY.

202 1899 292 1924 ΗΑΒ».
309 1900 367 1925 MS.
437 1900 520 1925 Boon.
536 1901 593 1925 MS.
736 1904 828 1928 HARL.
843 1904 899 1928 MS.
970 1903 1055 1928 BODL.
1071 1902 1127 1927 MS.
1300 1902 1391 1927 HARL.
1406 1903 1463 1929 MS.
1561 1903 1646 1929 Bom..
1661 1904 1719 1929 MS.

232 1957 248 1994 ]
483 1958 504 1996 1
738 1959 791 1998 13
989 1959 1042 1998 13
1353 1956 1407 2001 27
1601 1959 1656 1999 26

233 2024 257 2062 2
289 2050 421 2056 ——-
482 2025 507 2063 2
739 2026 792 2064 14
822 2052 956 2060 —-—
989 2025 1041 2064 14
1353 2026 1406 2065 28
1439 2053 1571 2060 -—
1602 2025 1656 2068 27

481 2092 506 2131 3
547 2105 639 2131 new
740 2093 791 2132 15
824 2119 956 2124 ——
988 2092 1040 2131 15
1353 2093 1405 2133 29
1437 2120 1569 2126 -——
1603 2093 1656 2133 28

548 2157 668 2212 chap.
740 2158 792 2198 16
989 2158 1042 2198 16
1353 2159 1407 2199 30
1438 2187 1571 2194 —-
1602 2160 1654 2200 29

548 2223 671 2266 Bodl.
741 2215 793 2267 17
824 2238 918 2264 new
935 2222 1112 2278 chap.in
1130 2223 1201 2263 the
1352 2227 1403 2267 31
1439 2254 1570 2259 —
1602 2227 1656 2267 30

544 2290 641 2331 MS.
873 2290 1075 2331 Harleian
1101 2289 1197 2330 MS.
1353 2294 1406 2333 32
1600 2294 1651 2333 31

232 2357 258 2395 4
288 2383 421 2390 —-—
482 2359 507 2396 4
740 2360 790 2398 18
988 2355 1041 2400 17
1351 2360 1405 2400 33
1600 2360 1654 2400 32

233 2424 256 2462 5
288 2450 421 2457 —
483 2425 505 2462 5
740 2426 788 2465 19
822 2453 954 2458 -—-
986 2426 1040 2464 18
1351 2426 1405 2465 34
1435 2452 1569 2460 ——-
1600 2426 1655 2466 33

234 2489 258 2529 6
288 2515 420 2522 ———
482 2491 506 2530 6
735 2493 790 2531 20
822 2520 953 2525 ——-
985 2492 1037 2533 19
1351 2493 1404 2533 35
1436 2520 1568 2525 —
1600 2493 1654 2532 34

234 2553 258 2598 7
287 2582 421 2591 —
483 2554 506 2599 7
736 2559 786 2597 21
821 2586 953 2591 ---
985 2559 1039 2598 20
1349 2558 1403 2599 36
1433 2584 1567 2592 ——
1598 2559 1651 2599 35

232 2623 257 2661 8
288 2649 420 2656 ——
481 2624 506 2663 8
735 2625 789 2663 22
821 2652 953 2659 ----
984 2626 1034 2664 21
1349 2622 1401 2668 37
1434 2652 1566 2658 ——
1598 2624 1653 2665 36

230 2689 253 2729 9
288 2716 419 2722 ——
479 2691 502 2730 9
735 2691 789 2732 23
821 2715 952 2722 ——--
986 2692 1039 2731 22
1348 2692 1402 2732 38
1432 2718 1565 2725 ———
1596 2688 1649 2733 37

203 2756 505 2796 10—10
735 2758 1037 2798 24——23
1348 2758 1650 2799 39--38

203 2823 252 2861 11
287 2850 420 2855 —-
452 2823 501 2861 11
735 2824 786 2863 25
820 2851 951 2856 -—
984 2825 1037 2864 24
1348 2825 1402 2864 40
1598 2824 1650 2864 39

203 2889 256 2927 12
452 2890 504 2927 12
705 2935 706 2943 ¹
734 2891 787 2930 26
983 2891 1035 2930 25
1347 2893 1397 2930 41
1436 2916 1568 2923 ——
1599 2890 1653 2929 40
