1839 3186
523 249 581 280 ET
616 248 882 280 MIRACULIS
919 247 953 279 s.
987 247 1203 280 GODRICI.
1582 237 1635 282 97

90 353 396 408 procumbentis
416 352 723 408 circumposuit,
756 352 894 407 sicque
926 352 1098 408 ligatam
1124 353 1228 394 citra
1248 353 1358 394 horti
1385 353 1446 395 sui
1470 352 1570 396 fines
1587 360 1628 395 et

93 421 199 475 sepis
240 420 617 461 circumambientis
648 420 802 461 limites
837 419 1048 474 produxit,
1084 434 1132 460 ac
1172 420 1351 461 solutam
1391 436 1470 474 quo
1507 421 1628 462 libuit

93 486 205 528 abire
230 486 459 541 lpraecepit.

152 554 174 607 ξ
199 552 266 596 87.
300 553 387 593 Nec
411 558 550 594 tamen
572 552 838 608 postmodum
865 553 1035 607 longum
1057 558 1223 607 tempus
1244 552 1433 594 interfuit
1456 559 1496 594 et
1519 569 1624 604 ecce,

92 619 242 660 iterum
263 635 366 674 grex
387 619 585 661 silvestris
621 619 808 674 copiosus
839 619 1007 660 advenit
1027 636 1037 666 ;
1074 619 1142 672 qui
1166 619 1325 673 sepium
1348 625 1464 674 septa
1495 625 1627 661 trans-

92 686 285 736 silientes,
312 701 482 740 quaeque
515 691 658 727 tenera
679 691 721 726 et
749 685 889 726 mollia
910 685 1118 726 frondium
1145 686 1210 726 vel
1232 684 1378 726 florum
1410 686 1625 740 diripiunt,

89 767 137 793 ac
170 768 432 807 quoscunque
464 752 648 794 surculos
677 753 898 807 pomiferos
924 752 1036 807 prius
1067 753 1109 792 in
1140 753 1261 792 horto
1292 768 1366 793 suo
1398 752 1625 803 2seruerat,

89 820 364 874 plantaverat,
395 820 460 861 vel
488 820 728 869 inseruerat,
762 819 967 870 divellere,
1000 818 1254 873 confringere
1277 825 1318 859 et
1338 834 1502 873 pessum
1529 820 1627 860 dare

89 891 435 941 pertemptarunt.
499 886 616 926 Tunc
652 886 719 926 ille
760 901 958 940 egressus,
987 886 1154 926 turbam
1185 890 1319 926 totam
1343 885 1393 926 de
1424 887 1513 927 loco
1535 901 1628 941 pro-

90 952 206 1007 gredi
238 953 476 1007 prohibuit,
517 958 558 993 et
589 952 706 1007 virga
733 957 934 1007 correpta,
970 967 1095 992 unam
1131 952 1295 993 illarum
1326 958 1390 993 ter
1421 952 1462 993 in
1498 954 1627 994 latere

90 1018 264 1068 tutudit,
289 1019 576 1073 deducensque
604 1034 695 1060 eam
727 1019 782 1059 ad
815 1023 982 1059 truncos
1012 1019 1080 1072 qui
1103 1019 1187 1060 solo
1213 1023 1334 1060 tenus
1364 1019 1624 1074 inhaeserant,

92 1085 207 1140 signo
228 1086 366 1140 potius
388 1101 512 1140 quam
533 1085 670 1139 aliquo
692 1085 803 1126 vocis
826 1085 962 1126 sonitu
984 1085 1118 1126 innuit
1138 1086 1174 1126 ei
1197 1091 1353 1139 quanta
1370 1101 1472 1140 grex
1499 1087 1627 1141 ipsius

91 1151 174 1193 suis
194 1152 522 1206 plantationibus
554 1152 805 1193 detrimenta
840 1151 1067 1199 intulerat;
1108 1151 1256 1192 deinde
1288 1152 1398 1193 elata
1429 1168 1555 1195 manu
1579 1168 1627 1194 ac

93 1233 192 1259 voce
217 1219 337 1269 dixit,
373 1223 399 1241 ‘⁴
426 1219 476 1259 In
496 1219 662 1260 nomine
687 1218 717 1258 J
721 1234 791 1260 esu
815 1218 1032 1268 Nazareni,
1057 1234 1180 1272 quam
1199 1218 1281 1258 cito
1303 1219 1415 1259 abite
1447 1225 1488 1259 et
1519 1235 1628 1260 rece-

95 1284 194 1335 dite,
235 1300 310 1326 nec
349 1290 445 1326 ante
482 1291 646 1340 tempus
680 1285 936 1326 maturitatis
967 1285 1161 1326 arborum
1193 1285 1379 1334 istarum,
1418 1285 1471 1326 ad
1507 1285 1630 1341 hujus

91 1351 202 1392 horti
242 1351 324 1393 mei
357 1352 569 1394 laesionem
607 1352 869 1406 praesumatis
916 1352 1137 1404 accedere3
1187 1351 1347 1393 fructus
1384 1352 1493 1393 enim
1529 1368 1630 1406 quos

94 1418 250 1459 truncis
277 1418 367 1460 istis
403 1419 567 1468 inserui,
603 1418 819 1459 hominum
850 1418 987 1473 potius
1019 1434 1142 1472 quam
1174 1418 1400 1459 bestiarum
1432 1419 1630 1474 pabulum

94 1484 180 1525 fore
202 1485 445 1539 praestitui.''
517 1486 574 1526 Et
599 1486 640 1526 in
664 1485 728 1526 his
748 1485 881 1527 verbis
905 1485 1035 1540 virga,
1060 1500 1184 1539 quam
1209 1485 1248 1525 in
1272 1500 1397 1526 manu
1422 1487 1627 1541 gestabat,

95 1552 240 1592 ceteris
262 1552 393 1594 brutis
416 1552 697 1594 animantibus
735 1553 1009 1593 comminatus
1036 1558 1111 1593 est.
1184 1552 1299 1593 Grex
1321 1552 1389 1593 ille
1411 1568 1506 1593 vero
1529 1559 1629 1594 tunc

97 1622 211 1659 totus
232 1619 410 1661 demisso
443 1619 590 1674 capite,
613 1618 839 1660 moderatis
870 1619 1097 1660 incessibus
1125 1634 1310 1673 egressus
1342 1624 1417 1668 est,
1451 1635 1500 1660 ac
1531 1620 1630 1674 quid

96 1684 209 1739 prius
225 1685 461 1727 dissiliendo
477 1686 732 1734 clesaevierat,
749 1691 790 1726 et
804 1685 977 1727 saltibus
998 1685 1133 1740 spatia
1152 1686 1390 1740 longissima
1403 1687 1629 1741 anticipare

95 1757 377 1803 consueverat,
407 1753 531 1793 modo
553 1752 625 1794 vix
657 1752 913 1807 pedetentim
941 1752 1136 1807 repressis
1167 1752 1364 1806 vestigiis,
1390 1754 1630 1808 repentibus

93 1818 257 1873 ungulis
277 1819 540 1873 procedebat.
587 1818 714 1874 Cujus
735 1819 871 1873 gregis
892 1819 1059 1859 turbam
1076 1819 1161 1873 ipse
1183 1819 1237 1859 ad
1259 1819 1456 1860 interiora
1478 1819 1629 1861 deserti

91 1885 292 1933 minavit3
327 1891 368 1926 et
391 1901 480 1940 quae
515 1886 623 1927 lassa
644 1886 926 1935 substiterant,
957 1885 1135 1926 brachiis
1164 1885 1315 1926 blande
1338 1886 1626 1940 complectens,

92 1951 196 1991 citra
227 1952 333 2006 sepis
355 1967 437 1993 suae
460 1958 577 2007 septa
608 1952 805 1993 elevando
837 1952 1047 2006 produxit.
1110 1952 1276 1992 Exinde
1300 1967 1394 1993 vero
1416 1967 1628 2006 nunquam

92 2022 238 2072 postea
269 2018 401 2060 bestia
436 2020 573 2073 aliqua
606 2019 805 2060 silvestris
832 2019 998 2059 arbores
1028 2018 1211 2059 novellas
1248 2033 1348 2072 quas
1384 2018 1625 2070 inseruerat,

93 2083 261 2139 attigit3
296 2085 368 2126 sed
390 2101 521 2140 neque
542 2085 694 2126 limites
722 2100 823 2140 quos
848 2086 960 2140 prius
996 2085 1075 2126 illis
1110 2083 1360 2140 praefixerat,
1393 2085 1627 2141 transgredi

93 2151 368 2206 praesumpsit.

153 2216 259 2258 Haec
293 2217 412 2259 nobis
442 2217 505 2259 vir
536 2218 616 2259 Dei
647 2218 816 2267 retulit;
863 2216 1084 2273 objurgans
1125 2218 1333 2260 obstinata
1379 2218 1504 2259 corda
1534 2235 1625 2274 pec-

95 2284 292 2335 cantium,
318 2284 361 2325 in
382 2284 530 2338 quibus
550 2285 664 2326 nulla
680 2284 761 2326 Dei
785 2284 945 2325 timoris
976 2285 1208 2326 reverentia
1229 2285 1430 2326 consistit.
1475 2290 1500 2308 ‘⁶
1518 2285 1627 2327 Nam

93 2349 127 2391 si
149 2350 315 2399 bruta?
346 2351 492 2405 inquit,
528 2356 553 2374 ‘⁴
569 2352 809 2402 animantia,
836 2351 1009 2406 imperia
1043 2367 1255 2393 servorum
1287 2352 1367 2392 Dei
1399 2357 1487 2393 tam
1518 2368 1630 2394 reve-

93 2422 232 2457 renter
262 2418 482 2472 accipiunt,
516 2433 641 2472 quare
679 2417 867 2459 homines
897 2417 1057 2459 ratione
1092 2418 1276 2459 fruentes
1308 2418 1388 2458 Dei
1419 2425 1628 2474 praecepta

93 2483 310 2538 complecti
339 2484 405 2526 vel
433 2485 637 2540 complere
667 2484 878 2540 refugiunt
896 2484 938 2526 3⁷³
1025 2482 1281 2539 Hujusmodi
1312 2485 1512 2540 exemplis
1550 2485 1627 2526 sibi

143 2616 153 2636 ¹
173 2615 366 2662 Praecepit]
396 2615 469 2649 The
491 2614 614 2660 legend
632 2615 667 2648 in
683 2614 742 2648 the
769 2613 933 2647 Harleian
959 2625 1171 2659 anonymous
1198 2615 1432 2660 abridgement
1450 2615 1528 2648 thus
1551 2627 1628 2660 pro-

96 2662 195 2695 ceeds
213 2675 219 2697 :
246 2663 268 2681 ‘⁶
280 2662 367 2695 Vice
393 2661 538 2707 quadam
560 2672 714 2706 egressus
732 2661 773 2694 de
796 2661 953 2704 oratorio,
971 2660 1056 2693 vidit
1074 2672 1209 2693 cervum
1236 2662 1431 2695 arbusculas
1450 2662 1628 2695 corroden-

94 2714 175 2751 tem,
197 2715 229 2742 et
253 2708 429 2751 accedens,
447 2719 490 2741 ne
510 2708 681 2741 recederet
699 2707 887 2752 imperavit.
950 2707 1037 2740 Fera
1055 2707 1243 2741 subsistens
1262 2714 1295 2741 et
1313 2714 1460 2742 tremens
1478 2709 1551 2751 ejus
1569 2719 1630 2742 ex-

95 2755 242 2800 pectavit
267 2754 461 2797 adventum,
480 2760 513 2787 et
538 2754 653 2787 Sancti
682 2753 826 2799 pedibus
858 2753 1045 2798 provoluta,
1072 2753 1168 2797 quasi
1194 2754 1469 2799 transgressionis
1495 2755 1627 2789 veniam

97 2801 270 2845 flagitavit.
323 2801 385 2834 Ille
404 2800 577 2845 cingulum
595 2800 706 2845 solvit,
721 2806 754 2834 et
768 2800 854 2834 collo
872 2800 951 2834 ferae
969 2800 1223 2845 circumposuit,
1238 2807 1271 2834 et
1285 2801 1332 2834 sic
1347 2801 1389 2834 ad
1406 2799 1493 2833 horti
1513 2812 1627 2847 sepem

95 2847 295 2892 producens,
314 2847 405 2880 abire
422 2846 618 2892 praecepit.’⁷

144 2894 156 2912 ²
175 2892 361 2940 Serum-at]
390 2893 537 2937 severat,
561 2893 606 2927 H.

1400 2960 1427 2985 H
