1839 3186
177 182 232 227 70
705 191 938 223 LIBELLUS
974 191 1038 222 DE
1076 191 1192 222 VITA

177 297 302 347 ditur,
346 295 524 352 plurima
561 295 770 351 congeries
811 296 965 337 ossium
1007 295 1296 336 defunctorum
1336 294 1378 335 in
1427 298 1547 335 terrae
1583 293 1710 348 ipsius

176 369 294 405 utero
336 363 484 419 saepius
526 362 770 418 repperitur.
834 362 961 403 Unde
1005 366 1122 417 patet
1158 361 1267 416 quod
1305 361 1519 402 hominum
1554 361 1709 401 ibidem

175 431 353 485 plurima
387 430 592 471 habitatio
620 429 757 479 fuerit,
794 427 909 484 cujus
941 429 1224 470 testimonium
1260 428 1360 470 satis
1394 427 1606 483 probabile
1640 428 1712 468 illa

176 497 278 539 visio
315 498 624 552 sepulchrorum
657 502 697 537 et
731 496 1019 537 fundaminum
1052 496 1337 537 indubitanter
1368 495 1564 542 exstitit3
1600 495 1711 549 quod

177 565 264 606 viro
291 563 360 606 isti
396 563 616 618 aliquando
648 563 774 604 etiam
809 563 851 603 in
878 563 1033 604 visione
1064 563 1308 618 comparuit,
1337 567 1377 603 et
1404 560 1634 617 cujusmodi
1654 561 1711 602 ibi

177 631 432 673 conversatio
473 631 616 673 fuisset
659 630 694 671 ei
739 630 970 671 evidentius
1002 629 1197 671 ostendit.
1285 629 1349 670 De
1391 629 1539 683 quibus
1583 627 1712 670 1alias

178 697 399 739 dicendum
438 702 514 739 est.
584 697 723 738 2’Finc
757 697 875 738 halec
910 696 987 738 viri
1020 694 1195 751 alicujus
1227 696 1284 737 sic
1318 696 1418 736 dicti
1450 711 1613 746 nomen,
1645 695 1711 737 vel

176 765 254 806 loci
287 765 395 806 illius
417 765 473 806 sic
495 764 833 805 circumcinctam
862 763 1044 818 undique
1065 763 1367 803 habitationem
1388 767 1566 812 resonat,
1600 762 1710 816 quod

175 847 201 873 a
225 831 515 872 circumeundo
541 835 581 871 et
606 830 898 885 perambiendo
920 830 1096 870 nominis
1116 830 1363 870 vocabulum
1385 828 1399 850 ³
1413 834 1592 870 mutuat.

243 898 261 950 ᾧ
286 901 353 939 58.
392 898 563 939 Etenim
591 896 648 937 W
652 912 720 937 eor
743 895 904 946 fluvius,
942 897 1042 938 satis
1070 896 1219 938 diversi
1243 896 1404 952 generis
1426 895 1569 937 multis
1591 895 1709 950 pisci-

174 965 252 1006 bus
285 964 430 1005 fertilis
461 969 584 1018 atque
617 963 816 1019 copiosus,
851 963 986 1004 locum
1012 963 1147 1018 ipsum
1174 978 1225 1004 ex
1248 963 1450 1012 orientali,
1474 963 1709 1017 aquilonali,

176 1036 300 1085 atque
333 1031 580 1072 occidentali
604 1036 721 1086 parte
742 1035 880 1071 totum
902 1030 1134 1071 circumluit
1167 1035 1291 1084 atque
1313 1029 1609 1084 circumcingit,
1636 1045 1711 1070 nec

176 1098 357 1152 aliquam
395 1096 482 1152 ejus
517 1102 691 1152 partem,
733 1102 882 1152 praeter
922 1097 1145 1138 australem
1181 1097 1485 1147 tantummodo,
1518 1096 1710 1137 immuni-

175 1170 264 1206 tam
300 1164 560 1219 derelinquit.
623 1164 673 1204 In
702 1179 781 1218 quo
817 1164 909 1205 sinu
944 1165 1057 1205 locus
1084 1164 1152 1204 ille
1179 1164 1284 1204 adiri
1312 1168 1374 1204 est
1401 1163 1605 1218 possibile,
1633 1163 1712 1204 fre-

176 1231 354 1286 quentiae
389 1237 531 1272 tamen
565 1235 605 1272 et
639 1231 843 1272 viantium
868 1230 1092 1285 cognitioni
1119 1229 1313 1279 difficile3
1351 1245 1499 1285 nempe
1535 1245 1587 1271 ex
1619 1245 1711 1272 aus-

177 1298 272 1339 trali
309 1298 486 1353 regione,
531 1313 612 1352 qua
644 1298 698 1338 ad
730 1297 846 1338 illum
883 1297 1106 1348 acceditur,
1144 1297 1333 1339 altissimi
1368 1297 1547 1338 nemoris
1585 1297 1712 1339 densa

177 1365 491 1406 obumbratione
532 1364 836 1419 perstringitur,
878 1364 919 1405 in
962 1379 1041 1418 quo
1081 1369 1181 1405 tunc
1222 1364 1419 1419 temporis
1454 1363 1605 1405 nullius
1635 1363 1712 1405 viae

176 1432 256 1473 iter
277 1432 452 1482 exstitit,
476 1431 548 1473 sed
569 1432 639 1472 vix
662 1431 925 1486 pascentibus
949 1446 1022 1486 per
1044 1446 1213 1472 nemora
1236 1431 1517 1472 animant-ibus
1538 1429 1712 1485 alicujus

178 1499 336 1540 semitae
378 1498 582 1539 deviando
622 1498 837 1552 obliquans
880 1498 1110 1538 orbiculum
1151 1498 1337 1538 eminuit.
1410 1498 1544 1539 Locus
1586 1498 1712 1538 etiam

177 1565 245 1606 ille
270 1566 311 1606 in
340 1564 574 1620 4profundo
607 1564 726 1606 vallis
764 1569 825 1605 est
866 1564 948 1605 imo
974 1565 1148 1619 positus,
1186 1565 1254 1619 qui
1290 1580 1413 1619 supra
1444 1564 1576 1619 ripam
1609 1579 1712 1619 prae-

177 1632 278 1673 dicti
302 1630 482 1673 fluminis
508 1647 560 1672 ex
582 1631 756 1672 adversa
776 1636 892 1685 parte
917 1647 1040 1685 quam
1070 1632 1224 1682 incolit,
1249 1631 1420 1686 rupibus
1446 1630 1715 1686 permaximis

177 1703 219 1739 et
257 1698 467 1740 altissimis
490 1698 701 1739 montibus
729 1698 770 1738 111
806 1698 965 1739 cunctis
1000 1698 1249 1753 praescriptis
1276 1698 1409 1739 tribus
1441 1697 1629 1752 partibus
1650 1701 1713 1738 est

177 1766 436 1820 praecinctus.
508 1765 619 1817 Quos
650 1764 855 1805 montium
883 1764 1019 1820 apices
1050 1768 1092 1806 et
1121 1765 1285 1820 rupium
1319 1764 1572 1819 quantitates
1592 1769 1713 1805 terrae

178 1832 379 1873 naturalis
410 1831 642 1872 umbiculus
676 1825 854 1879 ⁵efficit;
895 1831 963 1885 qui
1003 1832 1134 1872 instar
1172 1831 1326 1872 montis
1365 1829 1712 1886 praestantissimi,

179 1914 266 1940 sese
305 1898 348 1939 in
389 1898 654 1939 altitudinem
686 1898 987 1952 permaximam
1022 1898 1268 1953 porrigendo
1302 1898 1515 1939 distendit.
1588 1897 1715 1938 Unde

179 1965 230 2006 de
251 1964 344 2006 imis
368 1965 421 2005 ad
452 1964 662 2019 superiora
685 1965 777 2006 visu
817 1965 1203 2020 contemplantibus,
1242 1964 1429 2006 visuntur
1449 1969 1611 2005 montes
1634 1979 1713 2005 un-

181 2031 303 2085 dique
339 2032 516 2086 pendere
555 2035 679 2085 atque
715 2031 970 2086 praeminere,
1005 2031 1110 2072 sicut
1141 2031 1319 2072 altitudo
1359 2031 1535 2071 turrium
1572 2030 1713 2085 ingen-

180 2097 299 2147 tium,
329 2113 418 2151 quae
452 2097 743 2138 contuentibus
777 2098 914 2138 valeat
948 2095 1162 2152 cujusdam
1193 2097 1359 2139 terroris
1383 2097 1570 2138 horrores
1600 2096 1715 2137 incu-

180 2170 281 2205 tere.
345 2164 460 2204 Infra
486 2179 582 2204 vero
607 2164 714 2205 illius
738 2164 855 2205 lustri
876 2164 1094 2213 ambitum,
1118 2164 1308 2218 quaedam
1329 2163 1520 2218 planities
1539 2168 1601 2205 est
1623 2178 1712 2217 quae

180 2231 221 2272 in
248 2230 330 2271 imo
361 2230 554 2285 profundi
586 2230 751 2280 residet,
784 2230 854 2271 ubi
879 2230 1059 2284 undique
1084 2231 1240 2272 inclusa
1260 2245 1427 2271 nemore
1457 2230 1712 2285 perpulchra,

181 2298 277 2338 licet
311 2296 485 2347 modica,
523 2312 619 2337 area
645 2295 774 2352 jacet,
817 2297 859 2337 in
892 2313 972 2351 qua
1002 2295 1131 2352 juxta
1160 2296 1318 2338 fluenta
1349 2296 1497 2351 piscosi
1519 2295 1711 2346 fluminis,

180 2364 243 2404 vir
265 2363 344 2404 Dei
366 2363 597 2404 construxit
619 2378 701 2404 suae
720 2363 958 2404 habitacula
978 2357 994 2384 6
1013 2363 1347 2405 conversationis.

226 2491 237 2511 ¹
257 2490 380 2570 Alias}
410 2489 483 2523 The
501 2489 632 2533 subject
650 2490 679 2523 is
696 2495 755 2523 not
772 2490 929 2523 resumed
943 2490 989 2535 by
1007 2490 1194 2534 Regina1d3
1213 2496 1245 2523 at
1263 2490 1359 2534 least,
1377 2495 1436 2523 not
1454 2490 1488 2523 in
1506 2489 1563 2522 the
1575 2489 1713 2534 Legend

181 2538 220 2571 of
234 2537 283 2571 St.
297 2537 365 2570 Go(
378 2537 436 2570 rie.
1011 2537 1023 2554 ²
1043 2537 1128 2569 Fine
1145 2536 1260 2583 halec]
1290 2535 1484 2579 Fincaleeh,
1509 2536 1554 2570 H.

227 2584 240 2602 ³
259 2582 433 2629 Ilffvtuat]
462 2582 581 2615 “Mox
610 2581 668 2615 1110
694 2582 760 2615 sibi
782 2583 884 2625 juxta
906 2583 1048 2615 fluvium
1074 2583 1223 2616 casulam
1250 2582 1453 2627 composuit,
1482 2582 1650 2615 defossam
1677 2582 1712 2614 in

180 2637 315 2673 terram,
339 2642 437 2675 quam
467 2629 593 2674 cespite
623 2629 822 2673 supertexit,
851 2634 883 2661 et
913 2629 1015 2673 coepit
1042 2629 1088 2661 ibi
1116 2629 1285 2662 solitarius
1314 2628 1476 2671 habitare,
1504 2628 1711 2673 serpentium

180 2678 292 2710 socius
311 2682 343 2709 et
360 2677 517 2709 ferarum.
568 2675 678 2707 Locus
696 2674 759 2707 iste
777 2680 914 2719 putatur
932 2687 1006 2707 esse
1030 2675 1266 2708 denominatus
1290 2687 1309 2707 a
1335 2675 1362 2707 F
1367 2675 1455 2716 inco,
1480 2686 1558 2719 rege
1576 2674 1712 2707 Britan-

178 2724 267 2765 nico,
286 2723 342 2767 qui
361 2723 441 2756 olim
460 2722 507 2755 ibi
525 2721 647 2755 dicitur
669 2720 852 2754 habitasse.
904 2721 1006 2754 Unde
1028 2721 1138 2754 adhue
1164 2722 1226 2754 sub
1249 2727 1337 2754 terra
1354 2721 1575 2754 aedificiorum
1592 2720 1713 2754 funda-

179 2776 294 2802 menta
311 2774 506 2814 comparent
525 2781 532 2810 3
558 2768 661 2812 etqui
680 2773 802 2800 terram
821 2767 965 2811 fodiunt,
984 2773 1193 2800 mortuorum
1212 2779 1287 2801 ossa
1304 2767 1513 2812 1·epcriunt.'’

228 2819 238 2834 ⁴
258 2815 464 2861 Profunda]
494 2814 686 2857 Profundae,
710 2813 756 2846 H.
1085 2814 1097 2832 ⁵
1118 2813 1261 2860 Efficit]
1291 2814 1456 2853 Efficitur,
1478 2814 1520 2847 Β.

223 2863 236 2882 5
257 2860 549 2906 Conversretionia]
579 2861 738 2894 “Werus
756 2860 893 2905 quidem
920 2860 1041 2893 fluvius
1068 2860 1208 2894 diversis
1232 2860 1411 2904 generibus
1432 2859 1593 2905 [generis,
1618 2859 1710 2905 MS]

178 2908 320 2952 piscium
340 2909 495 2953 copiosus
523 2914 555 2940 ct
573 2907 662 2940 hunc
680 2907 792 2939 locum
812 2918 855 2939 ex
874 2907 1038 2949 orientali,
1065 2906 1251 2951 aquilonari
1270 2912 1301 2939 ct
1321 2906 1521 2940 occidentali
1540 2912 1632 2951 parte
1650 2906 1714 2939 cir—
