1839 3186
203 160 286 199 402
715 168 950 200 LIBELLUS
986 167 1050 199 DE
1086 168 1203 199 VITA

202 273 270 314 hic
295 287 337 314 se
363 277 608 327 praesentem
636 272 785 327 saepius
813 271 1033 319 exhibere3
1073 275 1115 312 et
1143 271 1269 312 dicito
1298 271 1334 312 ei
1364 275 1412 311 ut
1441 269 1739 312 lectisternium

204 354 324 381 suum
345 339 387 380 in
409 340 559 394 angulo
580 339 747 394 capellae
767 342 1001 393 componat,
1021 342 1062 379 et
1079 337 1144 378 die
1166 337 1359 387 crastina,
1380 336 1503 377 domo
1519 341 1610 377 tota
1625 337 1739 392 prius

203 410 394 460 purgata,
421 406 597 447 Missam
624 406 667 446 in
694 406 890 446 honorem
912 403 1103 445 Dominae
1125 403 1252 458 ipsius
1273 403 1418 445 festive
1440 403 1738 444 concelebret.”'

206 471 268 512 At
289 472 469 513 famulus
495 472 633 513 oculos
660 472 702 513 in
724 471 922 512 domnum
943 485 1064 512 suum
1086 470 1279 525 dirigens,
1305 469 1441 511 subito
1465 469 1570 511 vidit
1591 469 1739 524 glorio-

206 553 295 580 sam
320 538 401 579 Dei
423 539 608 579 Matrem
637 552 753 579 secus
783 537 918 591 ipsum
942 536 1090 577 Altare
1116 541 1310 586 stantem,
1334 541 1375 576 et
1399 535 1597 576 domnum
1619 550 1739 577 suum

209 604 436 645 Godrioum
457 604 516 645 illi
537 604 864 650 ministrantem3
904 617 1203 656 conversusque
1235 602 1289 643 ad
1320 617 1485 643 servum
1515 601 1634 642 illum
1665 601 1736 652 ait,

209 674 233 693 “
250 671 359 722 Quia
373 670 581 724 quondam
602 670 698 711 huic
720 669 897 710 dominae
918 684 1023 709 meae
1047 669 1090 709 in
1112 668 1283 709 ecclesia
1298 668 1441 709 Beatae
1461 667 1626 718 Mariae,
1649 683 1739 722 quae

207 737 313 778 infra
334 752 473 778 muros
495 735 691 777 Dunelmi
714 741 776 777 est
798 736 891 784 sita,
917 734 1131 785 deservivi,
1155 735 1334 776 crastino
1357 733 1369 755 ¹
1384 739 1556 788 accepta
1572 734 1744 775 candela

207 802 308 843 offer
336 818 427 844 eam
452 804 520 854 ibi,
546 818 670 857 quam
698 802 928 856 quicunque
955 801 1012 842 ibi
1039 801 1317 856 baptizandus
1341 801 1454 855 prius
1478 800 1614 851 fuerit,
1637 800 1742 841 acci-

210 869 309 924 piat,
333 874 380 910 ut
411 869 647 924 lampadem
677 868 773 909 fidei
804 868 846 909 in
868 867 1032 910 Christo
1063 867 1309 909 recreandus
1336 867 1544 922 percipere
1565 866 1743 909 1711100113.Ἡ

211 935 284 976 Ad
305 951 426 990 quem
450 935 649 986 minister,
676 939 700 956 ‘⁶
719 935 896 984 Domne,
921 934 1136 975 candelam
1157 949 1239 975 non
1259 934 1405 984 habeo,
1429 933 1501 975 sed
1521 948 1653 987 neque
1673 930 1745 974 ubi

211 1002 392 1056 aliquam
422 1002 606 1057 accipere
628 1002 782 1057 possim
812 1001 938 1042 scios*
1000 1001 1118 1041 Tunc
1138 1001 1201 1042 vir
1221 999 1492 1050 venerandus,
1515 1004 1538 1022 ‘⁶
1557 1000 1676 1041 Illam
1700 1001 1742 1041 in

211 1068 383 1109 modum
403 1069 576 1124 virgulae
597 1068 754 1109 factam
778 1067 821 1108 in
842 1082 938 1108 arca
960 1067 1032 1108 illa
1058 1067 1209 1122 accipe,
1234 1082 1357 1121 quam
1386 1071 1435 1107 tu
1465 1071 1506 1107 et
1535 1082 1640 1107 uxor
1670 1072 1744 1107 tua

211 1135 313 1176 mihi
334 1134 446 1190 prius
468 1134 739 1190 proposuistis
757 1133 942 1174 offe1=1·e.”
1013 1134 1346 1193 Expergefactus
1369 1133 1437 1173 ille
1458 1148 1558 1174 mox
1579 1132 1746 1187 evigila-

211 1201 285 1251 vit,
310 1206 351 1242 et
373 1202 511 1242 onmia
532 1201 651 1241 uxori
673 1215 755 1242 suae
778 1200 974 1255 detegens
995 1215 1089 1240 cum
1111 1199 1374 1240 festinatione
1396 1198 1611 1240 candelam
1632 1198 1745 1239 illam

211 1267 253 1308 in
271 1283 367 1308 arca
387 1283 461 1309 sua
480 1267 590 1322 prius
611 1267 790 1308 locatam
814 1266 1012 1321 protulit;
1053 1270 1094 1306 et
1117 1265 1167 1306 de
1185 1266 1393 1316 Neutuna,
1414 1265 1532 1319 (villa
1551 1265 1746 1307 videlicet

213 1349 294 1387 qua
314 1334 544 1387 lnanebat,)
570 1347 694 1387 quam
715 1332 836 1374 citius
856 1337 1020 1387 poterat
1041 1332 1095 1373 ad
1116 1332 1316 1373 Finchale
1329 1332 1591 1387 properabat.
1664 1331 1744 1383 Qui

211 1405 259 1441 ut
280 1400 438 1441 brachii
460 1415 581 1455 super
602 1398 690 1454 ejus
711 1399 974 1454 sepulchrum
995 1399 1242 1453 composuit,
1264 1414 1363 1439 mox
1388 1398 1500 1439 omni
1522 1397 1660 1439 dolore
1685 1398 1747 1438 fu—

211 1472 310 1520 gato
337 1467 559 1508 sanitatem
580 1465 777 1521 percepit,
805 1470 846 1506 et
875 1465 1131 1506 sacerdotem
1155 1465 1395 1514 accersiens,
1419 1464 1557 1505 omnia
1578 1479 1667 1519 quae
1689 1463 1747 1505 vi—

213 1532 332 1574 derat
367 1533 404 1574 ei
441 1533 651 1574 secretiori
684 1533 727 1573 in
759 1531 1011 1573 confessione
1043 1531 1231 1580 detexit;
1272 1536 1313 1572 et
1352 1535 1491 1572 amoto
1523 1530 1747 1572 sacerdotis

210 1599 376 1649 lectulo,
413 1615 461 1640 ac
493 1604 673 1654 purgata
705 1599 875 1653 capella,
902 1598 1035 1639 Missa
1065 1598 1116 1638 de
1144 1598 1300 1639 Sancta
1334 1597 1473 1638 Maria
1498 1597 1555 1638 ibi
1586 1601 1647 1638 est
1673 1597 1744 1637 de-

206 1665 417 1707 votissime
443 1666 663 1707 celebrata.
729 1664 924 1706 Minister
944 1669 1085 1705 autem
1107 1665 1257 1705 exinde
1279 1669 1429 1705 cuncta
1450 1679 1542 1717 quae
1564 1663 1606 1704 in
1630 1678 1744 1704 man-

212 1732 322 1774 datis
342 1737 568 1787 acceperat,
593 1731 738 1773 eadem
762 1730 827 1772 die
850 1731 926 1772 sub
947 1730 1211 1772 festinatione
1232 1729 1511 1786 2[1011101011011.

701 1888 816 1913 xc111.
848 1887 899 1912 DE
930 1887 1052 1912 MANU
1084 1886 1256 1912 SANATA.

268 1971 286 2023 ξ
311 1973 409 2014 459.
445 1972 618 2012 MULIER
645 1973 838 2027 quaedam
862 1972 912 2013 de
935 1972 1150 2024 Oundune,
1177 1972 1353 2013 Azelina
1376 1971 1554 2022 nomine,
1576 1984 1746 2012 manum

260 2081 431 2126 ¹Accepta
448 2081 610 2126 candela]
642 2082 810 2126 Amongst
835 2082 893 2115 the
918 2082 998 2115 rites
1023 2081 1135 2114 which
1160 2081 1394 2127 immediately
1418 2081 1575 2114 followed
1599 2080 1746 2125 baptism

211 2139 281 2160 was
299 2127 372 2160 that
390 2127 427 2160 of
449 2128 643 2173 presenting
668 2134 702 2161 to
728 2128 811 2162 each
833 2129 942 2173 newly
960 2128 1116 2172 baptized
1134 2140 1255 2173 person
1272 2140 1292 2161 a
1308 2134 1414 2173 taper,
1431 2128 1542 2161 which
1559 2139 1627 2160 was
1645 2127 1746 2160 after-

212 2173 320 2207 wards
336 2173 476 2217 lighted,
503 2174 569 2206 and
594 2186 631 2207 so
657 2174 736 2207 held
762 2175 883 2220 during
907 2175 965 2207 the
983 2174 1144 2219 chanting
1161 2175 1197 2207 of
1218 2175 1275 2208 the
1292 2186 1394 2209 mass.
1444 2175 1507 2207 See
1525 2174 1686 2207 Pelliccia
1704 2172 1745 2206 de

214 2220 340 2253 Christ.
361 2220 526 2253 Ecclesiae
544 2220 677 2264 Politia,
695 2221 753 2255 lib.
772 2221 794 2255 i.
818 2228 901 2255 sect.
919 2221 941 2255 1.
962 2218 980 2265 §
1000 2221 1055 2264 vi.,
1079 2221 1190 2254 where
1213 2221 1391 2264 Ambrose,
1413 2220 1550 2265 Alcuin,
1577 2220 1643 2253 and
1660 2220 1745 2253 Gre-

212 2278 295 2311 gory
313 2266 350 2299 of
365 2266 473 2299 Tours
491 2278 546 2299 are
564 2267 699 2311 quoted.

259 2313 272 2331 ²
291 2311 518 2358 Perficiebat]
562 2313 680 2346 “Erat
709 2313 847 2358 quidam
876 2319 1053 2347 veteranus
1079 2313 1168 2359 apud
1194 2313 1392 2347 Neutonam
1418 2313 1475 2358 qui
1501 2312 1620 2345 devote
1644 2311 1744 2345 beato

215 2359 374 2402 Godrico,
402 2359 481 2392 dum
506 2359 642 2401 viveret,
667 2360 896 2402 ministravit3
923 2365 956 2393 et
981 2366 1098 2405 postea
1122 2360 1211 2393 circa
1235 2360 1388 2394 tumbam
1413 2359 1519 2405 ipsius
1545 2358 1688 2403 diligens
1714 2364 1746 2391 et

213 2405 351 2439 sedulus
369 2405 559 2439 assistebat.
609 2405 676 2439 Hic
692 2406 793 2450 longo
810 2412 960 2451 tempore
984 2406 1110 2439 sinistri
1134 2406 1263 2440 brachii
1288 2406 1486 2451 gravissimo
1502 2404 1675 2438 laborabat
1693 2404 1744 2437 in-

213 2452 403 2495 commodo,
432 2457 469 2485 ut
496 2452 552 2484 vix
576 2451 654 2485 inde
678 2458 793 2497 posset
817 2452 957 2497 operari.
1009 2452 1141 2486 Videns
1166 2453 1267 2498 igitur
1292 2453 1335 2486 ad
1359 2452 1511 2486 tumbam
1538 2450 1653 2484 domni
1690 2450 1741 2484 5111

213 2498 338 2531 inultos
357 2510 376 2531 a
392 2498 462 2531 suis
481 2497 735 2531 infirmitatibus
759 2498 904 2541 liberari,
931 2498 1089 2543 cupiebat
1106 2499 1294 2532 remedium
1314 2499 1356 2532 ab
1374 2511 1413 2532 00
1431 2498 1495 2532 sibi
1514 2509 1646 2543 quoque
1664 2508 1743 2530 con—

210 2545 300 2578 ferri.
347 2544 460 2577 Nocte
479 2545 731 2589 Assumptionis
749 2544 858 2578 beatae
876 2545 1038 2589 Virginis,
1065 2546 1145 2578 dum
1170 2545 1252 2578 talia
1276 2545 1458 2578 meditatur
1483 2545 1517 2577 in
1535 2544 1634 2587 lecto⁷
1659 2543 1744 2576 vidit

213 2603 249 2624 sc
268 2591 301 2624 in
320 2591 498 2624 Finchalia
523 2591 778 2633 consistentem,
803 2596 836 2624 et
860 2591 959 2624 beato
985 2591 1133 2625 Godrico
1159 2592 1260 2625 stanti
1286 2597 1363 2625 ante
1385 2603 1421 2625 se
1437 2590 1612 2624 brachium
1631 2595 1743 2623 osten-

214 2637 360 2670 dentem.
395 2637 463 2679 Qui
481 2637 618 2670 brachio
636 2637 826 2679 insufflavit,
847 2637 962 2670 dicens
976 2650 985 2679 ;
1012 2639 1020 2655 ⁶
1035 2638 1139 2670 Mane
1157 2649 1257 2682 super
1273 2649 1388 2671 meum
1405 2637 1620 2682 sepulchrum
1638 2647 1742 2681 pones

212 2683 400 2727 brachium,
418 2689 455 2716 ut
473 2684 610 2717 saneris.
653 2683 756 2717 Dices
774 2684 876 2717 ctiam
893 2683 1098 2728 praesbytero
1116 2690 1153 2717 ut
1170 2684 1296 2717 lectum
1314 2696 1413 2717 suum
1430 2684 1532 2717 faciat
1549 2683 1583 2715 in
1602 2682 1745 2715 ecclesia

212 2730 321 2763 beatae
334 2730 495 2773 Virginis,
510 2729 643 2774 longius
661 2730 703 2763 ab
721 2730 848 2763 Altare.
900 2729 1085 2763 candelam
1103 2741 1235 2774 quoquc
1253 2730 1372 2763 offeres
1390 2742 1462 2763 cras
1479 2730 1588 2763 beatae
1598 2728 1741 2773 Virgini,

212 2776 246 2809 in
265 2775 407 2809 ecclesia
425 2775 612 2809 Dunclmi!
660 2777 917 2821 Expergesccns
934 2776 1002 2819 ille,
1018 2776 1131 2809 omnia
1154 2787 1224 2810 suae
1241 2777 1386 2810 narravit
1404 2776 1502 2809 uxori
1519 2788 1525 2810 ε
1552 2781 1585 2808 et
1602 2775 1740 2808 veniens

212 2822 246 2855 in
265 2822 441 2855 Finchalia
458 2822 570 2867 posuit
588 2822 763 2856 brachium
782 2835 881 2867 super
899 2822 1050 2856 tumbam
1069 2828 1169 2867 atque
1187 2822 1356 2856 convaluit
1373 2836 1381 2865 3
1407 2827 1441 2855 et
1458 2827 1579 2856 caetera
1597 2832 1673 2866 quae
1690 2819 1739 2853 illi

210 2868 346 2901 fuerunt
364 2868 515 2912 injuncta
533 2868 654 2902 deinde
672 2869 891 2914 complevit.”
940 2869 1053 2902 Anon.
1072 2868 1168 2902 Harl.
1188 2868 1336 2913 Legend.
