1839 3186
491 215 549 246 ET
586 214 852 247 MIRAcULrs
890 216 923 246 s.
959 215 1177 248 GODRICI.
1518 206 1597 251 177

64 324 125 360 est
146 323 286 360 autem
299 323 346 359 ut
368 317 474 359 infra
490 323 553 359 ter
574 319 719 372 quinos
736 318 835 369 dies,
860 319 939 369 ille,
964 319 1014 360 de
1037 335 1116 374 quo
1136 320 1196 362 vir
1218 321 1297 362 Dei
1320 321 1325 342 ¹
1337 322 1599 376 praedixerat,

64 390 314 440 aegrotaret,
354 389 396 425 et
436 385 597 426 exitum
627 385 727 426 vitae
769 385 846 426 sibi
877 386 1094 427 imminere
1136 388 1417 441 praesentiens,
1462 390 1595 431 eidem

64 451 228 493 Qabbati
250 466 323 506 pro
345 451 572 492 obtinenda
602 451 782 506 corporis
813 452 1013 507 sospitate
1049 453 1260 503 scriberet,
1295 459 1419 508 atque
1456 472 1597 510 preces

64 518 304 559 effunderet.
368 517 443 559 Ille
466 533 562 559 vero
589 518 732 559 statim
769 523 816 559 ut
849 520 1049 573 scriptum
1076 519 1190 574 legit,
1228 520 1271 561 id
1294 522 1403 575 quod
1429 522 1489 563 vir
1516 522 1595 564 Dei

66 583 273 639 ³pristinis
305 584 449 626 diebus
486 585 537 625 de
573 584 690 625 obitu
723 584 909 639 praedicti
948 586 1087 627 fratris
1123 587 1386 641 praedixerat,
1420 589 1597 630 recolere

63 652 184 706 coepit
204 669 214 700 3
250 655 291 691 et
313 651 550 693 secretiores
564 666 792 693 convocans
811 652 978 700 amicos,
997 652 1076 694 illis
1098 653 1259 708 singula
1280 669 1369 708 quae
1391 655 1594 706 audierat,

60 723 247 759 retexere
270 717 406 772 coepit,
433 723 474 759 et
498 717 764 773 postmodum
785 718 841 759 sic
866 719 1163 765 commonendo
1191 720 1419 776 subjunxit,
1452 726 1476 743 ‘⁶
1500 722 1594 763 Non

63 800 177 839 opus,
212 784 380 840 igitur,”
413 785 615 839 inquiens,
658 789 681 807 ‘⁶
704 789 779 834 est,
816 785 976 836 fratres,
1010 791 1057 827 ut
1094 802 1203 827 nunc
1240 803 1312 842 pro
1343 787 1431 829 vita
1468 789 1596 843 ipsius

64 851 320 893 diuturniore
354 851 562 906 4tempore
596 851 862 906 producenda
892 867 1096 907 rogemus,
1127 868 1221 894 cum
1254 854 1413 909 Spiritu
1440 855 1595 896 Sancto

63 934 135 973 per
156 934 201 959 os
224 918 363 961 dilecti
389 917 462 958 Sui
497 917 724 972 5loquente,
748 917 871 959 finem
893 919 989 959 vitae
1019 919 1147 974 ipsius
1178 936 1251 975 pro
1283 926 1396 962 certo
1418 916 1595 963 6instare

64 985 342 1040 cognovimus.
410 984 531 1025 Nunc
569 989 710 1025 autem
743 999 816 1038 pro
845 985 961 1025 exitu
992 986 1088 1026 vitae
1125 987 1233 1028 illius
1270 987 1449 1028 Domino
1487 1004 1594 1029 com-

62 1052 296 1092 mendando
324 1052 606 1106 postulemus3
640 1056 688 1091 ut
728 1051 874 1091 saltem
917 1052 1106 1105 spiritum
1142 1053 1250 1094 illius
1297 1054 1347 1094 de
1389 1060 1595 1108 potestate

63 1119 325 1159 tenebrarum
345 1123 386 1159 et
412 1117 462 1158 de
486 1117 585 1158 locis
611 1132 823 1172 poenarum
857 1117 1017 1172 eripiat,
1043 1118 1158 1174 cujus
1178 1119 1192 1144 7
1209 1119 1318 1161 diem
1341 1121 1478 1162 obitus
1509 1122 1595 1163 sine

63 1184 188 1225 dubio
209 1185 409 1225 terminus
432 1183 707 1238 8(161161161111616
730 1185 864 1225 carnis
893 1185 1135 1226 accele1²at.”
1199 1187 1427 1239 Quindenis
1452 1194 1597 1242 postea

63 1251 208 1292 diebus
238 1251 280 1292 in
306 1250 449 1292 multis
484 1250 692 1291 doloribus
729 1250 900 1301 exactis,
940 1251 1007 1292 ille
1041 1252 1292 1307 defungitur,
1330 1259 1376 1294 ut
1411 1253 1452 1294 id
1487 1256 1597 1309 quod

62 1333 203 1360 servus
237 1318 317 1359 Dei
353 1318 404 1358 de
432 1317 512 1368 illo,
552 1317 700 1371 spiritu
738 1318 978 1372 prophetico
1007 1319 1271 1373 praedixerat,
1307 1321 1593 1375 compleretur.

64 1384 245 1425 Proinde
286 1384 535 1439 propheticae
558 1384 724 1425 virtutis
765 1384 968 1439 dignitate
1010 1400 1090 1426 non
1129 1387 1261 1427 caruit
1298 1388 1367 1442 qui
1404 1388 1505 1429 talia
1546 1388 1597 1429 de

62 1451 296 1493 viventibus
317 1451 553 1506 praesentire
575 1451 712 1505 potuit
734 1455 775 1492 et
798 1451 1005 1505 praedixit.

131 1518 240 1559 Haec
261 1518 436 1559 domnus
456 1517 585 1559 abbas
613 1517 681 1558 ille
716 1517 864 1572 saepius
885 1519 1093 1568 astruxit;
1129 1525 1171 1561 et
1193 1520 1357 1569 fratres,
1380 1521 1528 1577 quibus
1551 1537 1599 1563 ea

62 1585 274 1636 retulerat,
298 1599 436 1626 coram
457 1584 682 1640 producere
704 1583 955 1627 9consuevit.

109 1698 117 1716 ¹
139 1697 376 1740 Praedixerat]
403 1697 556 1740 Dixerat,
578 1696 625 1730 H.

110 1745 123 1763 ²
140 1744 291 1791 Abbati]
320 1745 382 1777 See
401 1741 419 1789 ᾧ
441 1746 518 1778 178.
546 1743 662 1776 When
681 1754 699 1775 a
716 1742 820 1775 monk
838 1754 906 1776 was
924 1742 1081 1775 attaeked
1097 1742 1177 1776 with
1196 1744 1359 1788 sickness,
1386 1744 1429 1777 he
1452 1757 1520 1778 was
1546 1757 1599 1778 re·-

64 1791 181 1835 quired
193 1797 227 1824 to
239 1791 393 1824 intimate
408 1791 475 1823 this
488 1789 555 1822 fact
572 1794 606 1822 to
621 1789 677 1822 the
693 1789 809 1822 Abbot
827 1801 863 1822 or
882 1789 988 1832 Prior,
1006 1789 1051 1834 by
1065 1789 1175 1822 whom
1195 1790 1220 1823 it
1238 1803 1306 1824 was
1325 1792 1598 1825 communicated

64 1844 97 1870 to
115 1838 172 1870 the
191 1843 347 1870 convent.
395 1838 458 1870 See
484 1837 653 1869 instances
679 1836 713 1868 in
740 1835 906 1879 Martene,
934 1835 975 1868 de
1001 1836 1118 1880 Antiq.
1142 1836 1342 1870 Monaehor.
1366 1838 1514 1881 Ritibus,
1540 1851 1597 1884 pp.

65 1885 143 1927 738,
159 1884 237 1918 739.
273 1884 313 1917 In
325 1883 392 1917 this
411 1883 564 1916 instance
581 1882 638 1915 the
655 1882 759 1915 monk
778 1882 815 1915 of
829 1881 980 1915 Durham
1000 1888 1102 1915 wrote
1120 1888 1154 1915 to
1172 1883 1229 1916 the
1247 1884 1362 1917 Abbot
1380 1885 1418 1917 of
1430 1885 1598 1918 Rievaux.

108 1931 122 1995 Ξ
141 1930 338 2023 ῗνὶεΐίηἰεῆ
356 1930 422 2009 {fiel
440 1929 629 2009 1³1·aeterit}s{,
652 1929 693 1963 Β.
954 1929 969 1995 64
986 1928 1453 2011 ἷεφῖρονε.](,Τ61111)ο1·ῐι,ΗΗ.

256 1990 276 2009 7,
314 2003 320 2010 .
397 1989 415 2009 o
441 1982 551 2009 uentis
624 2002 631 2009 .
1011 1987 1046 2008 ns
1064 1988 1130 2009 are.
1200 1977 1342 2010 ‘onstare
1417 2004 1424 2011 .

109 2023 122 2043 ⁷
142 1983 386 2070 111ξὲἵᾶίῖώῆ
405 1988 562 2057 1-1,
954 2023 966 2040 s
986 1975 1219 2069 Deponerillae]
1248 2004 1468 2069 Depoiiendo,
1490 2025 1538 2058 Η.

112 2070 125 2089 ⁹
146 2070 350 2116 consuevit]
377 2070 460 2103 This
477 2068 629 2102 incident
647 2068 675 2101 is
694 2068 772 2102 thus
790 2067 946 2102 narrated
967 2068 1001 2101 in
1019 2068 1076 2101 the
1097 2081 1307 2115 anonymous
1333 2071 1427 2104 Harl.
1452 2071 1572 2116 legend
1590 2084 1596 2106 :

64 2118 85 2134 “
101 2116 187 2150 Cum
206 2118 353 2150 venisset
373 2116 415 2149 ad
441 2115 628 2149 Godricum
646 2115 719 2148 viee
745 2115 890 2160 quadam
916 2115 1020 2148 abbas
1038 2116 1239 2149 venerabilis
1266 2117 1482 2159 Ethelredus,
1509 2119 1594 2152 invi-

63 2175 135 2197 cem
155 2175 190 2196 se
208 2163 438 2209 spiritualibus
456 2162 612 2207 alloquiis
638 2162 837 2195 refecerunt.
890 2161 986 2194 Tune
1005 2162 1107 2195 etiam
1126 2169 1261 2196 venerat
1279 2164 1416 2208 quidam
1435 2165 1537 2198 frater
1555 2165 1596 2199 de

62 2210 216 2244 coenobio
243 2210 478 2253 Dunelmensi,
496 2209 545 2242 vir
563 2208 643 2241 olim
669 2209 867 2242 notissimus
885 2214 918 2241 et
936 2208 1023 2241 inter
1047 2220 1187 2253 magnos
1205 2215 1238 2242 et
1257 2210 1378 2243 divites
1400 2211 1595 2255 honoratus,

63 2256 119 2301 qui
154 2256 292 2290 sedebat
321 2256 481 2299 exterius,
511 2255 590 2288 (111111
617 2255 665 2288 1111
692 2255 854 2288 secretius
879 2254 1107 2299 loquerentur.
1158 2256 1239 2289 Post
1266 2256 1400 2290 illorum
1426 2258 1594 2303 colloquia

62 2303 186 2336 ostium
212 2309 264 2337 est
288 2309 453 2348 apertum,
479 2308 512 2335 et
536 2302 637 2335 frater
662 2301 720 2334 ille
745 2307 826 2334 tunc
852 2301 990 2334 sedebat
1008 2313 1109 2346 super
1134 2303 1304 2336 tumulum
1323 2304 1383 2337 viri
1412 2305 1519 2338 sancti
1546 2306 1594 2339 la-

62 2350 211 2394 pideum,
231 2361 330 2394 quem
349 2355 426 2382 ante
444 2349 547 2382 limen
566 2348 704 2393 capellae
728 2353 896 2393 posuerat,
914 2354 952 2380 ut
969 2355 1111 2381 mortem
1131 2360 1226 2382 suam
1249 2356 1363 2395 posset
1380 2350 1503 2384 habere
1526 2364 1594 2397 prae

62 2396 181 2429 oculis.
233 2396 334 2429 Illum
358 2396 459 2440 igitur
484 2395 664 2438 aspiciens,
683 2394 772 2427 dixit
790 2394 903 2427 abbati
919 2406 925 2428 :
953 2396 961 2412 ‘
976 2395 1082 2427 Recte
1108 2395 1202 2428 sedet
1221 2396 1254 2429 in
1273 2397 1415 2440 tumulo,
1435 2399 1593 2442 quoniam

60 2443 267 2488 propinquus
293 2448 344 2475 est
362 2442 433 2475 dies
460 2441 679 2486 depositionis
706 2441 822 2481 illius;
850 2447 882 2473 et
900 2452 990 2483 ecce,
1015 2448 1140 2485 quanta
1164 2443 1300 2487 pigritia
1325 2455 1414 2477 nunc
1433 2446 1594 2489 torpescit

60 2489 116 2533 qui
143 2496 248 2522 totam
274 2489 309 2521 in
335 2488 465 2521 deliciis
491 2488 594 2521 vitam
625 2487 734 2521 duxit.
786 2487 962 2520 Clientelis
991 2487 1057 2521 huc
1084 2499 1190 2533 usque
1216 2489 1359 2534 stipatus
1385 2490 1535 2535 incessit,
1562 2498 1595 2525 et

60 2535 273 2568 morticinam
300 2547 433 2568 carnem
452 2533 681 2579 voluptatibus
707 2534 883 2578 saginavit.
934 2534 1038 2567 Nunc
1056 2534 1159 2579 pedes
1184 2535 1305 2569 baculo
1323 2542 1541 2581 sustentatur,
1561 2544 1594 2571 et

62 2593 185 2626 equum
203 2594 269 2615 non
287 2582 351 2615 nisi
369 2581 526 2614 manibus
544 2581 663 2614 alienis
682 2580 831 2613 elevatus
857 2580 1020 2614 ascendit.
1073 2581 1146 2625 Ego
1172 2588 1297 2626 autem,
1316 2583 1372 2629 qui
1390 2583 1489 2628 longo
1508 2590 1593 2617 tem-

61 2639 140 2672 pore
158 2628 192 2660 in
217 2628 388 2662 laboribus
407 2628 476 2660 vixi
502 2639 629 2673 pauper
647 2633 679 2660 et
697 2627 799 2670 solus,
818 2627 1013 2670 hujusmodi
1040 2627 1200 2661 subsidiis
1218 2640 1285 2661 non
1304 2629 1461 2674 indigeo.⁷
1511 2631 1593 2665 Post

61 2674 133 2707 haec
159 2675 320 2707 secretius
351 2674 440 2707 dicta
470 2674 610 2719 digressi
637 2679 715 2706 sunt
741 2679 773 2706 et
799 2673 841 2706 ad
866 2673 998 2719 propria
1026 2681 1229 2708 remearunt.
1281 2675 1373 2708 Infra
1399 2676 1591 2720 quindecim

62 2721 133 2753 dies
159 2720 215 2753 ille
240 2721 341 2753 frater
365 2727 524 2765 aegrotare
550 2720 700 2764 incepit3
727 2725 760 2752 et
778 2720 879 2764 igitur
904 2726 1069 2763 metuens,
1089 2721 1202 2754 abbati
1228 2722 1366 2766 praefato
1393 2723 1537 2767 scripsit,
1557 2731 1593 2757 ut

60 2779 118 2812 pro
144 2767 287 2799 sanitate
313 2768 418 2812 ipsius
444 2776 563 2800 oraret.
623 2766 740 2799 Abbas
763 2778 840 2798 vero
867 2766 996 2799 dictum
1022 2766 1160 2800 Godrici
1185 2768 1346 2810 recolens,
1371 2768 1593 2804 familiaribus

62 2814 266 2857 convocatis,
283 2813 342 2846 viri
363 2813 426 2846 Dei
446 2813 546 2846 verba
564 2813 732 2846 recensuit
751 2819 783 2845 et
801 2812 979 2856 subjunxit
994 2825 1000 2846 :
1028 2814 1036 2830 ί
1050 2813 1130 2846 Νο11
1150 2819 1200 2846 est
1218 2826 1313 2858 opus,
1332 2814 1461 2858 fratres,
1479 2824 1516 2849 ut
1534 2829 1592 2862 pro

63 2860 130 2892 vita
156 2859 262 2904 ipsius
289 2859 496 2893 diuturniore
522 2871 708 2904 precemur,
735 2858 793 2892 sed
819 2859 932 2903 potius
958 2859 1088 2893 exitum
1117 2859 1264 2893 Domino
1290 2861 1592 2897 commendemus?

64 2905 138 2950 Ille,
157 2907 244 2939 sicut
262 2905 430 2939 Godricus
449 2906 593 2947 dixerat,
612 2906 645 2938 in
663 2906 754 2939 brevi
775 2905 815 2939 de
833 2905 945 2939 medio
964 2911 1014 2939 est
1032 2905 1220 2939 sublatus.'’

1362 2992 1390 3016 N
