1839 3186
208 143 291 183 284
725 152 958 185 LIBELLus
995 153 1059 184 DE
1096 153 1212 185 VITA

210 255 260 297 de
282 255 346 297 his
368 270 457 310 quae
478 269 690 310 nunquam
721 256 835 310 prius
866 271 953 311 prae
984 255 1165 298 horroris
1199 255 1436 298 confusione
1466 255 1652 299 confiteri
1677 273 1747 313 po-

208 323 302 373 tuit,
329 337 377 363 ac
399 322 614 364 absolutus
636 337 659 363 a
683 322 929 364 sacerdotali
952 327 1158 377 potestate
1187 338 1326 364 coram
1348 323 1436 365 viro
1466 323 1547 365 Dei
1577 324 1746 366 resedit.

211 388 304 441 Qui,
327 388 423 429 linei
445 389 572 444 panni
594 387 749 430 fissuris
770 389 825 430 ad
856 389 1170 430 similitudinem
1186 389 1329 431 Crucis
1356 389 1498 431 ordine
1522 390 1747 431 cancellato

206 455 482 510 transpositis,
524 455 597 505 ait,
638 460 661 478 ‘⁴
681 455 731 496 In
764 456 929 496 nomine
963 454 1069 496 Jesu
1102 455 1270 506 Christi,
1311 456 1443 509 Quem
1477 456 1631 507 vidisti,
1668 457 1747 498 hoc

208 521 351 563 Crucis
382 521 637 577 signaculum
670 521 712 562 in
735 521 800 562 die
825 521 1026 576 passionis
1062 521 1192 571 Illius,
1224 537 1313 576 quae
1347 522 1471 563 ¹feria
1495 528 1615 564 sexta
1637 522 1746 564 diem

209 587 382 630 Paschae
407 588 630 629 solemnem
652 587 862 643 praecedit,
885 587 1058 643 suscipe,
1080 592 1128 629 ut
1154 587 1309 630 Christi
1332 588 1597 630 clementiam
1617 589 1747 644 possis

207 654 492 709 consequendo
517 654 740 709 percipere.
803 653 881 695 Illo
905 653 1014 695 enim
1035 659 1078 695 te
1096 669 1169 708 per
1189 654 1388 696 visionem
1411 654 1534 697 istam
1558 654 1747 697 Christus

208 721 398 771 vocabat,
429 726 478 762 ut
506 720 649 762 Crucis
677 720 946 775 ignominiam
975 720 1017 761 in
1040 719 1242 762 Calvariae
1265 720 1355 762 loco
1380 736 1453 776 pro
1475 726 1516 762 te
1539 721 1747 775 quondam

206 801 350 842 passus
372 785 661 841 suscipiebat.”
724 786 884 839 Quibus
905 787 1084 828 consiliis
1105 801 1153 827 ac
1173 788 1391 842 praeceptis
1412 787 1589 828 libenter
1608 787 1745 842 acqui-

210 853 308 905 evit,
345 868 393 895 ac
432 853 483 894 de
521 868 648 894 manu
688 852 797 894 illius
838 852 941 894 illud
980 853 1240 908 signaculum
1275 853 1520 909 percipiens,
1564 853 1745 895 Domino

208 919 364 975 gratias
384 920 564 961 referens
584 919 851 960 laetabundus
882 919 1095 961 abscessit.
1159 919 1421 961 Mirabamur
1442 920 1571 975 igitur
1600 925 1642 961 et
1671 936 1746 962 nos

211 986 416 1041 quomodo
437 986 513 1035 vir,
548 1001 669 1040 quem
694 1000 908 1039 nunquam
931 991 1029 1027 ante
1052 985 1226 1037 viderat,
1251 986 1538 1041 cognovisset3
1572 987 1746 1042 gratias-

208 1068 286 1107 que
308 1053 399 1094 Deo
423 1052 651 1103 retulimus,
677 1051 786 1106 quod
807 1057 970 1106 patrem
991 1057 1179 1094 nostrum
1204 1056 1416 1093 tantorum
1448 1053 1743 1109 mysteriorum

207 1120 462 1175 cognitorem
480 1124 604 1173 atque
627 1118 862 1160 effectorem
885 1119 1164 1174 cognovimus,
1195 1118 1427 1174 gaudioque
1448 1119 1634 1161 maximo
1652 1135 1743 1175 per-

206 1186 286 1227 fusi
321 1200 461 1227 sumus
497 1186 608 1240 quod
642 1190 730 1226 tam
768 1186 937 1227 secretis
976 1185 1209 1227 coelestibus
1244 1185 1480 1227 interfuisse
1515 1186 1741 1241 potuimus.

208 1251 486 1294 Revolventes
516 1252 625 1293 enim
658 1251 792 1293 noctis
821 1251 966 1293 horam
996 1267 1077 1306 qua
1105 1252 1193 1292 haec
1229 1252 1388 1293 coelitus
1419 1252 1531 1293 facta
1561 1252 1741 1302 fuerant,

164 1317 167 1324 '
207 1319 565 1374 comprobavimus
589 1318 705 1359 illum
725 1318 871 1359 eadem
895 1323 1017 1359 nocte
1038 1319 1142 1359 miro
1165 1318 1396 1360 devotionis
1417 1333 1556 1360 amore
1578 1319 1742 1373 spiritu-

207 1386 341 1427 alibus
363 1385 548 1426 excubiis
570 1385 799 1435 inservisse,
824 1385 1097 1439 convenitque
1124 1385 1228 1425 hora
1250 1384 1395 1426 eadem
1420 1389 1507 1426 tam
1529 1384 1742 1426 admiran-

208 1452 270 1493 dae
293 1452 460 1494 visionis
481 1466 575 1493 cum
607 1455 819 1493 momento
850 1451 1049 1506 temporis
1079 1450 1254 1506 profusae
1285 1451 1339 1492 ad
1370 1451 1597 1493 Dominum
1628 1451 1741 1493 90101-

207 1519 345 1560 tionis.

253 1628 264 1649 ¹
285 1628 365 1662 Feo
355 1641 387 1662 ια
400 1633 501 1663 sexta
507 1628 521 1675 ]
550 1627 623 1662 Not
641 1628 698 1662 the
716 1628 809 1662 sixth
827 1628 892 1673 day
905 1628 1019 1662 before
1038 1628 1168 1673 Easter,
1186 1628 1248 1662 but
1265 1627 1323 1662 the
1340 1628 1433 1662 sixth
1450 1628 1516 1673 day
1527 1628 1565 1662 of
1577 1628 1634 1662 the
1647 1628 1741 1662 week

203 1675 317 1708 before
337 1675 466 1718 Easter,
484 1674 631 1720 namely,
649 1687 738 1728 upon
757 1675 856 1708 Good
874 1675 1014 1720 Friday.

253 1722 266 1740 ²
286 1721 468 1756 Orationis.
474 1720 488 1767 ]
518 1721 591 1754 The
612 1722 777 1754 narrative
795 1721 824 1754 is
841 1721 920 1755 thus
938 1721 1146 1754 continued
1138 1733 1171 1755 m
1190 1721 1248 1755 the
1274 1733 1485 1767 anonymous
1510 1721 1739 1766 manuscript:

206 1770 228 1786 “
241 1768 370 1801 Volens
396 1774 508 1801 autem
534 1767 577 1800 ad
603 1779 680 1800 euni
705 1768 882 1809 (111·-011010,
902 1767 1097 1813 compulsus
1115 1780 1134 1801 a
1152 1768 1252 1801 sociis
1277 1768 1442 1813 processit
1460 1779 1537 1801 cum
1556 1768 1629 1809 eis3
1656 1767 1741 1800 etin

205 1814 298 1848 brevi
327 1826 479 1847 reversus
509 1814 593 1846 adiit
619 1814 727 1847 virum
755 1814 832 1848 Dei.
883 1814 994 1856 Quem
1019 1813 1148 1857 videns,
1176 1815 1287 1859 ipsum
1315 1826 1388 1847 esse
1418 1826 1519 1859 quem
1549 1814 1583 1847 in
1613 1814 1740 1847 somnis

205 1861 344 1904 viderat,
362 1860 592 1906 proclamavit,
611 1866 644 1893 et
662 1860 800 1894 visionis
826 1860 965 1893 modum
990 1860 1088 1893 nobis
1113 1860 1338 1894 residentibus
1366 1860 1542 1895 enarravit.
1594 1860 1739 1893 Interio-

205 1913 303 1952 gatus
326 1919 392 1952 qua
413 1912 511 1940 nocte
530 1906 581 1940 vel
604 1907 686 1940 hora
709 1907 758 1940 510
782 1906 920 1950 videret,
940 1908 960 1925 ‘⁴
974 1906 1098 1949 Hodie,
1103 1906 1124 1920 ''
1142 1907 1200 1950 ait,
1225 1907 1396 1952 “quintus
1420 1906 1572 1940 decimus
1595 1906 1667 1940 dies
1688 1911 1739 1939 est

206 1966 250 1987 ex
276 1966 341 1999 quo
365 1953 441 1988 haec
465 1954 535 1987 fere
560 1953 672 1986 media
700 1959 800 1986 nocte
826 1953 1000 1998 conspexi.
1004 1953 1026 1969 ''
1078 1953 1174 1986 Tune
1193 1953 1242 1986 vir
1267 1958 1424 1986 sanctus:
1453 1952 1599 1997 “Ego
1618 1953 1738 1997 inquit,

206 2003 227 2019 “
240 2001 289 2034 fui
308 2012 408 2045 quem
426 1999 540 2033 vidisti
560 1999 706 2032 Domino
723 1999 930 2051 loquentem,
943 2005 975 2032 et
993 2011 1052 2044 pro
1066 2005 1124 2032 tuo
1142 1999 1282 2032 crimine
1301 1999 1548 2044 depre.cantem
1597 1999 1650 2032 Tu
1662 2010 1739 2031 1010

204 2047 327 2080 faeiem
354 2047 439 2090 Ejus
464 2046 497 2079 in
524 2046 733 2079 confessione
759 2046 916 2090 piaeveni,
935 2052 972 2078 ut
989 2057 1065 2078 mea
1091 2045 1200 2090 possis
1226 2045 1465 2078 intercessione
1478 2045 1601 2088 ι]”111·.οι11
1607 2044 1627 2061 ⁷'
1676 2044 1739 2078 Ille

204 2093 368 2127 accedens
386 2093 428 2126 ad
445 2092 665 2144 sacerdotem,
684 2092 774 2136 quod
799 2098 897 2125 antea
921 2103 991 2136 plae
1009 2091 1206 2124 confusione
1223 2091 1315 2125 celav
1319 2103 1353 2124 01
1356 2097 1400 2134 at
1419 2098 1668 2136 compunctus
1660 2103 1737 2143 ape-

205 2140 297 2182 ruit;
323 2145 356 2172 ct
373 2139 442 2172 vilo
461 2139 526 2171 Dei
544 2139 592 2171 sic
610 2138 784 2171 absolutus
810 2137 946 2181 assedit,
966 2138 1022 2182 qui
1042 2137 1082 2170 de
1099 2137 1189 2170 lineo
1214 2149 1325 2183 panno
1345 2137 1489 2171 Crucem
1507 2138 1599 2181 fecit,
1618 2143 1651 2170 et
1668 2138 1736 2171 ait:

206 2188 227 2205 ‘⁶
243 2187 282 2219 In
300 2185 436 2218 nomine
454 2185 537 2218 Jesu
557 2185 682 2217 Christi
705 2184 769 2218 hoc
787 2184 920 2228 signum
940 2184 1086 2217 0111015
1077 2184 1222 2229 accipies
1248 2184 1282 2217 in
1309 2184 1494 2217 Palasceve
1512 2190 1589 2217 ante
1607 2184 1736 2225 Pasca;

205 2233 364 2278 quoniam
391 2231 469 2276 Ipse
494 2231 536 2264 ad
561 2231 648 2264 hanc
672 2230 975 2276 peregrinationem
994 2236 1026 2263 te
1045 2231 1186 2274 1000111,
1205 2230 1339 2275 quando
1364 2230 1425 2263 tibi
1445 2230 1546 2263 Cruci
1564 2230 1654 2263 fixus
1679 2242 1737 2275 ap-

205 2280 326 2326 paruit.
331 2279 351 2294 ’⁷
401 2278 423 2311 J
426 2289 542 2311 uvenls
558 2277 702 2311 libenter
719 2277 844 2311 salubii
863 2277 1004 2310 consilio
1022 2277 1201 2321 acquiexit,
1216 2283 1249 2311 et
1266 2276 1481 2311 laetabundus
1497 2276 1697 2310 abscessitst’
