1839 3186
212 167 263 208 29
271 168 296 206 0
741 176 973 210 LIBELLUS
1005 177 1069 209 DE
1102 177 1218 209 VITA

207 281 409 337 Spiritum
427 282 628 324 Sanctum
644 281 769 323 toties
785 281 968 323 canendo
982 280 1237 337 replicasti?
1286 280 1360 322 “Si
1376 296 1504 336 usque
1518 281 1560 322 in
1576 279 1740 331 finem,”

208 349 370 403 inquiit,
389 350 486 391 vitae
507 364 622 398 meze,
646 363 737 402 quae
756 348 824 390 hic
839 349 981 390 futura
1004 353 1065 390 est
1086 348 1249 389 modico
1266 352 1463 403 tempore,
1482 363 1530 389 ea
1553 363 1642 402 quae
1658 347 1742 388 dic-

206 421 325 458 turus
341 431 409 457 ero
424 420 604 458 secretus
617 415 658 456 in
675 415 827 457 silentii
840 415 1039 457 memoria
1051 415 1229 457 volueris
1242 429 1495 465 conservare,
1510 413 1746 469 quaestionis

207 481 330 538 hujus
365 498 532 525 causam
568 482 657 532 tibi,
699 482 902 523 sacerdoti
937 497 1042 532 meo,
1086 481 1286 536 dignabor
1322 482 1483 536 planius
1523 480 1743 523 enodare.”

209 549 332 602 Quod
360 550 568 604 utrimque
604 547 894 590 confirmatum
929 554 1003 590 est.
1068 548 1185 589 Tunc
1206 547 1286 599 ille,
1321 553 1348 572 “
1366 549 1478 589 Dum
1500 548 1622 603 paulo
1644 553 1741 589 ante

206 615 456 658 intolerabili
474 615 674 672 fagitatus
696 614 943 670 aegritudine
964 614 1240 669 respirassem,
1264 629 1311 655 ac
1330 615 1384 655 ad
1404 614 1644 665 Dominum,
1661 614 1742 667 Qui

206 682 248 724 in
282 682 378 725 altis
413 683 576 725 habitat
613 687 653 722 et
685 681 858 722 humilia
891 681 1075 736 respicit,
1101 681 1238 722 oculos
1268 680 1368 722 istos
1389 680 1623 731 erexissem,
1655 680 1740 723 vidi

206 749 391 803 superius
419 750 539 790 coelos
558 753 733 804 apertos,
758 753 799 789 et
820 748 1038 789 beatorum
1060 747 1280 802 spirituum
1302 748 1447 789 choros
1471 747 1668 789 candidos
1689 762 1737 789 ac

208 814 404 867 infinitos,
441 817 510 870 qui
541 815 685 856 eadem
716 830 857 856 omnes
889 830 978 869 quae
1010 815 1137 855 cecini
1174 829 1268 855 cum
1300 814 1435 856 verbis
1463 813 1563 869 ipsis
1593 814 1740 868 quibus

208 881 381 933 insonui,
425 897 519 923 cum
558 881 708 923 cantici
751 882 858 922 melo
902 896 982 935 quo
1024 896 1171 922 vocum
1212 880 1449 922 discrimina
1491 880 1736 935 permutavi,

206 953 393 990 sanctam
433 948 683 990 Trinitatem
721 963 820 990 voce
856 947 1135 1003 inexplicabili
1164 947 1382 989 laudantes
1420 947 1600 988 Domino
1628 945 1741 1002 jubi-

206 1015 361 1066 labant,
418 1030 466 1057 ac
507 1030 580 1071 pro
630 1015 790 1071 generis
832 1014 1002 1056 humani
1045 1014 1178 1056 salute
1209 1014 1442 1055 dulcissime
1482 1013 1739 1069 personando

206 1082 449 1123 exorabant.
513 1081 570 1122 Et
606 1097 649 1123 re
684 1096 794 1132 vera,
833 1086 1037 1122 aeternum
1074 1081 1246 1122 Patrem
1285 1080 1469 1121 omnium
1500 1079 1740 1122 Creatorem

204 1148 434 1203 Jesumque
478 1148 753 1189 Nazaraenum
792 1148 1022 1190 seculorum
1073 1148 1258 1188 omnium
1309 1147 1650 1202 Redemptorem‚
1687 1161 1735 1188 ac

208 1214 409 1270 Spiritum
433 1215 634 1257 Sanctum
670 1214 853 1256 omnium
880 1213 1202 1265 Consolatorem,
1237 1213 1304 1254 hic
1344 1214 1614 1269 personaliter
1651 1213 1735 1255 vidi

206 1281 371 1323 affuisse
412 1297 460 1323 ac
503 1297 625 1337 super
666 1281 833 1336 spiritus
874 1281 1057 1322 omnium
1099 1280 1343 1322 constitisse.
1397 1279 1524 1336 Cujus
1567 1280 1735 1323 visionis

196 1346 383 1403 jocunda
416 1348 691 1390 delectatione
726 1348 927 1403 perfusus,
953 1353 995 1389 et
1017 1363 1042 1389 a
1065 1347 1370 1389 concinentium
1395 1347 1529 1389 choris
1549 1347 1734 1389 admoni-

205 1420 287 1463 tus,
327 1430 375 1457 ea
410 1430 500 1469 quae
533 1414 685 1456 audisti
721 1413 912 1456 dulcifiue
944 1413 1086 1463 cecini,
1122 1413 1217 1468 quia
1255 1415 1439 1469 linguam
1474 1429 1500 1455 a
1524 1413 1731 1456 Creatoris

205 1481 389 1523 omnium
405 1482 597 1523 laudibus
610 1481 799 1522 cohibere
820 1496 901 1522 non
924 1481 1081 1536 potui.”
1113 1481 1217 1522 Post
1237 1481 1325 1521 haec
1346 1481 1558 1522 infremuit
1574 1480 1733 1536 spiritu,

205 1553 247 1589 et
277 1549 411 1590 acrius
435 1548 556 1603 coepit
587 1546 696 1598 flere,
719 1552 888 1603 pectora
919 1547 1098 1589 tundens
1128 1552 1170 1589 et
1205 1547 1344 1589 dicens
1383 1546 1530 1602 saepius
1572 1547 1735 1589 “Mise-

202 1630 304 1666 rere,
328 1615 520 1665 Domine,
542 1614 747 1656 miserere.
812 1614 953 1664 Heu,'⁷
988 1613 1188 1670 inquiens,
1226 1614 1452 1664 “Domine,
1473 1614 1670 1668 quamdiu
1709 1629 1735 1655 a

200 1686 322 1722 tanta
344 1681 474 1737 gloria
509 1681 804 1736 separabimur,
830 1686 871 1721 et
902 1680 943 1721 in
963 1679 1086 1737 hujus
1106 1680 1279 1722 miseriae
1305 1680 1541 1722 calamitate
1561 1680 1733 1722 derelin-

203 1748 426 1802 quemur?”
450 1763 525 1789 nec
546 1747 663 1789 affari
683 1747 860 1802 amplius
881 1747 1030 1802 potuit,
1054 1748 1149 1801 quia
1161 1747 1322 1802 pondus
1336 1748 1537 1789 contracti
1557 1747 1735 1803 'pectoris

202 1814 445 1856 facilitatem
466 1814 660 1869 loquendi
681 1814 925 1855 minorando
948 1813 1225 1869 ¹praepedivit.‚

251 1922 259 1941 ¹
281 1923 512 1969 Praepedivz't]
542 1924 616 1957 The
637 1924 804 1957 narrative
821 1924 900 1957 thus
917 1924 1078 1969 proceeds
1096 1936 1102 1959 :
1129 1925 1151 1943 “
1165 1924 1251 1958 Fere
1268 1930 1335 1959 tres
1360 1925 1459 1958 horas
1477 1924 1512 1957 111
1536 1922 1731 1967 hujusmodi

201 1968 432 2003 modulatione
450 1970 642 2016 complevit,
661 1977 697 2004 ut
715 1971 774 2016 [et,
794 1969 886 2017 MS]
912 1971 1022 2016 potuit
1038 1971 1106 2004 late
1128 1982 1187 2016 per
1203 1971 1339 2005 hortum
1358 1983 1423 2005 vox
1441 1971 1608 2004 cantantis
1627 1969 1730 2003 didici

204 2014 383 2061 [didicisti,
402 2017 500 2051 MS.:
524 2029 617 2050 some
635 2018 744 2051 words
773 2029 896 2062 appear
922 2023 957 2050 to
982 2017 1024 2051 be
1048 2017 1128 2051 here
1155 2018 1327 2063 omitted}
1376 2018 1510 2060 ‘Quare
1529 2017 1676 2060 Patrem,
1696 2022 1729 2049 et

202 2062 342 2106 Filium,
364 2068 397 2096 et
418 2063 580 2108 Spiritum
608 2064 769 2097 Sanctum
797 2064 897 2097 toties
924 2064 1051 2096 iterasti
1066 2064 1090 2097 2⁷
1140 2064 1196 2097 Ad
1223 2064 1318 2098 haec:
1357 2065 1366 2082 ⁶
1382 2064 1416 2097 Si
1446 2075 1553 2108 usque
1582 2063 1625 2096 ad
1652 2063 1730 2096 vitae

201 2109 311 2152 meae,'
330 2108 428 2152 dixit,
456 2109 593 2152 ‘finem,
619 2111 676 2154 qui
695 2110 826 2143 vicinus
854 2116 916 2151 est,
934 2122 973 2142 ea
999 2121 1075 2154 quae
1104 2109 1214 2143 dicam
1244 2110 1352 2143 celare
1377 2110 1582 2155 promiseris,
1599 2109 1673 2152 tibi,
1692 2114 1729 2142 ut

202 2166 278 2188 meo
308 2156 484 2198 sacerdoti,
513 2156 602 2200 quod
632 2156 766 2201 quaeris,
800 2156 971 2200 aperiam.’
1038 2156 1139 2198 Quod
1181 2168 1259 2189 cum
1299 2157 1410 2190 facere
1448 2156 1704 2202 spopondissem
1722 2168 1728 2189 :

201 2203 211 2219 ‘
226 2201 334 2242 Vidi,'
351 2202 408 2241 ait,
429 2203 438 2220 ‘
451 2202 554 2236 coelos
572 2209 715 2248 apertos,
734 2208 767 2235 et
784 2202 958 2236 beatorum
976 2203 1155 2247 spirituum
1173 2203 1292 2236 choros
1307 2203 1458 2236 albentes
1476 2202 1604 2236 eisdem
1621 2201 1731 2235 verbis

202 2253 235 2281 et
252 2247 482 2281 modulatione
508 2260 608 2293 quam
632 2249 757 2294 protuli
783 2260 951 2282 summam
970 2249 1172 2283 Trinitatem
1197 2249 1384 2294 laudantes,
1403 2255 1435 2282 et
1452 2261 1511 2295 pro
1537 2248 1645 2282 salute
1669 2248 1732 2281 hu-

202 2294 293 2327 mani
315 2295 447 2339 generis
470 2301 661 2329 exorantes.
712 2295 795 2328 Vidi
821 2296 923 2329 etiam
954 2295 1102 2337 Patrem,
1127 2296 1278 2329 omnium
1304 2296 1510 2340 Creatorem,
1536 2301 1570 2329 et
1588 2295 1729 2338 Filium,

201 2341 353 2374 omnium
379 2341 653 2386 Redemptorem,
680 2347 713 2375 et
730 2342 893 2387 Spiritum
918 2342 1069 2376 omnium
1095 2342 1361 2386 consolatorem,
1385 2343 1503 2376 adesse
1522 2348 1728 2388 praesentes3

201 2388 291 2421 unde
308 2399 374 2432 prae
392 2388 498 2421 nimia
518 2388 731 2432 jocunditate
750 2400 866 2422 vocem
884 2394 917 2422 et
933 2388 1084 2433 linguam
1110 2389 1267 2423 cohibere
1292 2401 1359 2423 non
1384 2389 1504 2434 potui.’
1555 2388 1636 2421 Post
1653 2388 1727 2421 haec

199 2434 371 2467 infremuit
390 2434 521 2479 spiritu,
540 2440 572 2467 et
590 2435 735 2468 tundens
752 2441 870 2480 pectus
884 2447 962 2468 cum
979 2435 1138 2479 lacrimis,
1153 2436 1200 2469 ait
1217 2447 1306 2481 saepe
1320 2448 1326 2470 :
1355 2438 1364 2454 ‘
1379 2435 1554 2479 Miserere,
1569 2434 1729 2477 Domine,

199 2481 369 2515 miserere.
421 2481 531 2523 Quam
559 2481 617 2514 diu
646 2481 679 2514 in
706 2482 771 2514 ista
798 2481 989 2515 calamitate
1021 2482 1170 2526 relictus,
1198 2494 1217 2515 a
1244 2487 1339 2516 tanta
1370 2482 1477 2527 gloria
1509 2480 1688 2526 separabor
1704 2480 1730 2514 2’

200 2528 309 2561 Tanta
327 2527 462 2572 quidem
481 2528 544 2560 fuit
562 2528 774 2561 vehementia
792 2528 1030 2573 expunctionis
1058 2529 1159 2571 illius,
1188 2534 1225 2562 ut
1253 2529 1341 2563 ultra
1370 2540 1436 2562 11011
1461 2533 1576 2573 posset
1595 2527 1726 2561 effari.”

204 2575 300 2610 Harl.
320 2575 431 2608 Anon.
450 2574 597 2619 Legend.
