1839 3186
227 164 310 203 384
750 171 986 204 LIBELLUs
1023 171 1086 202 DE
1123 171 1239 202 VITA

684 357 795 382 XLIV.
828 357 879 381 DE
901 356 1110 382 LANGUIDA
1132 354 1306 380 CURATA.

282 442 424 496 §40L
459 440 783 481 JRMGTHNJLms
804 445 994 481 matrona
1026 438 1216 493 quaedam
1248 438 1298 478 de
1329 436 1579 477 2Ρ1011313113
1601 436 1762 477 duobus

220 507 338 549 annis
369 522 416 548 ac
460 507 630 548 dimidio
664 506 815 547 lectulo
846 505 1042 560 languida
1077 505 1342 554 decubuerat,
1381 503 1453 545 sed
1487 508 1528 544 et
1567 503 1763 544 tibiarum

220 574 359 615 dolore
395 589 518 628 quam
549 573 731 614 maxime
767 572 927 613 diutino
958 577 1144 626 tempore
1179 570 1401 625 plurimum
1436 574 1591 611 vexata
1611 569 1761 610 fuerat.

222 640 323 693 Quae
345 645 391 681 ut
413 640 467 681 ad
490 639 688 681 Finchale
706 639 882 688 devenit,
901 638 1124 692 gloriosum
1143 641 1372 691 martyrem
1387 636 1539 677 Christi
1561 635 1764 676 Thomam

219 722 268 748 ac
295 706 571 748 venerabilem
600 706 734 747 virum
767 705 847 745 Dei
879 704 1104 745 Godricum
1140 702 1351 745 venientes
1374 702 1428 743 ad
1461 717 1502 744 se
1535 701 1760 756 conspexit,

213 771 409 827 jubentes
443 778 490 813 ut
513 772 743 813 Ecclesiam
774 771 976 821 introiret,
997 770 1217 811 sanitatem
1240 773 1484 824 perceptura
1505 768 1538 810 si
1560 768 1758 809 crederet.

221 840 333 892 Quos
355 838 527 893 praevios
549 838 692 880 videns
713 853 761 879 ac
789 838 1039 891 subsequens
1070 835 1268 886 introivit,
1295 841 1336 877 et
1364 835 1507 877 statim
1538 834 1760 877 sanitatem

219 905 428 961 percipere
451 905 637 946 3meruit.

588 1054 685 1079 XLV.
719 1053 770 1078 DE
800 1053 930 1078 SURDA
954 1052 1054 1077 MIRO
1078 1051 1188 1076 MODO
1218 1050 1392 1076 SANATA.

289 1137 307 1189 ᾗ
332 1139 430 1177 402.
458 1135 475 1157 4
491 1136 586 1177 ADE
608 1137 798 1191 quaedam
825 1141 1016 1177 matrona
1045 1135 1208 1176 nomine
1243 1135 1293 1175 de
1320 1131 1581 1175 5Michelleie
1604 1134 1757 1176 duode-

222 1203 302 1244 cim
323 1203 440 1244 annis
471 1203 659 1245 omnibus
696 1203 891 1244 membris
924 1201 1145 1250 infirmata,
1168 1201 1289 1242 unius
1320 1201 1429 1242 auris
1460 1201 1650 1242 auditum
1671 1216 1753 1242 om-

220 1271 316 1310 nino
339 1269 587 1324 perdiderat.
660 1270 761 1323 Quae
793 1270 889 1310 dum
913 1268 1109 1309 membris
1131 1268 1300 1322 explosa
1329 1268 1370 1307 111
1401 1273 1555 1308 terram
1587 1269 1754 1315 corruit,

222 1341 391 1390 repente
412 1336 473 1377 vis
494 1337 628 1377 morbi
650 1336 814 1377 interna
836 1335 998 1383 diutini,
1024 1334 1182 1375 cunctis
1213 1334 1446 1375 astantibus
1477 1333 1754 1384 audientibus,

222 1408 268 1443 ut
299 1403 453 1443 testula
488 1402 628 1444 collisa
665 1418 713 1444 ac
748 1403 894 1452 fracta,
930 1400 1101 1455 crepuit,
1138 1400 1328 1451 dissiluit,
1363 1405 1406 1442 et
1442 1401 1657 1456 prorupit;
1708 1415 1756 1441 ac

221 1484 321 1510 sana
343 1468 534 1510 surrexit.

426 1616 538 1641 XLVI.
572 1616 623 1641 DE
653 1615 809 1641 JUVENE
840 1614 1070 1640 CONTRACTO
1094 1614 1141 1638 ET
1173 1613 1336 1640 GIBBOSO
1366 1614 1536 1640 CURATO.

277 1699 298 1753 ξ
322 1700 419 1740 403.
456 1699 630 1751 QmDAM
656 1695 822 1753 juvenis
843 1697 885 1737 in
914 1692 1026 1737 curia
1047 1695 1169 1736 Beati
1198 1695 1417 1736 Guthberti
1439 1694 1493 1735 ad
1513 1709 1621 1736 nova
1644 1710 1751 1749 (11133-

221 1765 317 1806 dam
334 1763 506 1805 aedificia
527 1763 802 1805 construenda
820 1763 1051 1812 laborabat,
1075 1762 1143 1816 qui
1165 1761 1207 1802 in
1235 1761 1332 1816 ipsis
1356 1762 1538 1803 humeris
1558 1761 1641 1802 suis
1662 1778 1752 1816 per-

194 1824 200 1829 *
220 1833 406 1872 maxima
444 1830 630 1885 lapidum
672 1844 797 1870 onera
838 1829 1126 1869 dedolatorum
1166 1827 1220 1868 ad
1266 1828 1356 1882 ipsa
1395 1828 1564 1882 parietis
1604 1829 1751 1870 altiora

218 1897 384 1952 fastigia
399 1898 508 1939 solus
526 1896 729 1951 portando
749 1895 908 1936 elevare
926 1899 1214 1941 consueverat3
1238 1909 1335 1934 nam
1354 1894 1551 1935 maceries
1566 1895 1747 1948 parietis,

217 1964 268 2005 de
296 1964 453 2018 capella
482 1963 581 2004 inibi
607 1962 894 2011 construenda,
917 1977 998 2001 non
1023 1961 1194 2001 modicae
1216 1965 1304 2001 erat
1336 1975 1360 2001 a
1387 1965 1497 2001 terra
1517 1961 1749 2015 prolixioris

216 2030 460 2071 altitudinis.
507 2029 662 2070 Sedulo
683 2029 810 2083 igitur
823 2028 1013 2068 laborans
1032 2027 1103 2068 sed
1116 2026 1237 2067 nimis
1260 2041 1301 2067 se
1322 2026 1661 2082 incircumspecte
1677 2027 1749 2067 ha-

216 2096 330 2145 bens,
350 2101 494 2137 ruente
517 2094 773 2150 permaximo
788 2094 978 2134 tabulatu
992 2093 1154 2147 lapideo
1173 2092 1223 2133 de
1239 2092 1367 2147 ipsius
1379 2092 1546 2147 parietis
1559 2107 1748 2148 supremo

214 2162 379 2217 fastigio
407 2177 528 2216 super
562 2162 708 2215 ipsum,
733 2161 801 2214 qui
825 2160 940 2200 illum
977 2159 1157 2213 lapidem
1195 2158 1307 2213 prius
1339 2173 1499 2200 sursum
1527 2158 1745 2209 detulerat,

213 2233 351 2269 totum
386 2243 488 2282 pene
517 2242 665 2282 corpus
686 2224 773 2282 ejus
805 2241 898 2266 cum
931 2225 1088 2267 ossibus
1114 2224 1318 2265 nonnullis
1351 2240 1454 2278 pene
1484 2225 1745 2269 contriverat.

221 2294 330 2335 Nam
354 2299 482 2335 tantae
507 2293 626 2334 molis
660 2293 745 2333 ictu
781 2292 841 2333 ita
876 2306 1093 2347 oppressus
1128 2291 1344 2332 succubuit
1371 2291 1480 2345 quod
1515 2295 1556 2332 et
1590 2291 1749 2347 spinam

263 2405 272 2423 ¹
294 2402 551 2449 Raigtlmildis]
580 2402 784 2445 Famitildis,
807 2402 853 2435 H.

261 2450 273 2469 ²
291 2449 499 2494 Piclzelaue]
523 2449 734 2492 Phithelaue,
756 2449 802 2481 H.

260 2498 272 2517 ³
292 2495 454 2542 Rseruit]
500 2495 730 2540 “Raganildis
759 2500 912 2528 matrona
942 2494 982 2527 de
1012 2494 1215 2528 Withesaue
1249 2494 1380 2528 duobus
1412 2494 1509 2527 annis
1542 2499 1575 2526 31
1605 2492 1746 2526 dimidio

213 2543 373 2588 languida
384 2541 520 2585 jacebat
542 2542 576 2574 in
600 2541 700 2584 lecto,
726 2546 759 2574 31
784 2540 919 2586 insuper
944 2540 1102 2574 tibiarum
1129 2541 1242 2574 dolore
1268 2541 1399 2574 diutino
1423 2539 1608 2574 laborabat.
1658 2539 1746 2581 Quae

213 2602 291 2623 cum
313 2589 354 2622 ad
373 2588 584 2622 Finchaliam
602 2587 817 2632 pervenisset,
836 2587 870 2619 111
889 2587 996 2619 extasi
1011 2587 1134 2619 mentis
1151 2587 1260 2631 posita
1279 2587 1361 2619 vidit
1379 2587 1539 2619 Sanctum
1554 2586 1576 2619 J
1579 2585 1745 2619 ohannem

216 2636 418 2681 Baptistam,
443 2641 476 2668 et
492 2634 727 2667 beatissimum
748 2633 915 2666 Thomam
935 2632 1224 2676 Cantuariensem,
1251 2638 1284 2666 et
1302 2632 1526 2665 venerabilem
1545 2632 1744 2674 Godricum,

214 2682 277 2715 sibi
304 2681 499 2715 assistentes
521 2680 641 2724 jubere
670 2686 708 2713 nt
731 2679 908 2712 ecclesiam
929 2678 1092 2721 introiret,
1110 2679 1289 2711 sanitatem
1313 2679 1340 2711 si
1365 2678 1515 2712 crederet
1536 2684 1742 2724 perceptura.

216 2728 280 2761 Illa
310 2728 452 2773 praevios
486 2738 693 2771 consequens
723 2725 894 2765 introivit;
933 2731 965 2757 et
995 2725 1191 2769 sospitatem
1221 2725 1420 2769 promissam
1450 2724 1528 2759 laeta
1560 2723 1744 2769 pe1·cepit.''

215 2776 327 2808 Anon.
346 2773 440 2806 Harl.
460 2772 608 2817 Legend.

261 2821 273 2839 ⁴
291 2819 392 2865 Ada]
422 2819 506 2860 Ede,
527 2818 573 2851 H.

258 2867 270 2885 ⁵
291 2865 505 2910 Miclzelleie]
530 2865 568 2898 In
587 2864 644 2898 the
661 2864 771 2908 parish
791 2863 828 2896 of
842 2863 1044 2907 Ovinghaui.
