1839 3186
184 186 236 224 58
705 191 937 224 LIBELLUS
972 192 1035 223 DE
1072 191 1186 223 VITA

182 297 325 339 incolis
356 295 545 351 gentium
575 296 866 345 nominantur;
912 312 1086 351 quornm
1125 296 1333 338 domicilia
1371 311 1476 352 saepe
1511 296 1717 352 perquire-

181 365 267 416 bat,
291 369 332 406 et
353 378 396 405 se
417 362 580 404 illorum
601 363 856 405 orationibus
879 364 1082 406 attentius
1103 363 1115 385 ¹
1135 363 1467 405 commendabat.

181 657 267 683 CAP.
300 656 387 682 XVI.
448 656 651 685 QUALITER
682 656 871 682 ANGLIAM
899 656 1070 681 REDIENS
1107 656 1273 681 PRIMUM
1310 656 1561 682 SOLITUDINIS
1583 655 1717 682 LOCUM

363 723 530 758 HABUIT,
563 724 635 749 SED
666 723 719 748 AB
749 723 798 748 Eo
830 722 1032 748 EXPULSUS
1063 723 1302 748 DUNELMUM
1333 706 1542 749 VENERIT-2

239 827 257 879 ξ
280 828 349 867 44.
382 826 552 866 EXAcTo
579 823 622 864 in
651 828 761 864 terra
789 823 860 863 illa
886 822 1096 876 aliquanto
1123 827 1322 878 tempore,
1346 823 1526 865 Domino
1553 839 1717 879 gressus

181 894 289 935 illius
314 893 568 942 moderante,
591 890 646 931 ad
671 890 810 931 natale
845 890 976 931 solum
1008 889 1051 930 in
1081 905 1160 943 quo
1189 890 1313 932 alitus
1339 895 1412 941 est,
1439 891 1560 945 coepit
1580 906 1715 946 regre-

181 961 330 1001 diendo
361 958 578 1014 repedare3
622 956 755 998 noluit
789 956 899 997 enim
940 956 1094 998 Christi
1127 957 1346 998 clementia
1385 957 1591 999 talentum
1626 958 1715 998 An-

179 1027 341 1082 glorum
376 1025 418 1067 in
458 1030 570 1066 terra
612 1024 746 1065 aliena
787 1023 1018 1064 effodiendo
1055 1023 1224 1078 operire,
1257 1039 1389 1078 neque
1431 1025 1568 1079 gentis
1608 1024 1717 1065 illius

178 1094 389 1135 lucernam
411 1090 651 1146 alienigenis
685 1091 874 1146 gentium
905 1090 1152 1145 praestando,
1185 1089 1268 1132 suis
1302 1091 1580 1132 abstrahendo
1615 1091 1713 1132 sub-

181 1161 344 1202 ducere.
406 1159 479 1200 Ad
505 1158 739 1213 Anglorurn
771 1156 945 1211 denique
966 1155 1067 1198 fines
1088 1172 1182 1198 cum
1206 1157 1317 1198 omni
1340 1158 1492 1213 gaudio
1513 1157 1714 1213 pervenit,

182 1227 278 1281 quia
304 1225 508 1268 Dominus
535 1240 630 1266 cum
657 1224 726 1265 illo
754 1224 795 1265 in
832 1223 1023 1265 omnibus
1047 1223 1181 1273 affuit,
1206 1228 1247 1264 et
1278 1225 1417 1265 omnia
1444 1240 1568 1279 opera
1588 1224 1716 1280 ipsius

181 1294 224 1334 in
250 1292 508 1348 beneplacito
538 1290 824 1333 misericordiae
848 1289 945 1331 Suae
979 1290 1145 1332 direxit.
1208 1289 1266 1331 Et
1288 1291 1384 1345 quia
1405 1306 1521 1333 sacra
1542 1291 1715 1332 docente

182 1360 408 1415 Scriptura,
434 1358 626 1408 ³dicitur,
652 1362 701 1399 ut
722 1356 961 1413 postpositis
985 1357 1187 1408 omnibus,
1212 1357 1381 1399 Domini
1403 1356 1534 1400 fidelis
1554 1358 1716 1399 animus

179 1427 336 1469 viribus
362 1426 477 1480 sequi
507 1430 707 1473 conetur3
746 1424 878 1465 noluit
905 1423 959 1465 ad
992 1438 1041 1465 ea
1076 1439 1165 1478 quae
1199 1424 1329 1479 gratis
1357 1424 1593 1466 deseruerat
1624 1440 1714 1466 am-

178 1494 286 1549 plius
316 1493 462 1543 redire,
489 1491 561 1533 sed
586 1506 718 1545 neque
741 1490 783 1532 in
805 1491 975 1531 domum
998 1495 1215 1545 paternam
1238 1506 1433 1533 remeare.
1505 1491 1715 1534 Circuiens

178 1560 305 1616 igitur
337 1558 576 1613 aliquandiu
611 1558 845 1612 peregrinas
877 1557 954 1598 sibi
984 1557 1218 1612 Anglorum
1253 1558 1451 1612 regiones,
1474 1573 1555 1612 qua
1584 1558 1715 1599 valuit

174 1618 268 1668 arte
295 1625 484 1668 veritatis
510 1625 714 1666 mercibus
741 1623 912 1665 minutis
939 1623 1016 1665 sibi
1039 1624 1243 1665 alimoniae
1265 1624 1414 1679 stipem
1434 1624 1712 1680 perquirebat.

178 1694 241 1735 At
279 1698 421 1734 tamen
461 1692 537 1733 sub
575 1691 667 1732 talis
707 1690 982 1746 integumenti
1012 1690 1150 1731 studio
1191 1690 1364 1746 alicujus
1406 1692 1530 1732 eremi
1577 1691 1714 1732 locum

178 1760 440 1803 secretiorem
476 1757 754 1814 pervestigare
788 1756 1075 1805 desiderabat3
1122 1757 1281 1798 cunctis
1317 1762 1458 1799 tamen
1496 1758 1540 1798 id
1583 1758 1712 1800 latere

179 1827 368 1876 credidit,
409 1841 456 1867 eo
488 1825 597 1880 quod
627 1824 714 1879 ipse
749 1823 902 1865 nemini
927 1824 988 1865 sui
1020 1824 1219 1879 propositi
1247 1824 1358 1866 sinus
1389 1825 1565 1880 aperuit.
1628 1825 1712 1867 Ve-

179 1895 296 1935 niens
317 1892 467 1934 exinde
498 1892 606 1933 circa
637 1890 978 1946 septentrionales
997 1890 1162 1946 Angliae
1190 1889 1304 1940 fines,
1338 1891 1393 1932 ibi
1418 1890 1545 1947 juxta
1567 1890 1714 1933 4mari-

179 1961 282 2002 tima
318 1959 520 2014 quaedam,
552 1955 567 1980 5
584 1957 841 1999 AEschedale
867 1962 1029 2008 vocata,
1061 1957 1254 2011 quaedam
1283 1958 1374 1998 loca
1403 1958 1596 2012 repperit,
1621 1974 1711 2013 quae

181 2028 257 2070 sub
292 2026 436 2068 fronde
476 2039 692 2066 nemorosa
726 2023 965 2065 habitacula
1004 2023 1224 2064 secretiora
1255 2028 1450 2078 praestare
1487 2024 1563 2065 sibi
1594 2040 1713 2080 posse

178 2093 390 2149 comperit.
462 2092 553 2145 Quo
585 2091 806 2140 divertens,
839 2090 896 2133 ibi
926 2090 968 2131 in
995 2089 1149 2131 abditis
1177 2090 1276 2131 locis
1310 2105 1352 2132 se
1379 2091 1571 2142 occuluit,
1605 2096 1646 2133 et
1670 2092 1713 2133 in

229 2205 236 2223 ¹
260 2201 541 2249 Commendabat]
571 2201 645 2235 The
669 2200 765 2236 Harl.
782 2212 993 2246 anonymous
1016 2200 1138 2245 legend
1162 2200 1241 2234 thus
1265 2200 1420 2246 abridgcs
1445 2201 1502 2234 the
1525 2202 1712 2238 narrative:

177 2251 264 2285 “Ibi
283 2251 317 2284 in
335 2249 548 2283 xenodochio
573 2260 632 2293 per
656 2259 790 2281 menses
816 2247 945 2292 aliquot
962 2247 1208 2281 officiosissime
1233 2247 1471 2292 languentibus
1496 2249 1712 2293 ministravit,

179 2299 370 2342 frequenter
387 2296 429 2329 ad
446 2295 668 2340 Sepulchrum
693 2300 726 2327 et
743 2294 786 2327 ad
806 2294 986 2339 Templum
1005 2293 1143 2327 Domini
1163 2294 1303 2327 devotus
1322 2295 1439 2328 oravit.
1489 2294 1580 2328 Loca
1597 2302 1714 2329 sancta

178 2344 322 2379 sollicite
341 2342 504 2376 circuibat
518 2355 526 2383 ;
553 2341 708 2375 Mentem
727 2340 865 2383 Oliveti,
891 2341 980 2374 unde
1006 2340 1161 2374 Christus
1186 2340 1362 2382 ascendit3
1389 2341 1559 2374 desertum
1582 2342 1640 2375 ubi
1658 2343 1711 2386 je-

172 2391 318 2436 junavit,
336 2389 577 2422 heremitarum
594 2387 820 2420 habitationes
838 2399 846 2428 ;
865 2392 898 2420 et
915 2399 951 2420 se
969 2387 1103 2420 illorum
1121 2387 1328 2420 orationibus
1346 2387 1643 2423 connnendabat.”

227 2439 240 2457 2
264 2437 304 2470 ln
321 2436 378 2469 the
397 2434 494 2468 Harl.
512 2435 588 2468 MS.
608 2433 745 2478 chapter
764 2433 868 2467 XVI.

225 2485 237 2504 ³
257 2481 425 2528 Dicitur]
454 2481 511 2515 Ps.
529 2481 618 2514 xciv.
640 2483 694 2514 15.

225 2531 237 2550 ⁴
257 2527 465 2574 Maritima]
493 2527 669 2560 Maritima
686 2526 843 2571 quaedam
860 2526 934 2559 loca
951 2526 1107 2571 repperit,
1126 2537 1199 2570 quae
1218 2526 1280 2560 sub
1298 2527 1426 2570 fronde,
1448 2526 1496 2561 H.

223 2578 236 2596 ⁵
255 2576 444 2610 AExclzedale
459 2573 602 2620 vocata]
632 2573 722 2606 Now
741 2572 910 2605 Eskedale
927 2572 1018 2613 Side,
1037 2584 1056 2605 a
1073 2572 1233 2617 chapelry
1247 2573 1280 2606 in
1295 2573 1352 2606 the
1368 2572 1481 2618 parish
1500 2573 1537 2606 of
1551 2573 1710 2619 Whitby,

178 2626 211 2658 in
229 2624 287 2657 the
306 2622 419 2656 North
446 2621 572 2664 Riding
590 2620 627 2653 of
642 2619 839 2652 Yorkshirc.
891 2619 963 2652 The
981 2618 1178 2663 hermitage,
1197 2619 1363 2662 however,
1382 2620 1416 2652 in
1433 2619 1544 2652 which
1562 2619 1605 2653 he
1623 2626 1710 2653 esta-

176 2670 309 2705 blished
332 2668 472 2702 himself
492 2666 655 2712 probably
674 2666 731 2699 did
744 2671 803 2698 not
821 2665 983 2709 originate
1001 2665 1082 2697 with
1100 2665 1247 2708 himself⁷
1266 2665 1316 2698 for
1333 2666 1367 2698 in
1385 2677 1404 2698 a
1422 2665 1553 2699 chartei·
1568 2666 1709 2710 granted

177 2724 211 2751 to
229 2717 286 2750 the
303 2715 424 2748 monks
440 2715 477 2747 of
488 2713 635 2758 Whitby
647 2713 692 2757 by
704 2711 793 2745 Alan
812 2723 871 2745 son
890 2712 928 2744 of
942 2711 1097 2744 Willimn
1117 2711 1157 2744 dc
1177 2711 1286 2752 Perci,
1305 2712 1339 2744 in
1357 2711 1414 2744 the
1428 2712 1521 2756 reign
1540 2713 1577 2745 of
1592 2713 1711 2757 Henry

179 2765 206 2798 I.
220 2776 255 2796 or
273 2761 421 2806 Stephen
441 2760 570 2805 (Dugd.
585 2760 772 2803 Baronage,
792 2758 813 2792 i.
834 2758 928 2802 270),
947 2758 1099 2790 mention
1119 2758 1146 2790 is
1160 2757 1259 2790 made
1277 2758 1315 2791 of
1328 2758 1385 2791 the
1401 2759 1421 2776 “
1436 2758 1652 2792 heremitoria
1670 2759 1711 2792 de

178 2808 367 2844 Eschedalc
393 2813 426 2841 et
451 2808 492 2840 (16
518 2805 716 2850 Mulcgrif.”
744 2805 910 2849 (Monast.
928 2804 1062 2848 Anglic.
1082 2804 1103 2837 i.
1123 2804 1220 2848 410.)
1270 2804 1402 2837 Bnrton
1422 2804 1588 2849 (Monast.
1608 2805 1709 2838 Ebor.

174 2869 206 2901 p.
227 2857 285 2899 72)
317 2860 420 2888 states
448 2854 521 2886 that
546 2853 701 2886 William
732 2851 773 2884 (16
804 2851 911 2896 Pcrcy
939 2862 1022 2895 gave
1052 2856 1086 2883 to
1117 2850 1174 2883 the
1204 2857 1398 2896 monastery
1422 2851 1459 2884 of
1479 2851 1626 2897 Whitby
1651 2852 1708 2885 the

175 2902 361 2945 hermitage
379 2907 413 2934 at
429 2899 589 2943 Eskdale,
607 2900 658 2932 for
676 2897 786 2932 which
805 2897 847 2931 he
865 2903 984 2942 quotes
997 2897 1054 2930 the
1074 2897 1229 2942 Registcr
1246 2898 1284 2930 of
1298 2898 1445 2943 Whitby
1464 2898 1537 2943 (fol.
1552 2898 1599 2942 7).
