1839 3186
569 225 628 256 ET
662 225 927 257 MIRACULIS
964 225 999 257 S.
1024 225 1240 258 GODRICI.
1592 218 1675 257 443

137 329 329 371 movendi
362 329 641 369 membrorum
672 328 887 369 levitatem
919 333 959 369 et
981 328 1223 369 facultatem
1245 330 1418 385 accepit.
1482 330 1676 386 Abyssus

138 401 278 437 autem
302 395 382 436 Dei
404 400 654 436 secretorum
677 395 763 436 sola
783 394 899 436 novit
922 409 1003 448 qua
1024 394 1074 435 de
1097 410 1220 436 causa
1248 395 1341 450 plus
1363 397 1555 438 sanitatis
1583 412 1674 451 per-

140 462 273 517 cipere
294 455 376 503 non
397 461 638 516 promeruit.

571 624 669 650 CXCI.
703 625 754 649 DE
785 624 1017 650 SEMIANIME
1047 624 1242 650 MULIERE.

199 725 221 779 ἓ
245 722 341 768 567.
376 724 573 777 QUAEDAM
604 728 796 765 matrona
826 723 974 765 nobilis
1006 723 1056 765 de
1081 722 1231 766 finibus
1257 724 1422 780 Angliae
1454 726 1674 780 septentri-

138 792 268 833 onalis
289 806 383 832 cum
415 789 497 831 filio
530 791 585 832 ad
611 790 812 832 Sanctum
834 790 864 830 J
867 791 1042 832 acobum
1070 791 1286 846 peregrina
1307 790 1509 846 proficisci
1537 792 1672 846 dispo-

138 857 234 899 suit.
298 857 382 898 Sed
406 856 448 897 in
475 857 691 912 procinctu
721 857 879 899 itineris
909 857 1057 912 posita,
1081 856 1253 913 jamque
1283 858 1337 899 ad
1368 858 1493 900 maris
1528 858 1672 900 littora

137 924 391 978 perveniens,
415 923 563 965 subitae
585 923 841 978 aegritudinis
862 923 999 965 labem
1021 924 1221 976 incurrit;
1253 939 1350 965 nam
1373 939 1495 966 omne
1524 939 1671 980 corpus

140 989 227 1046 ejus
248 995 367 1031 tanta
396 990 617 1032 latitudine
638 990 758 1045 caepit
780 991 1065 1041 intumescere,
1090 995 1246 1044 quanta
1268 991 1522 1032 extensionis
1547 991 1672 1033 inter-

140 1057 336 1111 capedine
358 1057 464 1098 cutis
495 1072 615 1098 carne
644 1056 829 1111 superior
850 1071 892 1098 se
916 1057 1081 1098 valebat
1104 1057 1344 1099 extendere.
1407 1057 1577 1099 Cunctis
1599 1058 1673 1113 igi-

138 1128 206 1164 tur
238 1123 467 1178 desperata,
490 1123 586 1177 quia
616 1137 726 1164 mors
757 1123 844 1164 sola
873 1123 1135 1178 prominebat
1156 1124 1198 1165 in
1222 1122 1366 1178 janua,
1388 1124 1494 1165 forte
1527 1124 1671 1165 Sancti

140 1189 308 1231 Godrici
328 1189 527 1230 memoria
548 1190 686 1230 animo
707 1189 943 1244 languentis
965 1190 1168 1238 occurrit3
1205 1194 1246 1230 et
1267 1205 1366 1231 mox
1389 1190 1557 1231 denario
1580 1205 1670 1232 cur-

136 1261 249 1306 vato,
284 1271 326 1298 se
361 1256 470 1297 illius
505 1256 770 1311 sepulchrum
807 1256 1032 1298 invisuram
1066 1255 1246 1306 devovit,
1282 1257 1314 1298 si
1347 1256 1475 1311 ipsius
1509 1257 1669 1299 meritis

137 1328 315 1364 mortem
338 1321 429 1378 jam
461 1323 497 1363 ei
519 1322 804 1363 imminentem
835 1328 972 1378 posset
1002 1322 1189 1373 evadere,
1213 1327 1254 1364 et
1283 1323 1337 1363 ad
1368 1321 1470 1364 fines
1499 1323 1668 1378 patrias,

137 1389 225 1430 vita
256 1389 493 1439 comitante,
517 1389 664 1430 redire.
730 1389 836 1431 Mox
866 1389 994 1444 igitur
1014 1395 1061 1430 ut
1083 1389 1184 1431 talia
1215 1389 1418 1440 effecerat,
1443 1390 1576 1431 omnis
1607 1395 1672 1431 tu-

135 1470 226 1497 mor
246 1455 314 1497 ille
336 1471 429 1497 cum
462 1455 601 1496 dolore
624 1454 817 1497 deficiens
838 1471 1042 1510 nusquam
1068 1462 1239 1497 eatenus
1266 1455 1533 1511 comparebat
1552 1474 1561 1504 ς
1597 1456 1670 1497 sed

136 1522 225 1577 ipsa
245 1528 292 1564 ut
309 1522 444 1572 rediit,
462 1537 562 1563 mox
583 1527 807 1576 antequam
830 1522 941 1563 domi
963 1522 1116 1563 rediret
1133 1523 1186 1564 ad
1208 1521 1294 1578 ejus
1317 1523 1580 1578 sepulchrum
1597 1522 1669 1564 ad-

135 1589 261 1640 venit,
286 1594 327 1630 et
350 1589 564 1630 denarium
586 1594 803 1631 curvatum
826 1589 1011 1638 offerens,
1035 1589 1153 1630 nobis
1184 1590 1271 1630 haec
1293 1589 1431 1630 omnia
1451 1589 1667 1639 revelavit,

135 1660 175 1697 et
198 1654 327 1697 filium
349 1670 469 1697 suum
490 1660 641 1697 testem
665 1655 849 1697 omnium
870 1655 1044 1697 istorum
1066 1655 1270 1697 adhibuit.

589 1815 709 1841 CXCII.
757 1815 808 1839 DE
840 1814 1064 1840 SACERDOTE
1094 1815 1214 1842 CAECO.

202 1916 224 1970 ξ
248 1916 345 1956 568.
384 1913 503 1954 ERAT
540 1914 730 1956 sacerdos
755 1914 935 1968 quidam,
959 1915 1123 1955 nomine
1148 1915 1207 1955 W
1211 1915 1404 1964 illelmus,
1431 1916 1587 1958 diutius
1625 1918 1666 1958 in

136 1982 385 2036 Staindrope
407 1985 684 2022 conversatus.
747 1981 831 2022 Hic
862 1996 935 2036 per
956 1996 1110 2022 annum
1135 1986 1176 2022 et
1205 1981 1423 2023 dimidium
1455 1984 1666 2024 oculorum

133 2049 272 2089 lumen
297 2047 504 2097 amiserat,
528 2062 615 2097 nec,
635 2047 712 2089 nisi
743 2047 823 2088 alio
855 2048 1044 2098 ducente,
1071 2047 1214 2101 quovis
1238 2048 1317 2089 itcr
1337 2049 1550 2103 proprium
1572 2050 1667 2091 diri-

133 2130 229 2169 gere
270 2114 462 2161 valebat;
509 2113 618 2155 unde
659 2128 820 2168 semper
858 2119 947 2156 toto
992 2129 1039 2154 eo
1080 2119 1266 2169 tempore
1306 2115 1432 2156 alium
1466 2116 1665 2170 praevium

132 2182 284 2222 habere
316 2185 584 2221 consueverat
614 2180 785 2230 itineris,
808 2181 873 2222 vel
904 2181 969 2222 cui
992 2196 1163 2221 manum
1191 2181 1323 2230 daret,
1351 2196 1423 2222 seu
1457 2182 1522 2223 cui
1561 2182 1665 2223 inni-

133 2253 225 2288 tens
248 2246 304 2287 ad
335 2246 542 2287 anteriora
565 2247 820 2301 procederet.
882 2247 1073 2288 Audiens
1103 2247 1232 2301 igitur
1263 2247 1318 2289 ad
1342 2247 1464 2289 Beati
1496 2248 1665 2290 Godrici

132 2313 394 2368 sepulchrum
434 2313 574 2353 crebro
617 2313 779 2354 diversa
814 2313 1013 2354 miracula
1053 2312 1153 2364 fieri,
1189 2314 1434 2355 acceleravit
1470 2315 1553 2365 illo,
1584 2316 1664 2356 alio

133 2380 323 2429 ducente,
358 2378 577 2433 progredi3
633 2394 712 2433 quo
745 2380 986 2433 perveniens
1018 2379 1178 2420 diutino
1210 2395 1379 2421 munere
1423 2381 1555 2422 sancti
1588 2382 1664 2422 viri

133 2446 291 2486 meritis
318 2444 499 2486 obtinuit
532 2450 701 2486 sanatus
732 2446 908 2496 liberari,
933 2461 1054 2500 quem
1076 2446 1189 2500 prius
1212 2461 1365 2487 caecum
1390 2447 1512 2488 multi
1543 2462 1665 2488 nove-

132 2518 239 2562 rant,
262 2517 303 2552 et
324 2510 474 2552 infiniti
506 2511 771 2565 postmodum
794 2528 887 2553 eum
911 2513 1098 2554 videntes
1129 2517 1170 2553 et
1199 2518 1480 2567 agnoscentes,
1505 2513 1555 2553 de
1578 2512 1666 2568 ejus

133 2579 264 2619 salute
288 2577 541 2632 gaudebant.
604 2577 731 2619 Hunc
754 2579 880 2619 etiam
909 2585 950 2619 et
981 2593 1055 2619 nos
1089 2578 1190 2620 satis
1210 2579 1389 2620 vidimus
1411 2583 1452 2619 et
1474 2579 1665 2633 cognovi-

132 2659 236 2694 mus,
277 2649 318 2684 et
353 2644 460 2684 clare
482 2644 692 2685 videntem
725 2645 856 2687 solum
897 2646 983 2687 sine
1025 2645 1197 2686 ductore
1239 2650 1410 2686 eatenus
1452 2645 1663 2686 ambulare

133 2710 429 2765 perspeximus.
