1839 3186
515 202 573 233 ET
609 201 872 234 MIRACULIS
908 203 941 235 s.
966 202 1186 236 Gonmoi.
1537 190 1617 230 289

91 304 364 358 pe1·sonabat;
403 319 605 359 vocesque
638 320 806 347 sonoras
837 305 1044 357 emittens,
1081 305 1242 360 longius
1278 310 1319 346 et
1357 304 1544 346 diffusius
1580 303 1621 344 in

93 370 256 412 sublimi
295 371 429 412 audiri
464 377 641 426 poterat,
679 372 752 413 sed
784 372 995 414 distinctio
1026 388 1261 414 sermonum
1298 387 1400 426 quos
1433 371 1618 426 protulit,

92 436 289 492 distingui
310 438 374 479 vel
397 438 551 493 percipi
572 439 738 479 omnino
759 454 840 479 non
864 439 1044 481 valebat.
1107 439 1294 480 Tandem
1324 443 1416 493 post
1437 437 1622 478 modula-

93 503 226 544 tiones
245 504 435 555 musicas,
462 505 609 559 quibus
632 505 931 547 delectabiliter
953 506 1109 547 diutius
1144 505 1399 555 inservierat,
1433 503 1624 560 Kyriele-

93 584 195 626 yson
225 571 436 612 altissimis
459 569 639 625 jubilare
660 572 829 613 vocibus
858 573 1093 627 incipiebat,
1123 573 1188 613 cui
1217 572 1513 626 subsequenter
1543 569 1625 610 1111-

94 637 240 677 nexuit
277 641 318 678 et
357 637 526 679 “Pater
564 638 614 679 de
651 639 772 689 coelis,
805 639 932 688 Deus,
961 639 1154 681 miserere
1194 637 1355 688 nobis?
1392 636 1625 679 discrimine

93 717 241 744 vocum
275 704 432 746 musico
468 704 703 746 dulcissimo
732 705 1010 747 modulamine
1040 706 1237 747 altissime
1272 703 1531 746 decantando
1559 701 1626 758 ju-

94 769 253 811 bilavit.
317 770 419 812 Post
441 771 529 812 haec
554 771 716 813 Christe
739 772 904 828 eleyson
926 773 1001 814 sub
1024 778 1148 813 cantu
1171 772 1356 814 dissimili
1379 771 1546 825 incepit,
1578 784 1626 810 ac

100 839 124 857 “
142 835 235 887 Fili,
264 837 519 893 Redemptor
542 839 698 889 mundi,
723 839 879 889 Deus,”
910 854 1075 880 annexu
1096 839 1252 880 musico
1273 838 1480 893 repetivit.
1542 836 1627 877 De-

99 902 194 943 inde
216 903 478 959 kyrieleyson
502 905 738 946 extollendo
760 906 939 961 repetiit,
963 921 1011 947 ac
1032 911 1057 928 ‘⁶
1076 905 1279 960 QSpiritus
1305 905 1470 954 Sancte,
1497 904 1628 951 Deus,

98 968 291 1011 miserere
319 970 477 1022 nobis,''
501 972 796 1026 subsequenter
822 971 1029 1028 adjunxit.
1101 972 1259 1025 Quibus
1280 970 1630 1013 modulationibus

91 1033 286 1091 jocundis
308 1037 537 1078 diutissime
561 1038 725 1089 institit,
754 1039 813 1080 ita
838 1039 1012 1080 sublime
1034 1039 1227 1080 intonans
1256 1053 1304 1080 ac
1336 1038 1562 1079 decantans
1583 1041 1630 1077 ut

104 1117 182 1143 vox
219 1103 470 1145 concinentis
500 1105 583 1145 late
619 1120 690 1159 per
719 1105 829 1147 horti
860 1105 988 1160 ipsius
1009 1104 1109 1147 fines
1134 1105 1267 1146 audiri
1299 1104 1505 1159 potuerit:
1542 1117 1632 1157 quae

100 1167 363 1224 ³singulatim
385 1185 545 1225 semper
565 1171 689 1212 tertio
713 1172 919 1226 repetivit,
943 1187 991 1213 ac
1014 1172 1186 1213 Patrem
1205 1186 1254 1212 ac
1290 1171 1445 1212 Filium
1477 1175 1518 1211 et
1542 1169 1632 1224 Spi-

105 1234 232 1276 ritum
256 1236 457 1278 Sanctum
489 1237 696 1279 ordinario
729 1253 842 1279 more
876 1254 1051 1280 consone
1086 1238 1306 1287 celebrare,
1344 1253 1392 1279 ac
1425 1237 1508 1279 suis
1540 1251 1634 1277 con-

103 1303 290 1344 centibus
310 1304 550 1358 permixtim
581 1304 822 1347 interserere
853 1320 935 1346 non
957 1305 1108 1346 omisit.
1167 1305 1446 1361 Kyrieleyson
1467 1309 1531 1344 ter
1553 1302 1634 1344 Pa-

104 1374 270 1410 ternum
313 1385 463 1411 nomen
502 1371 709 1421 invocans,
755 1371 924 1413 alternis
968 1372 1125 1414 vicibus
1161 1371 1427 1419 decantavit3
1473 1370 1636 1412 Christe

107 1436 273 1491 eleyson
296 1442 404 1491 post,
426 1437 571 1478 addita
603 1437 700 1479 Filii
733 1439 992 1480 invocatione
1023 1438 1216 1493 repetiit;
1252 1453 1300 1479 ac
1330 1438 1464 1479 denuo
1495 1437 1638 1492 kyrie-

106 1502 250 1558 leyson
270 1518 364 1544 cum
387 1503 529 1545 Sancti
554 1504 734 1559 Spiritus
751 1509 814 1546 ter
830 1505 1109 1559 postulatione
1124 1505 1291 1555 inserta,
1310 1504 1511 1546 altissima
1525 1503 1639 1545 vocis

108 1569 328 1611 serenitate
367 1570 613 1612 modulavit.
685 1572 844 1625 Quibus
879 1572 1074 1613 nimirum
1117 1571 1361 1622 delectatus,
1400 1570 1640 1625 diligentius

109 1651 250 1677 aurem
281 1636 465 1689 adhibui,
501 1638 597 1692 quia
629 1643 775 1680 tonum
805 1638 1009 1680 musicum
1046 1653 1095 1680 ac
1128 1638 1224 1679 meli
1257 1643 1426 1679 cantum
1461 1637 1638 1679 retinere

111 1701 129 1723 4
139 1702 335 1757 disposui.

169 1769 190 1823 ᾗ
215 1768 312 1813 274.
353 1769 482 1812 Horis
513 1770 597 1812 fere
623 1771 754 1813 tribus
775 1771 818 1813 in
847 1771 921 1813 tali
959 1771 1186 1814 dulcedinis
1218 1771 1500 1813 modulatione
1529 1784 1638 1810 com-

110 1835 245 1890 pletis,
270 1851 456 1878 reversus
477 1837 531 1878 ad
552 1853 594 1879 se
607 1836 733 1893 jussit
754 1843 801 1880 ut
825 1838 991 1893 propius
1012 1839 1263 1889 accederem,
1286 1854 1334 1880 ac
1356 1838 1392 1879 ei
1413 1838 1455 1878 in
1478 1836 1643 1891 quibus-

113 1901 209 1942 dam
250 1903 426 1958 negotiis
465 1903 827 1953 administrarem3
879 1910 920 1946 et
954 1905 1134 1960 regirato
1178 1904 1306 1960 ipsius
1344 1905 1472 1946 latere
1514 1903 1644 1944 altero

115 1968 398 2017 considerem;
435 1975 475 2011 et
497 1971 592 2024 quia
611 1969 843 2025 jocundum
866 1971 951 2012 fore
976 1971 1167 2026 spiritum
1197 1971 1324 2027 ipsius
1347 1970 1541 2026 persensi,
1563 1974 1644 2010 tre-

114 2035 228 2076 mula
241 2050 334 2077 cum
352 2036 464 2078 vocis
477 2036 664 2087 lenitate,
682 2037 782 2087 dixi,
810 2038 967 2079 “Pater
982 2038 1052 2087 mi,
1071 2038 1168 2092 quid
1185 2038 1308 2079 modo
1325 2037 1477 2088 vidisti,
1494 2037 1559 2079 vel
1572 2035 1644 2076 ubi

116 2101 212 2143 talis
232 2102 329 2143 meli
352 2103 541 2145 modulos
562 2103 774 2146 addicisti?
827 2104 900 2147 Ad
918 2104 1017 2159 quid
1034 2105 1160 2146 etiam
1178 2105 1350 2147 Patrem
1367 2109 1408 2146 et
1426 2104 1581 2146 Filium
1604 2106 1646 2144 et

162 2211 172 2232 ¹
194 2211 383 2260 Innexuit]
411 2213 601 2258 Annexuit,
625 2214 671 2248 H.

162 2259 174 2277 ²
191 2258 336 2303 Spiritus
354 2260 472 2294 Sancte
500 2259 622 2307 Deus]
650 2260 734 2294 This
762 2261 829 2294 and
847 2260 904 2294 the
929 2262 1085 2306 previous
1111 2268 1288 2296 sentences
1306 2261 1417 2295 which
1444 2260 1493 2294 St.
1518 2259 1645 2294 Godric

118 2316 212 2349 sang,
232 2305 317 2338 form
335 2318 354 2338 a
371 2307 502 2352 portion
521 2307 559 2339 of
572 2319 635 2340 one
660 2307 698 2340 of
711 2307 768 2340 the
793 2307 943 2341 Litanies
961 2308 998 2341 of
1011 2308 1068 2342 the
1095 2309 1193 2342 Latin
1214 2309 1361 2352 Church,
1379 2307 1491 2342 which
1508 2318 1587 2351 may
1603 2305 1646 2339 be

117 2362 196 2384 seen
211 2351 244 2383 in
264 2352 430 2398 WVynkyn
450 2353 491 2386 de
508 2353 668 2387 Worde's
685 2354 812 2388 edition
831 2354 868 2388 of
881 2354 938 2388 the
958 2354 1052 2388 York
1071 2355 1200 2399 Missal,
1221 2356 1281 2401 sig.
1300 2367 1346 2390 m.
1362 2355 1423 2399 iiij,

166 2397 179 2416 ³
193 2397 421 2444 Singulatim]
449 2399 665 2444 Singillatim,
687 2400 735 2433 H.

165 2444 176 2462 ⁴
197 2444 383 2492 Disposui]
412 2448 430 2465 ‘⁴
444 2445 523 2491 Ipso
542 2446 613 2480 vice
631 2447 775 2491 quadam
793 2446 877 2480 adeo
901 2448 993 2492 gravi
1019 2447 1229 2493 {egritudinis
1256 2448 1412 2482 molestia
1434 2447 1584 2491 fatigato,
1611 2452 1648 2478 ut

118 2489 215 2524 nobis
240 2492 423 2525 moriturus
449 2492 603 2537 proxime
621 2493 802 2535 videretur,
828 2494 1017 2527 assedimus
1043 2500 1120 2528 ante
1145 2494 1283 2539 lectum,
1310 2495 1352 2528 ad
1370 2496 1442 2538 ejus
1460 2492 1648 2526 ministeria

119 2538 308 2582 praeparati.
359 2539 455 2572 Tunc
475 2539 579 2583 jussit
596 2544 634 2572 ut
651 2546 751 2585 caput
769 2540 875 2585 ipsius
901 2541 1074 2586 erigerem,
1093 2547 1126 2574 et
1143 2541 1302 2575 humeros
1322 2541 1497 2586 paululum
1516 2545 1648 2572 susten-

119 2588 236 2617 tarem.
288 2584 364 2618 Hoc
381 2586 481 2629 facto,
500 2585 541 2618 ad
561 2586 725 2619 Ecelesiae
743 2586 846 2620 limen
864 2587 1002 2630 accessi,
1021 2594 1058 2620 ut
1076 2587 1203 2632 aliquid
1218 2600 1370 2634 operarer
1385 2601 1393 2630 ;
1420 2593 1453 2620 et
1467 2597 1554 2628 ecce,
1570 2596 1649 2619 011111

121 2629 270 2663 nondum
283 2631 383 2665 unius
396 2631 486 2665 horae
504 2632 649 2677 spatium
668 2634 882 2678 praeterisset,
901 2633 1039 2667 elevatis
1062 2634 1218 2667 manibus
1237 2635 1383 2668 musicas
1403 2632 1650 2666 modulationes

122 2686 203 2708 voce
221 2688 340 2710 sonora
357 2678 459 2723 coepit
477 2679 631 2712 emittere
647 2692 655 2721 ;
682 2679 741 2712 sed
759 2679 931 2713 distinctio
949 2680 1124 2713 verborum
1143 2681 1269 2726 percipi
1287 2692 1353 2713 non
1369 2679 1511 2713 valebat.
1563 2678 1650 2711 Cum

124 2720 187 2754 hoc
210 2722 267 2755 diu
289 2723 436 2768 fecisset,
456 2725 671 2770 Kirieleyson
695 2737 776 2759 voce
804 2727 1035 2771 pronuntiavit
1052 2726 1228 2770 altissima,
1247 2733 1280 2759 et
1298 2726 1475 2771 subjunxit
1492 2738 1499 2759 ι
1526 2724 1651 2757 ‘Pater

126 2767 167 2800 de
181 2768 288 2811 coelis,
302 2769 407 2813 Deus,
424 2770 583 2804 miserere
600 2772 698 2805 nobis
715 2772 735 2813 ;’
752 2778 869 2817 postea
888 2774 896 2790 ⁴
910 2772 1187 2818 Christeleyson,'
1206 2779 1238 2805 et
1256 2773 1413 2817 adjunxit
1430 2785 1436 2807 :
1464 2774 1472 2790 ‘
1486 2771 1564 2814 Fili,
1584 2771 1650 2804 Re-

125 2813 280 2858 demptor
312 2816 443 2860 mundi,
473 2817 577 2860 Deus,
607 2818 766 2851 miserere
800 2819 922 2853 nobis.'
996 2819 1128 2852 Deinde
1162 2821 1169 2836 ⁶
1184 2819 1411 2864 kirieleyson,'
1441 2824 1474 2851 et
1503 2817 1626 2861 adjecit
1643 2829 1650 2852 t

125 2860 133 2877 ‘
150 2859 295 2905 Spiritus
314 2862 447 2906 Sancte,
466 2863 570 2906 Deus,
587 2864 746 2898 miserere
764 2865 886 2899 nobis?
901 2865 922 2879 ⁷⁷
948 2865 1061 2901 Anon.
1080 2865 1175 2898 Harl.
1196 2865 1345 2909 Legcnd.

1430 2981 1453 3004 U
