1839 3186
512 218 569 248 ET
605 214 867 247 MIRAeums
905 214 939 245 s.
966 211 1181 244 conarer.
1537 204 1620 244 223

81 423 167 448 OAP.
189 422 284 447 CVII.
347 418 549 449 QUALITER
584 417 790 447 QUEMDAM
836 414 1051 441 NOCTURNA
1083 413 1243 440 VISIONE
1280 413 1334 438 AD
1366 413 1409 438 SE
1443 414 1519 438 PER
1548 414 1613 439 JU-

140 488 281 514 VENEM
325 486 475 512 VENIRE
521 482 753 519 PRAECEP1T3
791 483 839 507 ET
875 481 1080 515 QUOMODO,
1127 481 1246 506 MANE
1290 480 1426 514 EAOTO,
1474 480 1613 505 EADEM

144 554 348 580 PRAEDIXIT
379 553 427 577 ET
459 534 671 576 DETEXIT.l

144 654 285 708 §2st
323 652 473 692 REDnT
505 648 630 690 Ξ1111111
664 648 829 690 devotio
861 647 1047 688 rediviva
1082 646 1137 687 ad
1177 646 1254 688 viri
1282 645 1362 687 Dei
1397 647 1614 688 convenire

84 719 297 773 colloquia,
316 723 357 759 et
373 717 485 758 facto
502 731 623 757 mane
642 714 809 770 perveni
830 714 926 755 illuc
946 714 1224 755 celebraturus
1242 713 1382 754 divina
1403 713 1614 755 solemnia.

87 786 167 827 Die
196 800 292 827 vero
328 783 590 839 praecedenti,
623 781 791 823 licentia
823 785 1028 836 percepta,
1065 780 1222 821 nullam
1256 779 1421 821 omnino
1454 779 1616 834 uspiam

84 852 363 906 equitaturam
383 850 616 905 perquirere
646 847 775 903 potui,
810 847 882 889 sed
915 848 975 887 ita
1005 847 1197 888 turbatus
1230 847 1366 887 animo
1399 851 1440 887 et
1473 846 1619 901 despe-

84 923 200 959 ratus
222 923 348 958 noctu
369 915 598 971 repausavi.
661 914 719 955 Et
741 929 847 963 ecce,
871 912 1037 968 juvenis
1072 913 1241 967 quidam
1272 913 1504 954 succinctus
1528 928 1619 954 ves-

86 985 198 1025 tibus
219 989 260 1024 et
282 983 405 1038 pallio
427 982 548 1024 blavo
570 982 763 1022 humeros
785 980 800 1001 3
813 985 1037 1034 protectus,
1061 980 1208 1020 baculo
1229 994 1357 1034 parvo
1379 995 1505 1020 manu
1526 995 1619 1020 con-

86 1055 238 1100 tentus,
261 1050 363 1090 mihi
383 1049 426 1089 111
447 1049 538 1089 visu
558 1047 707 1098 astitit,
736 1052 777 1087 et
800 1046 909 1100 quod
935 1046 1137 1087 Godricus
1157 1061 1224 1086 me
1245 1061 1317 1101 per
1335 1045 1471 1100 ipsum
1502 1046 1556 1087 ad
1578 1061 1620 1087 se

84 1117 222 1158 venire
257 1115 530 1171 praeeepisset,
574 1112 778 1168 exposuit.
842 1112 1002 1164 Quibus
1037 1112 1250 1166 evigilans,
1282 1112 1434 1153 iterum
1473 1112 1621 1153 obdor-

85 1183 197 1231 mui3
237 1187 278 1223 et
299 1183 450 1223 iterum
470 1180 581 1222 idem
613 1179 714 1220 mihi
740 1178 888 1228 astitit,
908 1178 1060 1228 dicens,
1088 1183 1113 1200 ‘⁰
1135 1178 1339 1219 Godricus
1361 1194 1433 1233 per
1454 1194 1520 1219 me
1542 1179 1619 1220 tibi

88 1249 285 1304 praecipit,
308 1253 356 1289 ut
376 1262 497 1288 mane
516 1247 626 1287 facto
648 1246 706 1286 illi
726 1245 902 1286 Missam
923 1245 1204 1286 celebraturus
1220 1245 1442 1293 advenias3
1482 1245 1553 1286 sed
1571 1246 1621 1286 de

88 1331 190 1370 equo
212 1315 277 1357 vel
307 1313 393 1370 ejus
427 1317 632 1369 apparatu
662 1327 712 1353 ne
745 1312 935 1366 desperes
966 1326 1036 1352 seu
1068 1310 1266 1352 sollicitus
1298 1311 1486 1362 exsistas,
1523 1327 1620 1352 nam

88 1397 211 1436 quam
243 1382 324 1422 cito
359 1396 432 1436 per
455 1380 596 1421 villam
628 1378 682 1420 ad
715 1377 949 1419 Matutinas
984 1392 1129 1419 sonare
1160 1378 1351 1428 audieris,
1385 1378 1439 1419 ad
1470 1378 1621 1419 ostium

88 1448 257 1489 claustri
280 1447 448 1489 veniens
478 1445 689 1487 hominem
710 1450 752 1486 et
780 1449 918 1485 cetera
939 1459 1113 1498 quaeque
1134 1449 1367 1498 praeparata
1390 1445 1467 1486 tibi
1488 1460 1621 1500 reper-

90 1519 207 1556 turus
232 1514 350 1556 eris.”
412 1513 539 1554 Exivi
563 1512 702 1567 igitur,
726 1516 767 1552 et
790 1510 928 1551 omnia
954 1510 1060 1551 sicut
1081 1510 1307 1560 audieram,
1329 1511 1516 1566 repperi3
1552 1511 1623 1553 sed

89 1580 131 1622 in
151 1581 219 1622 via
236 1581 377 1622 comiti
399 1595 490 1621 meo
507 1594 598 1633 quae
614 1583 734 1619 nocte
756 1577 951 1619 vidissem
969 1578 1139 1632 exposui
1159 1595 1169 1625 ς
1194 1577 1345 1631 illoque
1366 1577 1621 1632 perveniens,

89 1648 299 1702 postulata
329 1647 437 1688 illius
466 1645 763 1695 benedictione,
802 1643 992 1692 consedi3
1030 1648 1070 1684 et
1092 1643 1286 1684 audiente
1307 1644 1496 1685 ministro
1518 1643 1621 1699 ejus,

89 1719 131 1755 et
156 1714 225 1768 qui
245 1729 407 1755 mecum
435 1727 571 1754 comes
607 1712 844 1763 advenerat,
873 1715 1014 1751 utrum
1049 1725 1115 1751 me
1150 1715 1392 1765 agnosceret
1418 1711 1624 1765 inquisivi.

89 1823 218 1869 placuit
236 1823 423 1867 Majestati,
436 1830 467 1856 et
480 1834 540 1867 ego
556 1822 711 1855 laetitiam
730 1821 938 1867 spiritualem
958 1833 1024 1854 non
1042 1821 1212 1855 modicam
1230 1821 1309 1854 inde
1327 1820 1490 1866 concepi.'
1539 1820 1570 1853 H
1576 1832 1625 1854 ecc

90 1871 189 1916 priori
221 1876 254 1903 et
281 1870 411 1903 caeteris
440 1869 598 1902 fratribus
626 1868 744 1901 eodem
772 1868 826 1901 die
853 1868 1032 1901 lacrimans
1060 1868 1236 1901 enarravit.
1299 1867 1395 1912 Saepe
1424 1867 1560 1912 quidem
1592 1868 1624 1900 111

89 1917 227 1950 30010113
254 1916 438 1949 Missurum
459 1915 541 1948 vidit
559 1915 676 1948 Altare
697 1915 910 1948 choruscanti
930 1914 1073 1959 desuper
1097 1914 1226 1947 lumine
1247 1914 1379 1959 operiri,
1398 1921 1431 1946 et
1448 1913 1532 1946 illud
1550 1920 1625 1959 post

90 1963 190 1996 officii
209 1962 469 1996 celebrationem
486 1962 520 1994 in
539 1973 683 2007 superna
700 1961 866 1994 recedere.
903 1961 975 2005 Ego
989 1961 1091 2005 igitur
1108 1961 1216 1994 amica
1234 1960 1482 2005 supplicatione
1500 1961 1624 2005 rogavi,

89 2016 127 2043 ut
155 2009 239 2043 mihi
270 2009 463 2054 dignaretur
490 2008 618 2053 aliquid
646 2008 687 2041 de
717 2007 912 2050 hujusmodi
940 2007 1126 2040 visionibus
1155 2007 1316 2040 indicare.
1374 2006 1458 2040 Ille:
1486 2007 1624 2050 ‘Quia,’

90 2057 212 2101 inquit,
231 2057 439 2089 ‘reverenter
455 2055 520 2088 hoc
538 2055 660 2099 exigis,
678 2054 791 2099 aliqua
808 2054 870 2087 tibi
894 2054 1110 2087 manifestare
1128 2053 1274 2087 curabo?
1324 2053 1421 2098 Saepe
1444 2053 1478 2086 111
1496 2059 1624 2086 secreta

90 2103 211 2136 Missae
236 2102 304 2135 vidi
331 2102 517 2135 Dominum
543 2101 662 2134 Jesum
683 2100 855 2133 Christum
881 2100 916 2133 in
941 2100 1054 2145 specie
1078 2100 1227 2133 humana
1252 2111 1352 2145 super
1370 2099 1486 2133 Altare
1512 2112 1624 2133 coram

89 2149 285 2195 presbytero
303 2149 536 2191 constitutum,
561 2154 594 2181 et
611 2159 666 2181 me
693 2147 836 2180 dulciter
860 2147 1060 2190 intuentem,
1079 2153 1112 2180 et
1129 2152 1204 2192 post
1221 2146 1263 2179 ad
1290 2158 1488 2179 concessum
1515 2146 1625 2179 Patris

90 2196 282 2239 ascendere,
298 2195 411 2240 ibique
428 2195 471 2228 ad
490 2194 575 2238 Ejus
593 2194 766 2227 dexteram
781 2193 927 2226 residere
942 2206 950 2235 ;
975 2193 1173 2238 plerumque
1191 2193 1353 2238 conspexi
1368 2205 1442 2238 quae
1457 2193 1540 2226 mihi
1558 2205 1625 2226 non

89 2242 169 2276 licet
197 2242 339 2276 edicere.
398 2241 566 2286 Apparuit
596 2241 698 2274 etiam
729 2240 928 2285 quandoque
958 2240 1058 2273 alicui
1088 2240 1196 2273 forma
1226 2239 1352 2272 Christi
1381 2239 1560 2285 pendentis
1592 2240 1626 2273 in

92 2288 212 2333 Cruce,
245 2289 421 2334 primoque
447 2287 586 2333 protulit
613 2287 716 2332 pedes
745 2286 848 2320 clavis
878 2286 1042 2329 confixos,
1071 2286 1193 2320 deinde
1222 2285 1385 2331 paulatim
1412 2286 1625 2319 ascendendo

91 2347 211 2380 corpus
237 2334 397 2375 ostendit,
425 2340 457 2367 et
483 2334 680 2378 sanguinem
707 2333 747 2366 de
772 2333 929 2366 manibus
955 2338 988 2365 et
1012 2333 1116 2366 latere
1141 2333 1375 2378 profluentem.
1426 2333 1504 2366 Nee
1529 2333 1626 2378 plura

91 2381 286 2426 interroges,
305 2393 347 2414 ne
365 2381 430 2413 Dei
448 2380 611 2413 offensam
629 2391 687 2425 per
704 2385 748 2423 10,
767 2379 857 2424 quod
879 2379 978 2422 absit,
996 2379 1189 2413 incurram.⁷
1240 2379 1327 2412 Cum
1344 2378 1418 2412 haec
1436 2379 1628 2424 aliquantu-

91 2427 162 2461 lum
177 2428 378 2470 omisissem,
397 2438 529 2460 rursum
548 2426 687 2471 quaesivi
705 2438 747 2459 an
766 2426 902 2470 spiritus
915 2425 1097 2469 Angelieos
1113 2425 1247 2459 Christo
1265 2425 1456 2458 ministrare
1474 2426 1625 2459 vidisset.

93 2474 149 2507 Ad
165 2474 230 2507 hoc
256 2474 302 2507 ita
326 2473 519 2518 respondit:
547 2472 739 2506 ‘Assistunt
766 2472 807 2504 Ei
834 2483 965 2517 semper
983 2478 1017 2504 et
1033 2472 1226 2505 ministrant
1243 2477 1344 2516 atque
1370 2471 1624 2515 circumvolant,

93 2520 152 2554 sed
170 2532 283 2554 eorum
303 2521 432 2566 species
449 2531 516 2553 non
533 2525 645 2565 potest
661 2530 731 2564 prae
744 2518 849 2551 nimio
864 2518 1041 2563 splendore
1067 2518 1212 2552 discerni
1228 2532 1235 2560 ;
1264 2524 1302 2551 tu
1320 2518 1419 2551 modo
1437 2518 1533 2563 plura
1558 2530 1625 2551 non

94 2570 246 2612 quaeras.’
296 2567 324 2600 T
328 2579 392 2600 unc
411 2578 472 2611 ego
490 2578 556 2599 non
574 2565 671 2599 aliter
688 2576 789 2598 ausus
808 2564 972 2598 obtieui.''
999 2565 1113 2598 Anon.
1132 2564 1281 2610 Legend.

142 2614 150 2634 ¹
180 2613 220 2646 In
238 2613 295 2646 the
315 2613 410 2646 Harl.
429 2613 505 2647 MS.
524 2612 662 2657 chapter
681 2611 794 2645 CXV.

141 2660 153 2678 ²
174 2658 294 2705 Muza]
322 2659 518 2704 Reginald's
543 2658 709 2692 narrative
727 2658 764 2690 of
785 2657 838 2691 his
863 2657 1018 2703 personal
1044 2657 1250 2690 intercourse
1275 2656 1357 2689 with
1383 2656 1571 2690 St.G0drie
1597 2657 1625 2690 is

92 2705 172 2739 here
198 2706 392 2739 continued.
442 2707 463 2723 ‘⁶
478 2705 654 2739 Postulata
676 2704 767 2737 illius
793 2704 1030 2737 benedictione
1055 2703 1205 2745 consedi,
1230 2709 1263 2736 et
1284 2703 1442 2736 audiente
1469 2703 1625 2736 ministro

93 2753 177 2795 ejus,
208 2759 240 2785 et
270 2751 327 2797 qui
354 2763 488 2785 mecum
515 2763 628 2786 comes
657 2751 848 2793 advenerat,
879 2756 991 2783 utrum
1017 2762 1072 2783 1110
1098 2755 1294 2795 agnosceret
1321 2749 1491 2793 inquisivi.
1558 2749 1625 2791 Qui

95 2798 218 2832 clausis
236 2799 343 2831 0011113
366 2809 421 2831 1110
439 2798 570 2831 vocavit
593 2809 636 2831 ex
658 2797 806 2840 nomine,
826 2797 941 2830 dicens
965 2808 1001 2830 se
1027 2797 1145 2830 eadem
1168 2796 1305 2839 noete,''
1328 2795 1373 2829 H.
1393 2795 1551 2840 omitting
1568 2796 1625 2829 the

95 2844 329 2878 intermediate
346 2845 488 2889 portion.

142 2891 155 2911 3
175 2889 379 2936 Protectus]
409 2890 473 2924 Vel
491 2890 683 2935 adopertus,
706 2889 787 2923 MS.
