1839 3186
195 190 278 230 208
716 199 947 231 LIBELLUS
984 199 1048 230 DE
1085 199 1201 231 VITA

196 402 283 428 CAP.
309 403 435 428 XCVII.
497 403 548 428 DE
579 403 729 429 SANCTO
763 403 953 428 JOHANNE
990 402 1197 437 BAPTISTA,
1235 402 1304 431 QUI
1336 402 1419 427 CUM
1456 401 1627 427 COETIBUS
1668 402 1733 427 SU-

258 469 400 495 PERNIS
432 470 642 503 ADVEN1T3
693 470 741 494 ET
787 469 902 494 SIGNO
948 470 1197 504 RESONANTE,
1240 469 1388 494 CHOROS
1419 468 1616 493 COELESTES
1647 468 1733 493 lLLO

256 536 397 572 DUXlT,
430 537 576 566 QUIBUS
613 537 684 562 VIR
719 537 787 561 DEI
819 536 1052 561 INTERFUIT.
1064 520 1077 541 1

260 636 282 691 ξ
306 635 402 680 197.
441 636 578 677 NOCTE
603 636 925 678 QDecollationis
960 636 1082 677 Beati
1111 635 1141 676 J
1145 635 1317 677 ohannis
1339 634 1540 690 Baptistee
1563 633 1731 689 quidam

199 702 327 744 frater
348 703 476 744 divini
498 702 618 744 officii
640 703 914 744 ministerium
945 703 1001 743 ibi
1035 702 1314 743 celebraturus
1346 702 1386 742 in
1414 701 1500 758 ejus
1529 701 1631 742 cella
1663 700 1731 741 de-

202 769 371 817 cubuit;
407 775 448 810 ct
476 768 566 824 jam
608 770 745 810 media
780 774 900 810 nocte
931 769 1127 817 instante,
1163 769 1294 809 somni
1335 783 1479 823 sopore
1515 767 1731 821 requievit.

204 836 283 876 Vir
308 835 388 877 Dei
410 836 535 891 igitur
557 836 666 877 elata
687 851 785 876 voce
817 836 857 876 in
889 836 1053 877 sublimi
1086 834 1321 876 dulcimoda
1352 834 1635 876 modulatione
1669 849 1733 874 00-

202 902 314 952 011111,
338 907 379 943 01
402 903 662 956 praecursoris
682 902 851 943 Domini
869 917 1019 942 nomen
1040 902 1191 957 saepius
1207 902 1389 942 iteravit.
1453 899 1580 956 Cujus
1597 900 1733 942 sonitu

201 968 329 1009 frater
368 969 435 1009 ille
477 970 649 1019 excitus,
685 969 922 1024 diligentius
959 983 1101 1010 aurem
1138 967 1344 1016 adhibuit,
1379 967 1589 1021 sciensque
1624 966 1735 1021 quod

201 1034 358 1089 aliquid
393 1035 605 1090 spirituale
635 1035 819 1085 vidisset,
859 1035 1080 1076 obmutuit.
1166 1035 1297 1076 Missa
1337 1035 1379 1075 in
1418 1034 1595 1075 crastino
1630 1033 1733 1074 cele-

203 1101 335 1151 brata,
359 1117 463 1154 ecce,
478 1103 540 1144 vir
557 1102 736 1156 quidam,
757 1102 825 1156 qui
849 1117 937 1143 sero
960 1101 1217 1156 preecedente
1239 1101 1335 1141 illuc
1352 1100 1523 1155 pervigil
1545 1105 1735 1141 oraturus

203 1168 441 1219 advenerat,
476 1183 517 1210 se
553 1169 850 1223 p1·aemirabiles
876 1168 1056 1209 dulcium
1080 1168 1307 1209 cantilenas
1335 1167 1544 1209 sonituum
1571 1166 1733 1208 audisse

205 1234 422 1276 referebat.
501 1239 527 1257 ‘⁶
550 1235 723 1284 Nocte,”
761 1235 906 1289 inquit,
955 1235 1076 1275 “hac
1126 1234 1275 1284 media,
1320 1249 1413 1274 cum
1454 1234 1497 1274 in
1544 1231 1735 1274 Oratorio

205 1301 347 1342 Beatae
365 1301 511 1342 Mariae
535 1302 837 1351 decumberem,
856 1301 963 1342 tanti
983 1301 1118 1342 odoris
1142 1301 1370 1355 fragrantia
1390 1300 1432 1341 in
1456 1300 1524 1340 illo
1557 1300 1736 1348 exstitit,

206 1373 403 1421 quantam
425 1373 549 1409 antea
568 1384 779 1423 nunquam
794 1368 967 1409 olfactus
981 1383 1095 1409 meus
1117 1366 1330 1423 persensit.
1394 1366 1736 1407 Tintinnabulum

206 1435 333 1475 etiam
363 1435 465 1476 illud
502 1435 725 1486 modicum,
759 1435 870 1489 quod
908 1435 964 1476 ibi
998 1434 1163 1489 pendet,
1209 1434 1360 1475 nullius
1401 1433 1581 1488 impulsu
1614 1447 1735 1487 quem

205 1501 355 1542 vidisse
396 1501 621 1556 potuissem
666 1506 917 1551 contactum,
968 1501 1158 1542 ordinato
1196 1500 1297 1542 satis
1337 1499 1419 1541 ritu
1459 1500 1654 1547 insonuit,
1694 1504 1737 1540 et

207 1567 363 1609 diutius
398 1583 423 1609 a
456 1569 530 1609 tali
563 1568 841 1609 modulamine
879 1584 961 1609 11011
993 1567 1182 1609 cessavit.
1244 1567 1361 1608 Tunc
1394 1582 1541 1609 vocum
1580 1566 1737 1608 sonitus

208 1635 308 1676 satis
330 1633 545 1676 mellifluos
569 1635 720 1685 audivi,
745 1640 786 1676 et
807 1635 922 1688 quasi
944 1634 1255 1689 procedentium
1276 1633 1505 1687 aliquorum
1528 1633 1672 1674 choros
1689 1632 1739 1673 de

209 1701 395 1743 Ecclesia
417 1701 536 1742 Beati
565 1701 595 1741 J
599 1702 771 1743 ohannis
803 1702 1005 1756 Baptistae
1037 1700 1091 1742 ad
1117 1700 1354 1741 Oratorium
1392 1700 1555 1741 Sanctae
1590 1699 1738 1740 Mariae

207 1767 329 1810 sensi.
387 1767 436 1809 In
459 1768 643 1810 adventu
666 1768 804 1822 itaque
826 1768 1062 1809 canentium
1085 1772 1125 1808 et
1147 1781 1345 1822 regressu,
1368 1766 1470 1807 illud
1494 1766 1656 1821 signum
1677 1765 1737 1806 in-

207 1834 356 1886 tonuit,
381 1839 421 1876 et
443 1835 707 1890 postmodun]
729 1851 754 1876 a
775 1850 849 1877 sua
868 1834 1150 1876 modulatione
1176 1833 1370 1888 quievit.''
1403 1833 1739 1886 Asserebantque

208 1901 344 1956 plures
380 1915 602 1952 servorum,
639 1902 707 1956 qui
739 1902 781 1942 in
822 1902 944 1943 domo
983 1901 1190 1942 communi
1231 1915 1346 1941 secus
1385 1915 1476 1941 eam
1512 1899 1740 1941 lateraliter

208 1967 383 2022 ³posita,
415 1968 684 2018 obdormiere,
718 1969 875 2010 sonitus
905 1968 1015 2023 ipsos
1046 1982 1088 2008 se
1119 1966 1295 2015 audisse,
1332 1973 1372 2008 et
1396 1966 1505 2007 unde
1532 1966 1576 2007 id
1596 1981 1739 2021 prove-

207 2034 336 2075 nisset
374 2050 538 2089 prorsus
572 2035 775 2090 ignorare.
847 2035 1046 2087 Quaerens
1073 2033 1200 2088 igitur
1230 2048 1255 2073 a
1282 2048 1398 2075 servo
1421 2032 1502 2074 Dei
1532 2032 1631 2086 quid
1663 2032 1740 2073 hoc

209 2100 367 2151 fuisset,
390 2100 491 2143 fiens
513 2107 553 2142 et
581 2102 719 2142 oculos
739 2101 793 2142 ad
815 2101 960 2142 coelum
993 2100 1186 2141 attollens
1217 2100 1289 2150 ait,
1318 2104 1342 2122 ‘⁴
1365 2099 1416 2140 In
1437 2114 1536 2141 voce
1559 2099 1740 2140 exsulta-

211 2167 336 2209 tionis
364 2173 404 2208 et
432 2166 707 2222 jocunditatis
738 2172 901 2222 oportet
932 2167 1113 2207 Domino
1136 2165 1330 2221 jubilare,
1369 2165 1464 2220 quia
1499 2166 1585 2207 dies
1616 2165 1739 2206 hodie

212 2234 389 2275 solennis
410 2234 548 2275 illuxit
569 2250 642 2289 pro
664 2234 928 2275 veneratione
954 2233 1095 2274 Sancti
1130 2233 1160 2273 J
1164 2233 1336 2274 ohannis
1367 2232 1595 2287 Baptistae;
1631 2237 1672 2273 et
1697 2247 1740 2273 re

211 2315 309 2341 Vera
340 2300 426 2355 ipse
462 2306 582 2342 nocte
618 2300 699 2342 ista
728 2301 795 2342 hic
825 2300 956 2350 affuit,
985 2305 1026 2341 et
1056 2305 1258 2340 nocturna
1293 2300 1442 2355 synaxi
1472 2299 1538 2340 hic
1561 2298 1740 2339 Domino

212 2367 433 2416 celebrata,
472 2382 566 2407 cum
598 2372 704 2408 coctu
737 2367 890 2408 coelesti
923 2366 1184 2422 hymnidicos
1217 2366 1363 2407 choros
1395 2366 1490 2406 hinc
1523 2380 1651 2419 usque
1687 2364 1742 2406 ad

212 2433 450 2474 Oratorium
491 2433 633 2474 Beatee
677 2434 823 2474 Mariae
859 2433 1066 2488 perduxit,
1105 2438 1146 2473 et
1183 2432 1277 2473 iude
1304 2434 1385 2473 huc
1420 2437 1564 2487 postea
1605 2431 1741 2473 rediit.

214 2500 305 2555 Ego
331 2514 423 2542 Vero
443 2501 748 2554 qualiscumque
766 2505 969 2555 peccator,
989 2500 1053 2541 his
1071 2499 1278 2541 solemniis
1298 2498 1479 2548 interfui,
1502 2498 1630 2539 oculis
1651 2498 1742 2539 istis

214 2567 302 2607 heec
326 2568 464 2608 omnia
484 2567 595 2616 vidi;
633 2566 742 2607 unde
764 2582 847 2621 pree
868 2566 1009 2621 gaudii
1031 2565 1146 2606 nimii
1169 2565 1374 2607 suavitate
1396 2580 1490 2605 011111
1512 2564 1590 2605 11110
1620 2564 1742 2606 01111111

213 2633 356 2684 cecini,
381 2634 476 2688 quia
496 2649 562 2674 me
583 2649 608 2674 a
630 2638 754 2673 cantu
772 2633 947 2673 retinere
969 2647 1051 2673 11011
1075 2632 1233 2687 potui.'''
1304 2631 1408 2672 Haec
1431 2631 1570 2672 dicens
1592 2630 1742 2671 iterum

214 2700 442 2742 diutissime
464 2699 589 2750 flevit,
615 2715 689 2740 nec
711 2699 928 2753 quicquam
949 2703 1048 2739 tunc
1072 2698 1247 2753 amplius
1270 2698 1320 2738 de
1339 2698 1402 2739 his
1424 2697 1558 2738 dicere
1581 2697 1711 2739 voluit
1731 2710 1741 2748 ;

680 2810 686 2828 ¹
716 2809 755 2842 In
774 2808 831 2842 the
851 2808 945 2842 Harl.
968 2808 1042 2842 MS.
1061 2808 1198 2853 chapter
1217 2808 1290 2841 CV.

677 2857 689 2875 ²
709 2855 977 2900 Decollationis]
1003 2856 1091 2899 Aug.
1112 2857 1165 2888 29.

680 2904 692 2923 ³
711 2901 856 2948 vac'ta]
885 2902 1046 2945 Positam,
1067 2901 1165 2934 MSS.
