1839 3186
536 203 595 234 ET
630 201 895 234 MIRAcULIs
933 202 967 233 s.
994 200 1213 232 comum.
1566 187 1648 233 297

104 311 146 348 et
165 321 267 362 opus
287 311 444 362 optatae
467 305 682 347 auxilium.
745 306 847 359 Quae
872 305 999 348 verba
1031 320 1125 346 mea
1156 304 1379 346 novissima
1408 304 1643 359 frequenter

104 374 141 415 ei
173 373 321 414 nuncio
362 373 528 428 replica,
572 371 785 413 multoties
826 372 1056 427 saepiusque
1099 371 1289 420 inculca,
1345 371 1441 425 quia
1483 371 1643 426 Spiritu

106 440 260 481 Sancto
283 440 515 495 detegente,
545 454 643 481 mox
665 447 711 479 ut
748 439 828 480 ista
849 439 1041 488 audierit,
1065 437 1207 480 statim
1230 437 1392 478 illorum
1415 437 1642 492 perpendet

104 506 434 561 archiepiscopus
458 510 641 553 secreta;
677 511 719 546 et
747 503 878 560 major
902 504 973 546 fiet
996 505 1186 546 omnibus
1208 504 1358 558 Anglis
1381 503 1548 545 1laetitia
1569 520 1641 559 pro

104 571 191 628 ejus
210 572 360 623 reditu,
384 587 506 627 quam
528 572 606 613 fuit
628 572 726 613 olim
746 572 943 613 moestitia
964 587 1036 627 pro
1059 569 1145 627 ejus
1167 571 1300 612 exsilii
1321 570 1545 612 tulnultu.”

163 640 298 694 §280.
331 639 520 680 Processi
557 638 696 694 igitur,
735 643 776 679 et
807 638 948 679 omnia
983 638 1073 679 haec
1109 635 1197 693 ejus
1231 637 1367 693 legato
1391 636 1545 688 detexi,
1573 638 1641 691 qui

104 705 338 748 nullatenus
360 706 417 747 sic
439 704 668 747 2οοηεθηείίῑ
691 720 732 747 se
754 704 840 746 fore
862 710 1071 760 pacatum,
1094 704 1172 745 nisi
1195 704 1250 745 ad
1272 703 1348 745 viri
1370 703 1450 745 Dei
1473 704 1641 746 admitti

103 772 304 827 potuisset
325 772 548 826 alloquium
566 789 577 821 ς
612 772 722 826 quod
752 771 922 813 tandem
943 787 968 813 a
989 787 1105 813 servo
1132 770 1213 812 Dei
1233 770 1470 826 impetrato,
1491 776 1642 812 cuncta

104 839 210 880 sicut
254 839 538 894 praescriptum
575 844 649 889 est,
687 854 739 879 ex
777 838 919 880 ordine
953 839 989 880 ei
1030 837 1228 888 retexuit,
1266 843 1307 879 et
1348 843 1394 879 ut
1434 837 1641 879 reminisci

105 905 327 956 debuisset,
347 905 456 960 quod
477 910 571 961 post
595 905 803 946 modicum
825 904 917 947 finis
936 921 988 946 ex
1013 905 1123 946 omni
1142 910 1261 960 parte
1283 919 1377 946 cun]
1397 919 1444 945 eo
1459 904 1639 959 undique

105 970 235 1022 fieret,
284 972 431 1027 saepius
467 972 616 1013 nuncio
666 972 864 1027 replicare
907 987 989 1013 non
1028 971 1163 1013 desiit.
1226 971 1432 1026 Percepta
1463 971 1639 1026 denique

105 1037 192 1094 ejus
211 1038 510 1088 benedictione,
534 1039 697 1093 utrique
729 1038 1001 1089 discessimus,
1026 1043 1067 1080 et
1095 1053 1262 1093 prorsus
1282 1038 1339 1079 nil
1361 1038 1639 1092 intelligentes

106 1110 204 1147 tunc
225 1121 277 1146 ex
300 1106 489 1147 omnibus
512 1106 648 1147 verbis
668 1105 921 1160 propheticis
943 1120 1032 1160 quae
1054 1105 1303 1146 audivimus.
1374 1104 1521 1145 3Redii
1543 1120 1638 1147 vero

105 1178 324 1228 postremo,
350 1171 636 1214 benedictione
670 1172 794 1220 data;
829 1171 1016 1214 alludens
1049 1171 1122 1223 ait,
1161 1176 1185 1194 “
1205 1171 1285 1224 Qui
1320 1170 1370 1212 de
1392 1186 1512 1212 mane
1547 1187 1638 1226 pro-

104 1240 277 1294 perabas
297 1239 410 1280 abire
424 1237 515 1294 jam
531 1253 612 1279 non
634 1238 688 1280 ad
710 1238 951 1294 capitulum,
973 1238 1044 1280 sed
1060 1239 1113 1279 ad
1135 1238 1278 1279 horam
1300 1237 1463 1293 prandii
1482 1238 1637 1279 Dunel-

104 1321 220 1347 mum
240 1306 394 1361 poteris
418 1305 671 1360 pervenire?
741 1305 863 1358 Quod
879 1304 1007 1361 juxta
1032 1305 1075 1346 id
1097 1304 1207 1360 quod
1238 1304 1432 1360 praedixit
1453 1305 1604 1346 accidit
1624 1323 1635 1354 ;

105 1378 147 1414 et
165 1372 482 1428 procedentibus
503 1372 556 1413 ad
577 1387 762 1414 mensam
783 1372 992 1423 fratribus,
1016 1377 1116 1413 tunc
1138 1371 1305 1413 demum
1326 1371 1526 1427 praedicta
1545 1387 1637 1427 pro-

104 1440 247 1494 phetia
278 1440 332 1481 ad
362 1439 604 1481 memoriam
639 1439 775 1480 rediit.
852 1439 1041 1494 Denique
1074 1439 1158 1480 fere
1187 1443 1281 1493 post
1313 1438 1488 1480 duorum
1524 1454 1637 1480 men-

103 1506 211 1548 sium
227 1506 449 1548 terminum
463 1506 525 1547 vir
542 1506 620 1547 Dei
639 1521 691 1547 ex
707 1506 786 1547 hac
804 1506 889 1547 vita
905 1505 1110 1548 4discessit
1126 1523 1136 1554 ;
1162 1511 1203 1547 et
1220 1505 1313 1546 ideo
1330 1510 1426 1546 ante
1443 1506 1637 1561 martyri—

103 1588 176 1614 um
197 1573 337 1614 domni
355 1572 665 1615 Cantuariensis
686 1572 788 1613 nihil
811 1572 862 1613 de
880 1573 1014 1614 verbis
1036 1572 1126 1614 istis
1147 1572 1265 1614 nobis
1286 1573 1423 1613 animo
1439 1572 1631 1621 occurrit3

104 1644 198 1694 post
239 1639 534 1694 archiepiscopi
579 1654 675 1681 vero
714 1639 982 1694 depositionis
1025 1639 1190 1681 solenne
1230 1639 1492 1695 martyrium,
1534 1644 1635 1680 tunc

105 1706 272 1748 demum
315 1706 486 1762 patebat
529 1706 647 1747 nobis
687 1720 807 1747 omne
857 1706 961 1746 illud
1013 1705 1264 1760 propheticae
1308 1706 1634 1748 obumbrationis

104 1773 358 1828 ambiguum.
421 1772 530 1813 Nam
557 1787 704 1814 venere
738 1777 889 1813 cuncta
916 1787 1005 1826 quae
1041 1772 1220 1821 dixerat,
1255 1777 1296 1813 et
1332 1771 1455 1813 finem
1486 1773 1635 1814 sortita

104 1844 200 1881 sunt
226 1840 387 1896 singula
406 1839 513 1881 sicut
537 1838 697 1894 Spiritu
717 1854 903 1895 praesago
927 1839 988 1881 vir
1010 1838 1091 1880 Dei
1111 1837 1127 1860 ⁵
1133 1838 1468 1895 praesignaverat.

153 1948 162 1967 ¹
183 1948 347 1996 Laetitz'a]
376 1950 584 1984 Benedictus
610 1951 727 1985 Abbas
753 1951 819 1985 and
847 1951 1012 1985 Hoveden
1029 1952 1180 1985 mention
1198 1952 1255 1985 the
1268 1953 1330 1997 joy
1346 1951 1429 1985 with
1446 1951 1556 1985 which
1575 1952 1632 1986 the

103 2001 217 2029 return
235 1996 273 2029 of
286 1996 343 2029 the
360 1997 560 2042 archbishop
578 2009 646 2031 was
664 1997 787 2032 hailed.
838 1998 901 2031 See
920 1998 1112 2032 Littleton's
1131 1998 1221 2033 Hen.
1242 1998 1304 2042 IL,
1322 1999 1356 2032 ii.
1376 2001 1454 2041 585,
1474 2001 1553 2033 586.

149 2042 163 2063 2
184 2041 384 2090 consensit]
415 2044 602 2088 Concessit,
623 2044 671 2078 H.
1047 2046 1059 2064 ³
1078 2044 1208 2091 Redit]
1237 2045 1396 2089 Rediens,
1418 2045 1467 2080 H.

150 2089 162 2107 ⁴
182 2089 368 2135 Discessit]
392 2091 553 2136 Namely,
573 2103 615 2124 on
634 2093 710 2124 21st
728 2091 813 2136 May
830 2097 913 2125 next
931 2092 1095 2136 ensuing;
1115 2104 1171 2126 see
1189 2092 1206 2138 ξ
1224 2094 1303 2126 313.

150 2136 162 2154 ⁵
180 2136 477 2184 Praesignaverat]
506 2140 526 2156 ⁴⁶
542 2137 675 2180 Quibus
693 2138 818 2171 auditis
837 2138 980 2184 obstupo
994 2140 1104 2184 capite
1122 2139 1180 2172 diu
1198 2139 1372 2182 conticuit,
1387 2144 1420 2172 et
1432 2139 1478 2172 ita
1492 2139 1629 2173 demum

103 2182 275 2227 respondit
291 2195 298 2217 :
327 2183 460 2217 ‘Hodie
478 2196 555 2218 cum
574 2184 763 2218 discederes
781 2185 920 2230 praevidi
939 2185 1028 2230 quod
1051 2185 1195 2219 nuncius
1212 2186 1275 2219 iste
1293 2197 1334 2218 ne
1352 2186 1549 2231 procederes
1565 2187 1629 2219 im-

102 2229 244 2273 pediret.
286 2229 416 2263 Revera
433 2242 509 2275 quae
527 2230 576 2264 illi
593 2237 644 2264 ter
660 2231 829 2274 mandavi,
848 2232 993 2277 Spiritus
1018 2232 1161 2265 Sanctus
1179 2232 1350 2266 revelavit.
1393 2232 1429 2265 N
1434 2244 1497 2266 unc
1514 2239 1628 2266 autem

104 2275 157 2308 dic
171 2275 307 2319 nuncio,
320 2288 362 2309 ne
375 2277 647 2322 archiepiscopus
664 2278 765 2311 nimis
782 2278 924 2312 moleste
941 2279 1025 2312 ferat
1039 2278 1066 2312 si
1082 2279 1124 2312 ad
1139 2285 1273 2324 tempus
1291 2279 1424 2312 duriora
1441 2280 1605 2313 sustineat
1620 2293 1627 2322 3

103 2333 181 2355 nam
199 2328 292 2355 tanto
310 2323 372 2356 erit
390 2335 512 2357 corona
527 2324 702 2367 gloriosior
720 2330 845 2369 quanto
863 2336 962 2370 poena
978 2325 1080 2358 fuerit
1096 2325 1269 2371 prolixior.
1310 2325 1446 2371 Nempe
1464 2326 1549 2359 infra
1566 2339 1627 2360 sex

102 2379 236 2402 menses
255 2369 355 2402 verbo
375 2375 473 2403 tenus
499 2371 782 2412 reconciliabitur,
802 2372 861 2404 sed
880 2372 1048 2405 Godricus
1066 2378 1146 2405 tunc
1172 2384 1237 2405 non
1264 2372 1326 2406 erit
1343 2372 1377 2405 in
1396 2373 1474 2415 vita,
1493 2379 1526 2406 et
1543 2373 1629 2406 infra

102 2426 228 2448 nonum
254 2427 418 2458 mensem,
436 2417 556 2450 ablatis
574 2417 730 2451 omnibus
757 2418 932 2462 restitutis,
951 2419 993 2451 ad
1018 2419 1133 2452 sedem
1158 2419 1325 2464 propriam
1351 2419 1525 2453 remeabit.
1576 2420 1627 2453 lbi

102 2461 206 2495 finem
231 2463 335 2496 totius
361 2464 486 2507 negotii
513 2464 680 2507 sortietur,
707 2464 749 2497 ad
774 2464 934 2498 honorem
962 2465 1025 2498 Dei
1045 2471 1077 2498 et
1095 2465 1238 2499 salutem
1257 2466 1321 2509 sui,
1347 2466 1628 2499 consolationem-

103 2519 168 2552 que
196 2508 391 2543 multorum.
451 2510 535 2543 Haec
560 2516 674 2543 autem
706 2510 804 2544 verba
832 2511 1016 2545 novissima
1044 2513 1167 2545 nuncio
1197 2512 1405 2557 frequentius
1434 2513 1602 2546 inculcato
1619 2526 1628 2555 3

103 2555 261 2599 quoniam
299 2556 572 2601 archiepiscopus
600 2569 715 2590 eorum
744 2557 830 2591 bene
859 2558 1043 2603 perpendet
1072 2559 1256 2592 arcanum.’
1322 2559 1423 2592 Exivi
1458 2566 1491 2592 et
1518 2559 1628 2604 legato

103 2608 225 2635 cuncta
249 2603 392 2646 retexui,
411 2603 470 2636 sed
487 2603 544 2636 ille
561 2603 604 2637 ad
622 2603 827 2649 colloquium
853 2605 961 2638 saneti
987 2605 1191 2639 omnimodis
1217 2606 1457 2651 deprecabatur
1481 2606 1627 2640 admitti.

104 2647 205 2690 Quod
230 2660 307 2681 cum
332 2649 577 2694 impetrassem,
603 2650 750 2695 intravit,
776 2657 808 2684 et
826 2651 898 2684 haec
925 2652 1036 2685 onmia
1054 2652 1095 2685 ab
1114 2664 1170 2685 ore
1196 2653 1301 2697 ipsius
1326 2652 1475 2693 audivit3
1503 2659 1628 2698 etpost

103 2694 213 2738 ambo,
230 2702 387 2740 percepta
405 2697 476 2739 ejus
495 2696 740 2740 benedictione,
761 2697 989 2732 discessimus.
1039 2699 1094 2732 Ab
1111 2699 1175 2732 hoc
1192 2705 1342 2743 tempore
1368 2699 1541 2732 mensibus
1559 2700 1628 2733 fere

103 2741 240 2821 (Iljuobusl
260 2741 392 2787 elapsis,
420 2743 618 2777 venerabilis
636 2744 805 2778 Godricus
831 2744 874 2778 ad
901 2745 1053 2779 coelestia
1078 2745 1364 2790 tranfflnigravit.''
1390 2746 1502 2780 Anon.
1530 2747 1626 2782 Harl.

134 2799 251 2833 egent.
