1839 3186
184 170 267 215 478
706 179 941 212 LIBELLUS
973 180 1037 211 DE
1069 180 1184 212 VITA

183 287 325 328 oculus
357 286 521 328 exstitit
553 290 594 326 et
623 287 852 338 caecutiens,
868 285 961 342 jam
993 287 1174 329 donante
1207 288 1361 330 Sancto
1394 289 1588 342 Godrico,
1611 293 1712 333 utri-

181 369 310 408 usque
331 353 437 394 oculi
468 352 627 394 lumina
656 353 836 408 perfecte
867 353 1063 409 percipi.”
1126 353 1243 396 Tunc
1274 355 1372 396 socii
1393 355 1502 398 illius
1533 372 1712 413 congau-

184 420 330 461 dentes
351 424 392 460 et
413 434 497 460 una
526 434 621 460 cum
641 420 729 475 ipso
760 419 815 460 ad
848 420 1111 474 sepulchrum
1140 420 1284 462 Sancti
1312 422 1393 463 Dei
1425 424 1709 477 procedentes,

180 491 319 542 grates
341 486 432 527 Deo
452 486 702 540 multiplices
732 486 1018 536 reddiderunt,
1043 491 1085 528 et
1108 487 1158 528 de
1178 487 1290 528 facto
1311 488 1354 529 in
1384 489 1453 530 illo
1476 489 1557 531 Dei
1586 491 1711 532 bene-

183 552 274 594 ficio
296 568 368 608 per
390 553 523 594 sancti
545 552 714 594 Godrici
734 552 897 602 merita,
922 552 1044 594 simul
1065 568 1160 594 cum
1182 568 1229 594 eo
1250 555 1372 595 multi
1393 559 1520 597 testes
1540 557 1711 599 veridici

183 620 448 661 exstiterunt.

239 750 367 776 CCXXI.
403 751 454 775 DE
485 750 656 780 QUODAM
689 751 741 775 AB
772 751 861 776 IPSA
891 751 968 776 SUA
999 751 1249 777 NATIVITATE
1279 751 1521 789 CONTRACTO,
1554 754 1656 779 MIRO

535 817 646 843 MODO
677 818 732 843 AD
763 816 856 843 EJUS
887 817 1157 843 SEPULCHRUM
1189 818 1358 844 SANATO.

240 884 261 938 ἓ
288 885 384 926 609.
421 883 579 925 EADEM
607 883 672 925 die
695 884 864 939 quidam
885 884 937 925 ab
959 889 1078 925 utero
1099 885 1245 926 matris
1265 890 1503 928 contractus
1524 886 1706 938 advenit,

180 950 249 1004 qui
270 965 344 1005 pro
371 949 546 991 miseriae
572 965 655 992 suae
677 950 902 992 infortunio
933 951 1076 992 multis
1103 952 1146 992 in
1169 951 1409 1006 episcopatu
1437 953 1710 996 Dunelmensi

179 1017 418 1058 notissimus
438 1017 531 1058 fuit.
594 1017 679 1058 Hic
700 1017 877 1058 alterum
905 1017 1059 1072 pedum
1083 1017 1373 1072 retrogradum
1398 1019 1558 1070 habuit,
1581 1020 1709 1062 alium

179 1098 277 1125 vero
310 1098 528 1126 recurvum
564 1089 605 1124 et
640 1084 695 1125 ad
728 1099 893 1125 crurum
929 1082 1030 1125 fines
1064 1084 1268 1139 posterius
1304 1085 1558 1140 obligatum;
1593 1087 1709 1128 tibiae

180 1165 276 1191 vero
313 1148 401 1205 ejus
435 1155 557 1191 tortae
590 1155 631 1191 et
662 1149 856 1191 flexuosae
889 1150 1085 1204 quolibet,
1118 1151 1234 1191 velut
1263 1151 1447 1192 medulla
1481 1152 1567 1194 sine
1602 1168 1705 1196 osse.

181 1216 267 1257 Pro
289 1215 405 1271 cujus
432 1215 686 1258 infirmitatis
709 1216 969 1257 incommodo
1001 1217 1179 1259 scamnis
1208 1217 1368 1259 duobus
1398 1233 1557 1273 repens,
1579 1219 1709 1260 mani-

179 1283 257 1324 bus
282 1283 333 1324 de
357 1283 446 1323 loco
470 1283 524 1324 ad
551 1283 688 1324 locum
712 1283 935 1332 ferebatur,
959 1283 1055 1337 quia
1084 1283 1292 1338 gressibus
1323 1299 1465 1326 carens
1498 1300 1710 1340 nunquam

178 1349 300 1391 aliter
318 1349 475 1391 moveri
505 1350 838 1404 permittebatur.
902 1349 1117 1390 Praeterea
1146 1355 1186 1390 et
1208 1349 1399 1404 pollicem
1427 1366 1575 1393 manus
1606 1352 1709 1393 dex-

178 1420 280 1456 terae
302 1416 344 1457 in
367 1416 503 1456 medio
524 1416 651 1471 palmi
674 1415 789 1469 quasi
811 1415 1010 1457 radicitus
1035 1414 1211 1457 infixum
1236 1416 1396 1467 habuit,
1421 1416 1537 1472 cujus
1558 1419 1708 1473 unguis

179 1487 305 1523 acuta
325 1482 548 1536 posteritas
579 1481 880 1537 propemodum
901 1482 1030 1536 palmi
1061 1482 1268 1523 exteriora
1299 1484 1544 1537 penetravit.
1607 1485 1709 1527 Pro-

178 1548 274 1589 inde
295 1563 442 1590 manus
463 1549 534 1589 illa
554 1553 646 1589 tota
667 1548 906 1603 diriguerat,
927 1563 1002 1589 nec
1023 1548 1078 1589 ad
1099 1546 1271 1603 alicujus
1293 1549 1427 1604 operis
1448 1551 1704 1602 exercitium,

177 1619 344 1655 arcente
375 1614 451 1655 tali
482 1615 757 1664 incommodo,
787 1614 937 1655 habilis
974 1629 1060 1656 esse
1096 1620 1303 1669 potuerat.
1368 1615 1448 1668 Qui
1476 1632 1549 1671 per
1578 1632 1707 1660 annos

176 1681 314 1736 plures
344 1696 417 1736 per
437 1681 591 1722 multas
622 1680 766 1722 domos
788 1680 973 1722 ostiatim
1002 1681 1198 1721 victua-lia
1227 1681 1506 1732 mendicabat,
1538 1688 1578 1724 et
1606 1700 1704 1739 pau-

175 1762 316 1801 perem
343 1747 465 1789 nimis
495 1747 648 1789 ducens
668 1748 798 1789 vitam
826 1747 1040 1788 multoties
1068 1752 1245 1788 mortem
1273 1748 1347 1789 tali
1369 1748 1456 1790 vita
1483 1749 1706 1791 feliciorem
1754 1746 1757 1747 ⁷

174 1813 252 1854 sibi
273 1813 358 1854 fore
380 1814 616 1868 reputabat.

236 1881 257 1934 ᾗ
286 1881 382 1921 610.
420 1880 505 1920 Hic
529 1880 627 1921 dum
649 1880 704 1921 ad
725 1879 987 1934 sepulchrum
1008 1880 1085 1921 viri
1110 1880 1190 1920 Dei
1215 1881 1436 1935 procubuit
1461 1882 1644 1924 clamans
1664 1889 1706 1924 et

174 1944 345 2001 ejulans,
368 1962 468 1987 mox
501 1946 624 1988 tibias
649 1946 801 1987 direxit
823 1946 1029 2001 pedesque
1062 1946 1264 2001 paulatim
1297 1947 1543 2001 protendere
1571 1949 1710 2004 coepit,

173 2013 375 2066 multique
412 2013 481 2067 qui
518 2012 829 2062 circumsedere,
862 2012 1068 2066 quendam
1090 2013 1204 2054 velut
1233 2013 1454 2067 strepitum
1483 2016 1706 2057 murmuris

173 2093 340 2120 ossuum
369 2084 410 2120 et
432 2094 649 2120 nervorum
673 2093 760 2120 sese
788 2079 842 2119 ad
865 2079 1022 2119 directa
1044 2079 1301 2119 moventium
1333 2079 1513 2121 audiere.
1578 2081 1706 2123 Mane

173 2160 270 2185 vero
298 2145 410 2185 facto
442 2160 565 2186 sanus
595 2144 787 2194 surrexit,
820 2149 862 2185 et
894 2144 962 2198 qui
988 2159 1200 2198 nunquam
1231 2149 1355 2186 antea
1386 2146 1512 2200 pedes
1533 2147 1575 2188 in
1595 2153 1707 2189 terra

172 2209 297 2265 figere
332 2211 481 2265 potuit,
511 2208 602 2265 jam
632 2210 718 2251 sine
747 2210 918 2251 alterius
948 2210 1246 2252 sustentamine
1278 2226 1421 2266 gressu
1451 2213 1615 2268 proprio
1651 2215 1705 2255 ad

173 2277 363 2317 tumbam
385 2276 448 2318 sui
468 2276 700 2317 liberatoris
721 2276 920 2324 accessit3
958 2282 999 2317 et
1021 2277 1064 2318 in
1094 2283 1411 2319 monumentum
1442 2280 1551 2320 tanti
1581 2281 1703 2321 mira-

174 2342 266 2391 culi,
291 2357 458 2384 scamna
479 2343 626 2397 quibus
647 2343 844 2383 utebatur
865 2358 937 2397 pro
959 2343 1145 2398 pedibus,
1169 2343 1252 2384 illic
1273 2343 1447 2386 offerens
1472 2345 1703 2400 dereliquit.

175 2408 377 2449 Pollicem
396 2424 493 2450 vero
529 2409 590 2449 ita
618 2408 823 2449 directum
852 2409 1024 2463 protulit
1046 2424 1093 2450 ac
1122 2409 1155 2450 si
1186 2425 1396 2463 nunquam
1427 2411 1583 2465 aliquid
1611 2427 1705 2453 con-

173 2475 392 2516 tractionis
413 2475 526 2529 prius
547 2474 590 2515 in
619 2490 665 2515 eo
688 2475 940 2528 pertulisset,
963 2475 1028 2516 vel
1060 2475 1159 2516 mali
1181 2476 1391 2530 quippiam
1419 2476 1461 2517 in
1483 2492 1530 2518 eo
1559 2479 1704 2520 sensis-

175 2546 239 2581 set
256 2558 266 2588 ;
292 2546 336 2582 at
354 2546 496 2582 tamen
513 2555 673 2596 semper
694 2541 845 2582 rubens
866 2541 1030 2582 macula
1050 2541 1092 2581 in
1109 2542 1245 2582 medio
1267 2542 1395 2596 palmi
1416 2548 1561 2597 postea
1580 2559 1706 2599 appa-

176 2607 274 2657 ruit,
300 2622 389 2660 quae
413 2607 632 2662 vestigium
665 2606 873 2660 quondam
905 2606 1022 2648 infixi
1053 2607 1212 2661 pollicis
1239 2607 1339 2649 satis
1367 2609 1562 2650 ostendit.
1625 2611 1706 2663 Qui

178 2687 318 2713 coram
346 2673 537 2714 omnibus
570 2673 743 2728 pedibus
777 2673 951 2728 propriis
983 2673 1079 2713 inde
1113 2688 1235 2714 sanus
1268 2674 1382 2724 abiit,
1416 2679 1457 2715 et
1479 2676 1705 2717 multorum

178 2739 338 2779 animos
359 2739 413 2779 ad
433 2739 600 2780 laudem
621 2739 700 2780 Dei
723 2739 765 2780 in
784 2739 863 2779 hoc
883 2738 993 2780 facto
1015 2739 1242 2781 succendit.
1303 2739 1431 2796 Cujus
1451 2742 1706 2796 aegritudinis

182 2809 223 2844 et
242 2805 431 2846 sanitatis
455 2805 576 2846 multi
598 2805 749 2846 civium
772 2805 1116 2846 Dunelmensium
1137 2810 1265 2846 testes
1289 2806 1499 2857 exstitere,
1519 2808 1587 2861 qui
1612 2823 1705 2848 eum

182 2869 295 2923 prius
324 2869 533 2912 infirmum
570 2876 611 2912 et
638 2876 784 2926 postea
813 2871 981 2912 sanitati
1015 2871 1256 2912 restitutum
1288 2887 1527 2927 cognovere.
1591 2873 1708 2914 Inter
