1839 3186
536 235 594 266 ET
630 234 895 266 MIRACULIS
932 233 967 264 S.
995 232 1211 264 GODRICI.
1568 222 1647 261 38].

108 346 149 383 et
181 340 357 396 pectoris
379 340 517 380 dolore
542 353 736 394 oppressa
763 338 854 386 fuit,
878 337 987 392 quod
1022 337 1077 377 nil
1101 336 1268 377 omnino
1302 336 1437 391 operis
1459 350 1649 376 exercere

108 408 338 462 praevaluit.
398 406 503 447 Haec
540 405 741 446 invisendi
770 404 975 459 sepulchri
1004 403 1082 445 viri
1114 403 1194 443 Dei
1218 402 1421 443 desiderio
1444 416 1651 451 succensa,

107 489 205 515 mox
226 478 274 515 ut
308 474 350 514 in
371 473 516 514 itinere
547 472 682 526 posita
711 470 801 523 fuit,
841 475 1031 512 sanctum
1065 468 1097 509 J
1100 469 1306 510 ohannem
1339 468 1575 523 Baptistam
1612 484 1653 509 se

108 541 176 581 illo
198 555 325 594 usque
362 539 663 594 praecedentem
699 537 878 592 aspexit.
902 551 991 590 quae
1016 541 1063 576 ut
1099 535 1168 575 illo
1202 535 1404 589 pervenit,
1429 535 1650 575 sanitatem

109 607 265 648 diutius
298 606 470 647 dilatam
502 604 698 660 percepit.
769 602 896 658 Cujus
917 601 1170 643 infirmitatis
1191 607 1232 642 et
1254 601 1478 642 curationis
1500 601 1652 641 domna

108 674 197 728 ipsa
217 673 324 715 villae
348 687 441 713 cum
463 671 720 713 convicaneis
738 669 880 711 multis
904 668 1022 710 testis
1040 669 1210 709 assistit.

477 819 627 844 XXXIII.
660 819 711 843 DE
728 818 983 843 DAEMONIACA
1006 817 1062 842 IBI
1085 815 1299 841 LIBERATA.

169 920 187 972 ἓ
211 923 307 963 384.
345 920 456 960 ALIA
479 919 529 960 de
562 918 843 960 1Hamsteleie
867 917 1045 960 sedecim
1066 915 1185 958 annis
1206 931 1231 956 a
1253 914 1522 963 daemonibus,
1550 928 1651 968 quos

112 986 366 1027 Eumenides
406 991 569 1031 vocant.
614 986 675 1026 ita
722 985 893 1026 seducta
933 990 973 1025 et
1022 987 1272 1038 pergravata
1323 981 1499 1030 exstitit⁷
1543 980 1653 1034 quod

111 1068 274 1093 omnem
297 1053 475 1093 hominis
496 1066 659 1093 sensum
681 1057 754 1092 aut
786 1051 1043 1092 intellectum
1075 1064 1177 1104 pene
1200 1048 1366 1089 omnino
1395 1047 1648 1102 perdiderim

110 1134 202 1173 quae.
225 1125 363 1160 tamen
388 1118 642 1159 Dunelmum
658 1118 840 1166 veniens,
864 1117 963 1158 dum
984 1116 1127 1157 Sancti
1150 1114 1369 1156 Cuthberti
1391 1114 1653 1154 clementiam

109 1186 357 1240 imploravit,
383 1201 482 1226 mox
510 1199 734 1239 exsurgens
765 1184 817 1225 ab
853 1183 1050 1232 oratione,
1076 1182 1276 1223 Sanctum
1312 1180 1589 1222 Cuthbertum
1612 1179 1654 1220 in

113 1252 311 1293 Finchale
334 1268 374 1293 se
404 1250 745 1306 preegraclientem
763 1250 940 1305 aspexit.
1004 1249 1137 1301 Quem
1154 1248 1253 1288 dum
1275 1246 1344 1288 illo
1367 1245 1653 1300 subsequendo

110 1319 310 1373 pervenit,
332 1319 496 1360 libera-ri
531 1318 583 1358 ab
605 1317 715 1357 omni
739 1317 995 1358 daemoniaca
1030 1315 1240 1356 invasione
1268 1318 1309 1354 et
1345 1313 1532 1354 illusione
1563 1327 1655 1367 pro-

110 1385 274 1426 meruit.

608 1467 755 1491 xxxiv.
789 1467 840 1491 DE
862 1465 953 1491 V1su
972 1464 1158 1490 RECEPTO.

181 1567 198 1619 ᾗ
224 1570 322 1609 385.
356 1568 552 1620 QUAEDAM
575 1567 712 1622 puella
733 1566 784 1607 de
807 1566 926 1608 Novo
948 1564 1141 1615 Castello,
1163 1563 1297 1605 multo
1326 1568 1511 1619 tempore
1535 1577 1655 1611 caeca,

113 1634 169 1675 ibi
190 1634 344 1675 lumine
360 1634 540 1689 perfecte
561 1633 742 1681 reddito,
766 1638 827 1674 est
850 1637 1005 1673 curata.

582 1746 653 1802 [DE
675 1762 826 1787 DOLORE
847 1762 984 1787 connis
1005 1744 1195 1800 CURATO]

172 1849 189 1901 ᾧ
221 1850 319 1890 386.
352 1848 462 1888 ALIA
486 1845 675 1901 quaedam
700 1845 750 1886 de
774 1845 1052 1892 Gatesheved,
1078 1844 1271 1898 Sungeva
1292 1844 1471 1893 nomine,
1489 1848 1654 1884 tantum

115 1916 248 1956 cordis
282 1914 464 1955 dolorem
503 1928 574 1968 per
607 1927 735 1953 annos
776 1917 859 1952 tres
896 1926 1087 1966 perpessa
1122 1910 1269 1959 fuerat,
1308 1910 1418 1964 quod
1445 1924 1656 1963 nunquam

113 1997 260 2022 manus
282 1997 306 2022 a
333 1986 511 2035 pectore,
539 1979 676 2019 dolore
706 1977 832 2018 nimio
857 1978 1140 2032 compellente,
1162 1976 1321 2017 elevare
1343 1981 1561 2030 potuerat;
1586 1975 1656 2017 sed

112 2049 183 2089 ubi
208 2048 273 2088 illo
299 2047 525 2096 devenerit,
548 2050 635 2086 tam
660 2059 684 2085 a
706 2044 839 2085 cordis
862 2044 1001 2085 dolore
1023 2058 1147 2098 quam
1176 2058 1201 2083 a
1231 2042 1453 2083 ‘⁴'manuum
1484 2043 1657 2097 impres-

114 2115 226 2155 sione
247 2114 421 2155 liberata
441 2111 624 2154 recessit.

653 2210 725 2267 [DE
753 2227 848 2252 ALIA
878 2209 1074 2265 CURATA]

176 2313 193 2365 ξ
216 2310 313 2356 387.
347 2312 453 2352 ITEM
480 2312 561 2352 alia
582 2311 633 2352 de
666 2310 935 2359 ³O1·okestail‚
958 2308 1136 2349 Adeliza
1161 2307 1286 2357 dicta,
1315 2307 1368 2348 ab
1392 2306 1482 2361 ipsa
1502 2306 1656 2347 nativi-

117 2384 203 2420 tate
245 2379 428 2419 omnium
460 2378 739 2419 membrorum
778 2376 961 2417 dolorem
993 2390 1041 2416 ac
1077 2374 1389 2416 destitutionem
1423 2387 1555 2427 passa,
1599 2372 1655 2412 ibi

117 2451 178 2486 est
193 2451 350 2487 curata.

605 2526 736 2550 xxxv.
769 2525 820 2549 DE
842 2523 1022 2549 MULIERE
1042 2523 1165 2548 CAECA.

175 2628 197 2682 ἓ
221 2629 317 2668 388.
351 2626 456 2665 ITEM
479 2624 559 2665 alia
583 2623 633 2664 de
655 2623 799 2664 eadem
819 2622 917 2664 villa
937 2622 1058 2676 longo
1078 2626 1264 2675 tempore
1287 2634 1407 2664 caeca.
1431 2618 1487 2659 ibi
1517 2617 1654 2658 lumen

116 2693 283 2748 recepit.

165 2803 174 2823 ¹
205 2800 431 2847 Hamsteleie]
460 2801 550 2835 Now
569 2799 799 2844 Hamsteilcy,
817 2811 836 2831 a
855 2797 975 2843 village
992 2809 1072 2830 near
1090 2794 1410 2829 XVilton-le-XVear.

164 2850 177 2869 ²
205 2847 401 2893 Μαηηιιιη]
429 2848 608 2890 Mannum,
630 2846 690 2887 H.;
715 2857 828 2888 mann,
852 2845 894 2878 R.

164 2897 178 2917 3
207 2895 392 2931 Crolcestaic
410 2893 422 2940 ]
451 2896 482 2927 A
502 2893 621 2937 village
643 2904 723 2925 near
747 2890 957 2924 Sunderland
977 2889 1114 2932 Bridge,
1133 2887 1251 2920 within
1275 2886 1370 2919 three
1392 2884 1490 2918 miles
1508 2884 1548 2917 of
1567 2884 1655 2917 Dur-

119 2942 196 2975 ham
203 2969 210 2977 .
