1839 3186
513 236 572 266 ET
607 234 872 266 MIRACULIS
909 235 944 265 s.
971 234 1190 266 conarer.
1560 224 1613 269 75

80 339 190 381 tibus
230 338 273 380 in
310 338 458 380 aristas
496 343 802 394 consurgerent,
844 344 887 380 et
929 340 1079 381 futurae
1114 339 1317 381 ubertatis
1355 340 1512 394 optima
1543 356 1613 395 spe

81 404 395 454 fructificarent;
434 405 576 447 rustici
613 405 840 447 maximam
877 406 1135 447 1bidentium
1168 410 1209 447 et
1244 407 1367 447 boum
1400 407 1615 448 collectam

81 473 290 522 facientes,
327 472 369 513 in
403 487 549 527 agrum
583 487 704 526 quem
740 478 923 514 seruerat
954 473 1249 528 perducebant,
1288 477 1329 514 et
1366 472 1423 514 eis
1464 474 1613 515 exinde

81 539 318 580 alimoniam
351 544 533 593 pasturae
574 540 909 593 compensabant.
973 540 1232 594 Factumque
1260 544 1322 581 est
1353 545 1399 580 ut
1421 540 1615 581 animalia

81 606 171 660 ipsa
205 611 386 660 segetem
426 603 513 660 ejus
548 605 608 646 ita
641 605 763 646 dente
796 606 979 647 mordaci
1014 606 1272 662 depascendo
1311 612 1612 657 consumerent,

82 672 191 726 quod
224 672 350 713 etiam
378 671 488 727 ipsas
518 670 605 727 ejus
636 672 795 714 radices
832 673 882 714 de
916 678 1035 714 terrae
1068 674 1224 728 gremio
1254 672 1441 714 funditus
1476 674 1615 715 absor-

80 739 215 780 bendo
244 738 470 786 eruissent,
505 739 614 779 unde
641 739 701 780 ita
735 740 866 781 omnis
893 740 1059 782 seminis
1080 739 1342 781 fructificatio
1365 740 1616 795 depopulata

81 811 159 853 est,
197 805 307 860 quod
341 805 454 846 nulla
487 820 578 860 spes
614 805 743 847 futuri
782 806 878 847 boni
915 807 1110 848 derelicta
1142 812 1219 848 est.
1291 806 1427 859 Quare
1471 807 1614 848 rustici

80 872 303 927 plurimum
340 872 657 927 congaudentes,
693 873 913 915 cachinnos
945 874 1093 929 saepius
1122 873 1163 914 in
1196 889 1290 914 eum
1325 889 1490 914 movere
1512 874 1614 915 sole-

81 940 198 989 bant,
241 944 282 980 et
320 938 565 980 insultantes
603 939 639 980 ei
676 939 925 994 improperia
961 946 1002 981 et
1038 940 1218 982 convitia
1252 941 1506 994 frequentius
1542 941 1615 981 ad-

83 1021 223 1046 versus
264 1020 357 1046 eum
397 1005 645 1047 conserendo
674 1005 946 1061 jaculabant,
995 1007 1142 1061 quibus
1172 1023 1248 1048 nec
1289 1007 1356 1048 ille
1394 1007 1614 1061 aliquando

80 1087 320 1127 responsum
344 1071 539 1122 reddidit,
565 1072 636 1113 sed
653 1087 784 1127 neque
808 1073 978 1115 moleste
1005 1089 1145 1114 eorum
1166 1072 1337 1129 injurias
1371 1074 1580 1115 sustinuit.

148 1139 257 1190 §63⁸
295 1138 502 1180 Veniente
537 1139 664 1193 igitur
685 1140 916 1180 autumnali
952 1145 1148 1195 tempore,
1185 1145 1306 1181 tanta
1338 1141 1488 1195 segetis
1508 1142 1615 1182 mul-

81 1205 217 1246 titudo
253 1205 295 1245 in
320 1221 419 1260 agro
456 1205 493 1246 ei
523 1212 795 1256 succreverat,
828 1207 937 1260 quod
973 1222 1076 1262 pene
1120 1207 1289 1247 modum
1326 1208 1614 1249 aestimationis

80 1272 311 1313 excederet.
373 1272 483 1313 Nam
519 1272 602 1313 fere
623 1278 743 1314 tanta
764 1273 882 1328 copia
907 1289 1004 1328 ager
1028 1274 1094 1314 ille
1119 1274 1436 1323 redundaverat,
1462 1279 1509 1314 ut
1541 1274 1614 1315 tri-

80 1339 241 1393 pliciter
275 1338 554 1388 fructificasse,
584 1339 648 1380 vel
680 1340 807 1380 trium
836 1355 1029 1395 agrorum
1060 1340 1218 1382 fructus
1249 1340 1477 1395 pertulisse,
1502 1341 1614 1382 vide-

79 1410 206 1447 retur.
278 1405 400 1458 Quod
432 1406 494 1446 vir
527 1406 607 1446 Dei
642 1406 799 1456 videns,
825 1407 978 1461 gaudio
1009 1407 1195 1462 plurimae
1220 1407 1508 1449 exsultationis
1544 1423 1614 1448 ex-

78 1472 292 1522 hilaratus,
331 1472 480 1513 exinde
510 1488 722 1527 nunquam
755 1473 944 1515 laesiones
980 1473 1229 1515 rusticorum
1259 1474 1487 1529 pertimuit,
1519 1475 1613 1528 quia

81 1538 307 1579 Dominum
349 1539 411 1580 sui
451 1544 727 1594 protectorem
764 1545 805 1581 et
841 1539 1123 1596 coadjutorem
1160 1556 1246 1582 esse
1282 1541 1495 1596 persensit.
1571 1541 1613 1582 A

80 1605 223 1647 diebus
249 1605 377 1660 igitur
408 1606 488 1647 illis
512 1606 554 1646 in
583 1606 799 1660 reliquum,
824 1622 1036 1661 nunquam
1061 1607 1205 1648 rustici
1235 1607 1293 1648 illi
1314 1623 1613 1663 praesumpsere

78 1673 165 1726 agri
196 1672 304 1713 illius
332 1672 526 1714 invasisse
563 1672 831 1724 terrItorium,
869 1689 939 1715 seu
977 1674 1135 1715 fructus
1166 1673 1253 1729 ejus
1286 1674 1472 1715 demoliri
1505 1690 1615 1715 emo-

78 1738 323 1780 lumentum.
412 1739 539 1779 Unde
579 1739 676 1780 licet
712 1739 816 1780 illud
859 1741 1081 1795 Scripturae
1122 1741 1218 1782 huic
1262 1756 1348 1782 esse
1389 1740 1611 1792 consimile,

78 1805 188 1859 quod
208 1805 347 1846 Ysaac
380 1805 592 1859 prophetae
629 1821 698 1846 ore
731 1807 953 1860 personuit,
992 1807 1091 1847 dum
1124 1805 1206 1848 filio
1237 1807 1485 1848 benedicens
1506 1806 1611 1860 Qait,

80 1875 107 1895 ‘⁶
128 1871 251 1920 Ecce,
275 1871 375 1912 odor
407 1870 478 1912 filii
506 1871 588 1912 mei
610 1872 716 1913 sicut
749 1873 850 1914 odor
882 1873 969 1928 agri
1000 1873 1123 1928 pleni,
1157 1873 1222 1915 cui
1257 1874 1470 1915 benedixit
1499 1872 1614 1916 ³Do-

77 1937 255 1980 1ninus.''

123 2046 133 2067 ¹
155 2045 378 2092 Bidentium.l
406 2047 515 2093 Sheep
534 2048 571 2082 of
584 2054 649 2082 two
667 2060 764 2094 years
782 2048 849 2083 old.
1078 2050 1091 2070 2
1107 2050 1203 2097 Ait]
1231 2051 1319 2084 Gen.
1337 2052 1445 2086 xxvii.
1465 2053 1519 2087 27.

122 2094 136 2114 ³
155 2093 349 2140 Dominus]
379 2094 473 2128 Thus
490 2095 645 2128 narratcd
663 2095 708 2141 by
722 2096 779 2129 the
804 2107 1015 2141 anonymous
1033 2097 1144 2130 writer
1162 2100 1199 2130 of
1213 2097 1269 2131 the
1289 2098 1449 2132 Harlcian
1468 2099 1590 2144 legend
1605 2113 1612 2134 z

78 2139 268 2173 “Tandem
295 2147 332 2173 ut
359 2141 486 2174 victum
516 2141 579 2175 sibi
608 2142 741 2187 proprio
770 2142 884 2176 labore
914 2144 1132 2188 perquireret,
1161 2150 1283 2178 terram
1312 2145 1426 2178 fodere
1452 2147 1554 2191 coepit
1579 2153 1613 2179 et

77 2197 197 2230 serere,
222 2187 357 2220 hortum
376 2199 509 2232 quoque
525 2188 636 2221 facere
653 2189 839 2233 copiosum.
889 2190 1036 2230 Rustici,
1052 2190 1116 2223 hoc
1135 2191 1299 2234 videntes,
1322 2198 1458 2238 propter
1474 2205 1612 2238 pascuae

79 2232 337 2266 diminutionem
356 2234 519 2278 indignati
539 2241 627 2278 sunt,
646 2241 679 2268 et
703 2247 785 2279 quas
808 2241 962 2281 poterant
986 2236 1159 2270 molestias
1178 2237 1365 2271 inferebant
1382 2252 1390 2280 3
1417 2240 1495 2284 quia
1517 2239 1612 2273 locus

78 2279 147 2322 ille,
166 2291 265 2324 quem
286 2280 521 2324 seminaverat,
534 2281 622 2314 >olim
641 2281 771 2315 solebat
790 2294 863 2315 esse
881 2283 1071 2316 communis
1091 2295 1249 2328 pascuus.
1277 2284 1507 2327 Quamobrem
1527 2287 1615 2321 circa

76 2325 202 2359 festum
228 2327 342 2360 Sancti
369 2326 546 2371 Johannis,
571 2339 648 2361 cum
675 2339 770 2372 seges
794 2329 908 2362 Sancti
928 2329 1067 2363 Godrici
1086 2337 1236 2375 surgeret
1259 2331 1294 2364 in
1312 2332 1442 2375 aristas,
1462 2333 1612 2367 immise-

76 2377 155 2405 runt
173 2373 205 2405 in
224 2385 298 2406 eam
323 2373 578 2407 multitudinem
601 2374 704 2407 boum
731 2380 764 2408 et
782 2376 895 2408 ovium
913 2388 921 2416 3
947 2388 966 2409 a
984 2376 1105 2420 quibus
1123 2377 1207 2410 adeo
1226 2377 1366 2423 depasta
1384 2385 1445 2422 est,
1464 2386 1501 2413 ut
1518 2380 1612 2413 nulla

77 2429 153 2463 spes
170 2419 342 2452 fructuum
359 2426 557 2454 remaneret.
609 2421 752 2466 Insuper
769 2422 877 2455 virum
901 2421 965 2455 Dei
990 2423 1116 2468 saepius
1143 2423 1340 2458 deridebant
1364 2432 1397 2459 et
1420 2426 1612 2471 frequenter

79 2465 109 2497 ei
134 2472 321 2499 remaneret
350 2465 431 2512 [ita]
452 2467 533 2500 vitia
556 2467 608 2513 [ei
623 2468 775 2501 convicia
789 2467 819 2514 2]
847 2468 1055 2513 ingerebant.
1107 2468 1185 2515 Ipse
1203 2482 1279 2504 vero
1297 2483 1360 2505 nec
1378 2474 1549 2518 respondit
1567 2474 1610 2507 ad

78 2512 235 2555 convitia,
266 2524 328 2545 nec
360 2513 501 2556 injurias
528 2513 671 2547 moleste
701 2514 873 2549 sustinuit.
932 2515 1142 2549 Succedente
1168 2523 1344 2561 autumno,
1372 2525 1465 2552 tanta
1498 2532 1609 2553 messe

76 2557 222 2602 repletus
237 2565 288 2592 est
305 2571 383 2603 ager
400 2559 456 2592 ille
474 2560 645 2605 depasti1S‚
671 2566 708 2593 ut
725 2560 948 2595 fructificasse
965 2562 1142 2606 tripliciter
1165 2563 1345 2599 videretur,
1395 2566 1526 2599 Rustici
1546 2566 1610 2599 hoc

77 2603 240 2648 videntes,
258 2617 430 2650 nunquam
448 2613 566 2651 postea
583 2606 635 2639 vel
654 2607 688 2639 in
705 2607 836 2640 fructus
855 2608 906 2641 vel
930 2609 963 2641 in
981 2614 1103 2642 terram
1122 2609 1229 2654 ipsius
1252 2611 1380 2655 aliquid
1405 2624 1609 2657 praesumere

76 2652 359 2695 temptaverunt.'⁷
